2038 3400
380 254 450 290 342
864 253 1082 291 L11TERAE
1109 254 1467 299 QqumMEsTREs

336 361 514 393 senatus
549 362 698 393 noster
739 359 919 393 strenue
952 355 1242 394 orthodoxam
1280 356 1539 407 religionem
1575 362 1736 394 tuetur.
1774 357 1962 394 Senatus

337 428 582 466 consultum
606 432 759 466 contra
780 426 1031 466 haereticos
1052 427 1214 466 factum
1237 432 1318 475 est,
1338 427 1455 478 quod
1477 432 1729 466 senatorum
1751 428 1869 466 iussu
1891 427 1962 465 die

337 498 509 538 decimo
546 498 817 549 Septembris
855 500 909 537 M.
948 499 1166 537 Henricus
1200 500 1354 538 noster
1388 497 1623 549 Dionysius
1658 507 1675 524 ἃ
1714 499 1754 537 in
1794 512 1962 537 summo

336 571 500 621 templo
523 570 542 595 b
565 583 588 608 e
611 574 825 621 suggestu
857 568 1108 620 publicauit.
1134 570 1280 608 Faciat
1312 571 1446 617 Deus,
1480 575 1524 608 ut
1556 570 1657 608 huic
1678 569 1862 608 decreto
1895 584 1963 608 ze-

336 642 456 680 losus
478 641 754 692 praeficiatur
777 647 1010 680 executor.
1035 641 1078 680 S.
1103 641 1153 680 C.
1178 647 1195 666 ⁰
1216 641 1348 680 latine
1380 647 1618 693 Vtcumque
1649 641 1868 680 redditum
1899 642 1965 680 his

336 713 473 752 literis
503 713 716 751 inclusum
748 713 962 751 mittimus
994 715 1019 751 ¹.
1055 714 1294 751 Praeterea
1323 713 1453 751 missa
1482 714 1679 764 precaria
1713 713 1780 751 his
1811 713 1966 751 diebus

339 786 562 823 celebrata
583 784 676 823 fuit.
702 784 836 823 Multa
858 785 972 824 enim
994 785 1352 836 periclitabantur
1381 789 1560 836 propter
1595 784 1769 823 nimiam
1799 784 1966 824 siccita-

338 862 443 903 tem,
474 855 553 894 sed
584 854 730 893 statim
763 861 913 906 optata
943 855 1024 894 fuit
1054 855 1156 894 data
1184 855 1344 907 pluuia.
1381 856 1501 894 Bene
1534 868 1640 907 erga
1670 869 1750 894 nos
1781 856 1968 894 affectus

341 933 407 967 est
428 932 620 966 senatus.
645 927 854 966 Nonnulli
875 928 1103 979 portiones
1126 931 1191 977 (vt
1212 928 1392 977 vocant)
1414 928 1455 965 in
1486 932 1638 965 nostro
1663 928 1853 978 collcgio
1876 927 1968 965 fun-

339 998 443 1038 dare
465 998 688 1050 incipiunt.
713 998 855 1037 Vidua
876 998 1090 1050 quaedam
1113 998 1235 1046 duas,
1261 998 1497 1037 canonicus
1519 997 1668 1037 itidem
1692 998 1825 1037 credo
1844 998 1967 1037 duas.

341 1071 392 1109 D.
417 1069 695 1109 Burchardus
717 1074 744 1117 ²,
771 1075 988 1121 cognatus
1010 1071 1061 1109 D.
1087 1070 1264 1120 Canisij,
1301 1081 1416 1108 nunc
1451 1082 1529 1108 sex
1559 1069 1787 1121 portiones
1818 1069 1968 1108 funda·
2005 1081 2010 1086 ·

340 1141 415 1180 uit.
454 1141 662 1193 Singulae
698 1153 842 1180 annue
875 1141 1085 1180 valebunt
1120 1152 1170 1191 24
1201 1141 1433 1180 carolinos
1472 1142 1570 1180 Hoc
1599 1142 1971 1193 neomagensibus

341 1215 522 1253 multum
543 1213 720 1265 placuit,
760 1213 956 1252 nonnulli
979 1213 1177 1252 fortassis
1211 1213 1508 1252 imitabuntur.
1534 1213 1680 1253 Aliter
1710 1213 1847 1253 etiam
1870 1213 1889 1239 ‘¹
1910 1214 1971 1252 iu-

342 1291 498 1325 uantur
538 1297 755 1337 pauperes
792 1284 992 1336 discipuli
1031 1285 1184 1324 nostri.
1224 1285 1350 1323 Plura
1384 1285 1470 1323 hoc
1504 1290 1705 1336 tempore
1741 1283 1973 1324 scribenda

342 1372 428 1397 non
466 1361 718 1405 occurrunt,
757 1357 853 1396 R.‘¹0
885 1358 955 1396 Pr.
997 1357 1171 1405 [Preces
1201 1357 1407 1407 postulat
1441 1358 1480 1396 et
1510 1357 1610 1396 vale
1646 1356 1786 1406 dicim
1828 1357 1972 1396 Pridie

345 1427 625 1469 exaltationis
648 1441 802 1467 sacrae
825 1428 995 1476 Crucis,
1020 1441 1133 1467 anno
1161 1436 1274 1477 1559.
1299 1428 1528 1467 Coloniae.

423 1503 485 1540 Ex
509 1500 713 1540 mandato
739 1501 828 1540 Κῶ
853 1502 899 1539 Ρ.
924 1499 1158 1540 Leonardi.
1184 1500 1383 1539 Minimus
1406 1501 1454 1540 R.
1480 1500 1763 1539 Paternitatis
1785 1502 1836 1540 V.
1862 1501 1973 1540 filius

1412 1590 1590 1627 IOANNEs
1622 1589 1809 1627 RETHms
1838 1596 1866 1628 ³.

423 1717 532 1756 Alia
555 1730 710 1756 ιιιαηιι.
736 1715 994 1755 Emendata.
1021 1714 1224 1753 Mandata
1244 1727 1268 1753 a
1289 1716 1477 1765 Spagna,
1501 1714 1690 1753 Genoua
1712 1719 1818 1762 etc.,
1846 1715 1974 1752 Fran—

344 1789 426 1837 cia,
457 1788 630 1839 Napoli.

425 1859 590 1911 sigilli
610 1858 871 1911 vestigium.

392 2066 410 2084 a
443 2064 591 2096 noster.
658 2058 724 2084 -b
762 2057 801 2093 in
829 2069 908 2104 quo
943 2056 1211 2093 ecclesiasten
1247 2055 1346 2101 agit.
1414 2063 1475 2080 —0
1510 2053 1687 2091 Senatus
1730 2055 1974 2091 consultum.

349 2142 364 2144 -
394 2119 412 2144 ‘¹
430 2118 537 2155 Aliis
557 2117 681 2156 etiam
702 2117 840 2154 modis.

399 2309 404 2327 ¹
458 2307 668 2344 Invenitur
688 2307 728 2344 in
749 2305 891 2344 eodem
910 2304 996 2341 cod.
1018 2303 1085 2340 fol.
1110 2303 1220 2340 171³.

397 2368 410 2387 ‘²
460 2367 701 2404 Franciscus
718 2364 991 2408 ssurchardus,
1008 2363 1297 2410 archiepiscopi
1313 2363 1554 2400 coloniensis
1566 2360 1837 2400 cancellarius
1866 2361 1977 2398 HAN-

349 2438 438 2470 SEN,
458 2426 528 2463 292

398 2487 411 2507 ³
462 2485 526 2524 Cf.
549 2486 650 2524 Lz'tt.
670 2485 922 2533 Quadrima,
946 2483 998 2529 V,
1019 2483 1100 2520 237.
