2038 3400
360 254 430 293 324
851 256 1071 295 LITTERAE
1097 256 1458 303 QUADRIMESTRES

315 357 413 397 dam
435 359 542 398 ciuis
576 365 752 398 nostros
773 361 1046 399 relaxatione
1086 361 1215 399 animi
1247 360 1533 412 corporisque
1564 360 1842 399 recreatione
1865 359 1946 397 hac

315 437 483 470 aestate
507 444 657 483 egere,
682 446 767 483 quo
789 433 953 471 factum
977 439 1044 472 est
1066 439 1112 471 ut
1133 446 1352 483 nunquam
1373 432 1592 484 quieuerit
1614 432 1686 470 ille
1709 431 1852 471 donec
1872 432 1949 469 ho-

314 508 442 541 nesto
465 516 517 542 ac
536 504 701 554 pietate
723 504 853 554 pleno
877 504 1082 543 conuiuio
1105 510 1358 543 nostrorum
1378 507 1621 556 permultos
1642 504 1684 542 in
1702 517 1780 542 suo
1803 515 1947 541 amoe-

314 572 492 612 nissimo
535 575 785 625 excepisset
832 576 982 624 horto,
1026 576 1206 626 eiusque
1246 576 1265 594 ἃ
1303 576 1473 627 copiam
1513 576 1710 615 fecisset.
1752 574 1949 612 Nouerat

314 651 547 697 praeterea
578 659 632 684 ex
662 647 917 697 primatibus
949 647 1139 686 ciuitatis
1169 647 1344 698 quidam
1366 647 1474 686 alius
1508 660 1589 686 nos
1618 660 1769 698 parum
1799 646 1841 684 in
1863 647 1950 684 col-

315 718 431 769 legio
464 718 551 756 uini
581 719 763 765 habere3
798 718 921 756 iussit
953 724 998 756 ut
1032 719 1174 758 modis
1205 720 1406 758 omnibus
1436 732 1524 757 non
1553 731 1687 770 parua
1716 717 1804 756 uini
1825 718 1952 768 copia

314 791 383 827 nol
407 790 440 827 is
481 789 807 828 obtruderetur.
852 791 993 829 Parua
1027 790 1206 841 quidem
1245 791 1356 829 haec
1396 791 1678 837 uidebuntur,
1721 789 1799 827 sed
1838 801 1950 839 quae

315 867 562 912 promptum
584 865 731 899 tamen
764 867 808 899 et
829 861 1097 900 beneuolum
1121 875 1274 900 eorum
1304 862 1346 900 in
1382 875 1462 900 nos
1493 863 1686 900 animum
1708 860 1948 899 declarent.

315 931 579 983 Amplissimi
600 945 708 971 uero
732 932 986 983 Hungariae
1019 933 1254 980 antistites,
1279 945 1331 971 ac
1361 932 1502 971 totius
1528 933 1571 971 in
1605 932 1753 983 primis
1774 932 1951 982 Hunga-

314 1004 404 1042 riae
422 1003 603 1054 primus
634 1003 992 1056 archiepiscopus
1024 1004 1330 1056 strigoniensis
1364 1011 1389 1052 ¹,
1420 1010 1588 1043 tantum
1610 1004 1829 1043 Patribus
1854 1016 1951 1041 nos-

316 1075 398 1114 tris
419 1075 648 1115 doctrinae
681 1081 723 1114 et
755 1076 1034 1115 authoritatis
1055 1077 1074 1101 b
1096 1077 1293 1115 tribuunt
1315 1082 1360 1115 et
1390 1075 1721 1124 sanctimoniae,
1744 1080 1951 1127 quantum

316 1149 458 1186 nullus
478 1155 495 1173 C
517 1148 599 1187 sibi
616 1160 824 1199 arrogare
848 1148 1051 1196 auderet3
1071 1148 1304 1187 conferunt
1322 1148 1378 1186 de
1396 1148 1528 1187 rebus
1546 1160 1674 1198 quam
1690 1147 1881 1199 plurimis
1902 1159 1952 1185 ac

316 1220 514 1258 maximis
546 1232 644 1258 cum
676 1220 738 1258 eis
768 1233 1094 1270 nonnunquam,
1128 1232 1179 1258 ac
1201 1219 1257 1258 de
1292 1219 1419 1258 nobis
1451 1219 1653 1258 omnibus
1676 1219 1842 1270 optime
1864 1230 1952 1256 me-

319 1291 405 1329 reri
436 1291 725 1330 contendunt.
758 1291 1030 1341 Eademque,
1064 1296 1110 1329 ut
1140 1292 1183 1330 in
1204 1303 1372 1343 genere
1402 1292 1555 1342 loquar
1585 1290 1807 1341 (exempla
1837 1290 1952 1328 enim

316 1363 371 1401 de
399 1363 580 1413 singulis
602 1362 644 1400 in
666 1361 858 1400 medium
889 1362 1066 1409 afferre,
1101 1367 1219 1401 esset
1249 1362 1466 1413 prolixum
1497 1362 1766 1412 admodum),
1799 1361 1953 1412 reliqui

319 1447 472 1472 omnes
509 1434 817 1472 ecclessiarum
853 1446 941 1472 non
976 1433 1283 1484 vngaricarum
1318 1432 1468 1481 modo,
1506 1433 1585 1472 sed
1619 1433 1799 1472 aliarum
1822 1432 1953 1470 etiam

319 1506 561 1556 praesules,
585 1504 716 1543 animi
736 1505 778 1542 in
807 1516 887 1543 nos
910 1510 1009 1543 sunt
1029 1505 1345 1555 propensione,
1369 1504 1501 1556 idque
1522 1517 1611 1543 non
1645 1505 1786 1543 solum
1806 1502 1953 1541 uerbis

318 1577 396 1616 sed
429 1577 556 1616 factis
584 1577 779 1628 planum
815 1576 1002 1616 omnino
1039 1590 1092 1616 ac
1127 1576 1276 1617 literis
1308 1580 1521 1615 testatum
1556 1576 1820 1626 relinquunt.
1862 1575 1953 1613 Fla-

318 1649 461 1701 granti
481 1649 625 1688 animo
650 1649 875 1688 cuiusdam
898 1662 921 1687 e
957 1648 1118 1687 nostris
1140 1647 1342 1687 Patribus
1373 1648 1562 1687 reditum
1585 1661 1641 1687 ex
1662 1648 1876 1699 Augusta,
1911 1652 1954 1684 et

316 1720 586 1759 desiderauit
616 1719 704 1768 diu,
743 1725 787 1758 et
823 1720 972 1770 paucis
1007 1720 1166 1759 abhinc
1200 1719 1356 1758 diebus
1390 1719 1702 1758 humanissime
1736 1718 1757 1744 ‘¹
1779 1717 1955 1768 excepit

315 1793 566 1844 strigoniae
588 1792 963 1842 archiepiscopus,
993 1804 1091 1830 cum
1116 1791 1277 1830 eodem
1298 1790 1494 1843 pluribus
1516 1790 1571 1829 de
1602 1791 1734 1829 rebus
1762 1802 1850 1828 non
1870 1789 1954 1828 iam

318 1866 456 1904 semel
479 1865 680 1912 contulit,
704 1878 756 1903 ac
776 1869 823 1903 ut
844 1877 1008 1903 nouum
1030 1864 1263 1903 Tirnauiae
1295 1864 1533 1915 collegium
1568 1863 1731 1902 nostris
1758 1863 1954 1900 institua-

315 1943 384 1976 tur
406 1950 574 1976 summa
595 1935 883 1975 contentione
904 1936 1071 1984 nititur,
1094 1935 1351 1987 saepissime
1386 1940 1563 1974 nostros
1583 1935 1639 1974 ad
1659 1947 1707 1973 se
1729 1939 1877 1981 uocat3
1894 1934 1954 1971 in-

316 2009 466 2048 terfuit
488 2009 768 2060 germanicae
798 2020 1109 2059 nonnunquam
1131 2008 1183 2045 D.
1208 2008 1431 2046 Lamberti
1453 2006 1466 2024 ²
1488 2006 1708 2053 concioni,
1733 2005 1847 2044 curis
1869 2017 1954 2042 ma-

322 2081 446 2120 ximis
468 2081 666 2131 quamuis
688 2079 880 2130 undique
904 2080 1222 2130 circunseptus.
1247 2079 1440 2130 Cupiunt
1462 2078 1634 2129 plurimi
1654 2089 1759 2116 suos
1779 2077 1821 2114 in
1856 2089 1955 2114 nos-

318 2159 384 2191 tro
422 2153 645 2199 conuictu,
687 2152 721 2189 si
760 2151 934 2202 quando
970 2152 1071 2190 hinc
1106 2163 1204 2189 cum
1242 2162 1423 2190 caesare
1460 2150 1529 2188 uel
1562 2149 1647 2188 alio
1683 2147 1913 2193 recedunt,
1938 2156 1954 2170 t·

317 2224 671 2275 consanguineos
693 2223 959 2273 relinquere,
981 2235 1149 2274 eosque
1171 2223 1252 2261 sub
1273 2227 1425 2261 nostra
1437 2221 1603 2273 fer-ula
1625 2220 1635 2244 f
1654 2219 1738 2270 pijs
1760 2219 1954 2257 moribus

319 2309 369 2334 ac
393 2296 568 2346 optimis
590 2307 750 2333 uacare
774 2293 949 2333 actibus
970 2301 1007 2342 g,
1031 2294 1162 2345 idque
1184 2307 1264 2345 pro
1287 2305 1448 2345 magno
1472 2305 1576 2330 sane
1599 2295 1803 2341 reputant
1825 2289 1859 2327 si
1881 2290 1955 2327 ob-

317 2367 456 2405 tinere
493 2371 670 2417 queant.
717 2366 913 2404 Tantam
935 2367 985 2404 de
1018 2379 1063 2404 se
1097 2364 1249 2405 nostri
1285 2377 1440 2403 omnes
1473 2366 1594 2414 spem
1630 2363 1752 2412 apud
1787 2373 1952 2407 omnes,

316 2450 432 2487 qnae
453 2437 536 2476 Dei
560 2437 655 2488 Opt.
693 2437 832 2476 Max.i
858 2438 920 2476 est
943 2436 1138 2483 bonitas,
1159 2435 1391 2476 concitant
1414 2437 1548 2485 atque
1570 2435 1772 2479 tuentm·;
1796 2445 1882 2482 quo
1896 2432 1952 2483 fit

320 2512 364 2548 nt
386 2510 567 2560 ipsemet
589 2511 607 2534 ¹¹
630 2510 850 2561 Vngariae
873 2508 1012 2548 totius
1034 2522 1196 2560 prorex
1218 2521 1345 2548 suum
1371 2507 1557 2547 omnino
1579 2505 1783 2545 statuerit
1804 2505 1953 2551 filium,

362 2714 381 2733 a
431 2714 471 2750 in
491 2718 709 2759 posterum.
776 2714 841 2739 ——b
864 2718 1023 2759 patrum
1055 2718 1330 2750 nostrorum...
1366 2710 1617 2747 authoritati.
1683 2716 1747 2733 —0
1770 2709 1953 2747 Emewd.

317 2786 366 2811 ex
385 2773 453 2809 uix
473 2774 593 2809 ullus.
647 2773 713 2797 -11
735 2785 840 2809 eum.
896 2780 961 2798 —0
982 2785 1088 2810 suos.
1143 2773 1201 2797 --f
1228 2772 1492 2808 institutione.
1549 2776 1615 2798 -Ξ
1637 2767 1868 2814 disciplinis

365 2835 383 2857 ¹¹
430 2833 537 2869 inter
557 2845 669 2879 quos.

369 3022 374 3039 ¹
430 3018 623 3056 Nicolaus
643 3018 813 3055 Olahus.

370 3080 382 3097 '⁸'
434 3078 475 3114 P.
497 3077 743 3114 Lambertus
762 3077 892 3113 Auer.
