2038 3400
385 232 452 270 178
873 232 1094 272 LirrERAE
1120 234 1479 281 QUADRIMESTRES

334 335 504 375 accedit
529 336 724 375 discendi
749 341 791 375 et
813 336 1018 376 audiendi
1041 337 1359 389 cupidissimus,
1385 350 1481 376 cum
1504 338 1558 376 sit
1578 337 1751 375 interim
1773 336 1838 375 uir
1860 335 1965 375 mul-

333 410 387 446 tis
411 409 552 446 modis
569 410 788 448 excellens
811 417 843 448 ἃ.

391 491 450 518 10.
513 482 747 519 Caeterum
769 480 824 518 de
847 481 1053 519 studiosis
1077 481 1268 530 collegij,
1293 494 1402 531 quos
1424 494 1501 532 pro
1525 480 1854 518 conuictoribus
1876 491 1963 517 non

331 563 496 600 paucos
517 552 685 599 alimus,
710 553 793 590 iam
816 554 916 591 ante
937 553 955 576 b
979 552 1187 603 scriptum
1210 558 1290 590 est.
1316 553 1628 590 Abhorrebant
1654 551 1715 589 illi
1749 552 1962 589 hactenus

331 633 355 658 a
377 622 507 675 talari,
523 629 647 660 ueste
669 623 906 673 habituque
929 623 1121 670 decenti,
1145 636 1274 674 quem
1297 624 1350 661 ab
1372 623 1454 661 illis
1473 623 1774 674 exigebamus.
1800 623 1961 660 Verum

330 706 444 731 nune
465 695 579 744 (Deo
601 695 713 744 laus)
736 700 778 733 et
800 695 881 733 illis
903 695 1005 746 ipsis
1027 700 1176 745 gratus
1197 696 1267 733 hic
1290 700 1358 733 est
1378 696 1566 742 habitus,
1588 699 1631 733 et
1655 694 1819 746 exteris
1842 707 1958 732 com-

332 766 579 805 mendatur.
606 768 807 817 Plerique
830 767 884 805 ad
906 779 985 804 nos
1008 767 1122 805 ultro
1146 766 1369 805 deducunt
1390 767 1502 805 filios
1524 767 1565 805 in
1589 766 1778 817 collegio
1810 771 1962 804 nostro

329 838 637 886 instituendos,
661 838 773 877 adeo
798 838 914 888 cepit
937 839 1067 876 etiam
1091 838 1223 889 uulgo
1246 838 1357 876 haec
1379 838 1495 876 uitae
1516 839 1693 889 placere
1716 836 1961 887 disciplina,

328 909 407 947 Sed
436 909 523 948 loci
550 910 750 960 angustia
779 909 1000 959 prohibet,
1026 909 1257 960 quominus
1280 909 1416 947 oblati
1438 908 1717 959 recipiantur.
1742 908 1830 946 Iam
1853 920 1960 946 uero

327 980 566 1019 lectionum
588 987 604 1006 c
627 980 736 1019 ordo
759 986 890 1031 atque
914 980 1116 1019 classium
1139 980 1251 1017 inter
1275 992 1322 1017 se
1345 980 1581 1027 connexio,
1606 979 1833 1030 diligentia
1853 979 1960 1017 item

326 1065 377 1090 ac
407 1053 548 1103 pietas
578 1059 917 1104 praeceptorum
948 1052 989 1089 in
1026 1051 1267 1089 erudienda
1300 1051 1519 1103 frequenti
1555 1052 1802 1099 iuuentute,
1839 1064 1962 1102 prae-

326 1124 441 1162 clare
476 1123 692 1174 procedit,
727 1124 943 1174 cultisque
972 1123 1133 1174 passim
1163 1122 1386 1172 probatur.
1413 1123 1559 1161 Danus
1593 1122 1768 1173 quidam
1790 1135 1877 1161 non
1899 1122 1959 1160 in-

325 1194 497 1242 doctus,
521 1207 665 1246 neque
687 1195 860 1233 infimae
883 1194 1162 1241 conditionis,
1186 1193 1256 1243 qui
1285 1195 1379 1244 regi
1408 1195 1669 1245 scriptorem
1699 1193 1958 1244 praebebat,

324 1267 627 1317 longissimum
669 1269 750 1306 iter
787 1280 993 1305 emensus
1027 1268 1113 1304 huc
1148 1278 1196 1304 se
1232 1265 1432 1313 contulit,
1470 1266 1608 1303 nostri
1646 1264 1840 1316 collegij,
1873 1270 1920 1302 vt
1942 1264 1961 1289 d

323 1338 532 1386 creditur,
556 1339 671 1377 fama
694 1339 928 1385 excitatus3
961 1340 1033 1389 qui
1063 1339 1270 1377 ardenter
1300 1343 1421 1389 optat
1442 1337 1671 1375 nobiscum
1694 1336 1957 1375 contrahere

321 1410 676 1457 familiaritatem,
702 1423 912 1460 suamque
934 1411 1060 1449 nobis
1085 1423 1263 1461 operam
1285 1410 1405 1448 dare.
1429 1410 1527 1447 Duo
1550 1409 1855 1447 viennensium
1883 1408 1956 1457 filij

321 1481 648 1529 adolescentes,
681 1495 778 1520 cum
811 1494 865 1519 ex
897 1482 979 1520 hac
1010 1482 1162 1520 schola
1192 1482 1308 1520 missi
1340 1482 1382 1519 in
1412 1481 1698 1531 longinquum
1729 1480 1956 1529 abijssent,

320 1554 477 1592 litteris
500 1555 587 1592 suis
609 1553 662 1592 ad
684 1560 891 1604 parentes
913 1552 1025 1592 datis
1053 1553 1288 1605 diligenter
1320 1558 1522 1604 egerunt,
1557 1558 1603 1590 ut
1633 1551 1688 1590 ad
1719 1552 1954 1602 collegium

320 1625 495 1676 aliquod
512 1626 699 1664 instituti
715 1626 870 1673 nostri,
895 1626 966 1664 ubi
988 1639 1120 1677 porro
1143 1626 1491 1671 instituerentur,
1515 1624 1816 1675 peruenirent,
1839 1623 1957 1674 quod

318 1697 419 1735 alibi
440 1709 584 1748 neque
607 1698 648 1734 in
671 1696 842 1747 studijs,
866 1710 1011 1748 neque
1034 1698 1075 1736 in
1097 1696 1265 1748 pietate
1286 1697 1475 1735 fructum
1499 1696 1682 1734 similem
1706 1708 1753 1733 se
1781 1708 1956 1733 assecu-

318 1775 440 1807 turos
470 1774 690 1820 putarent.
725 1768 791 1806 Ad
821 1770 933 1807 haec
962 1774 1148 1820 quatuor
1181 1780 1364 1820 magnae
1401 1768 1492 1818 spei
1521 1767 1850 1815 adolescentes,
1879 1767 1956 1805 ho-

317 1847 444 1880 nesto
468 1842 566 1880 loco
588 1842 692 1888 nati,
725 1843 876 1892 paucis
907 1842 1065 1880 abhinc
1095 1841 1266 1888 diebus,
1300 1853 1324 1878 a
1353 1839 1607 1891 parentibus
1639 1840 1724 1878 huc
1755 1839 1874 1878 missi
1903 1852 1955 1877 ac

316 1912 420 1950 fidei
450 1919 628 1951 nostrae
661 1912 957 1951 commendati
989 1918 1102 1960 sunt,
1136 1913 1396 1964 praesertim
1419 1912 1536 1963 quod
1559 1912 1671 1950 sicut
1694 1912 1782 1949 suis
1803 1911 1881 1962 ipsi
1912 1910 1955 1948 li-

317 1984 422 2021 teris
442 1990 649 2034 parentes
672 1990 904 2031 testantur,
929 1984 1079 2022 nullibi
1109 1988 1182 2022 aut
1214 1985 1378 2022 rectius
1408 1988 1481 2022 aut
1514 1984 1720 2030 sanctius,
1754 1995 1881 2033 quam
1913 1982 1954 2019 in

317 2056 401 2094 hoc
418 2068 628 2094 caesareo
653 2057 843 2107 collegio
865 2057 1071 2094 iuuentus
1092 2055 1257 2094 institui
1280 2061 1528 2094 censeatur.

374 2138 433 2166 11.
494 2128 781 2166 Exhibuimus
804 2133 848 2166 et
870 2127 1010 2175 Δραμμα
1042 2128 1135 2165 siue
1167 2126 1429 2174 comediam,
1463 2139 1574 2177 quae
1607 2125 1852 2164 dominicae
1883 2137 1948 2162 re-

315 2200 601 2237 surrectionis
623 2200 782 2238 seriem
806 2205 850 2237 et
871 2200 1099 2237 historiam
1122 2198 1510 2249 complecteretur.
1538 2198 1621 2235 Res
1653 2196 1833 2234 mirifice
1864 2196 1951 2246 pla-

316 2271 418 2318 cuit,
452 2278 498 2309 ut
528 2272 656 2309 nobis
687 2272 922 2309 multorum
953 2270 1121 2309 animos
1152 2276 1225 2309 aut
1257 2270 1499 2308 conciliarit
1534 2275 1608 2307 aut
1639 2268 1949 2314 reconciliarit;

312 2355 410 2380 nam
433 2346 608 2381 actores
631 2343 690 2380 ita
713 2355 790 2380 suo
815 2354 996 2380 munere
1018 2342 1156 2380 functi
1179 2348 1292 2389 sunt,
1314 2346 1358 2379 ut
1383 2346 1426 2379 et
1448 2340 1706 2379 iucunditati
1739 2346 1782 2377 et
1817 2338 1951 2377 adrni-

313 2414 470 2451 rationi
503 2419 650 2451 essent
685 2414 1023 2464 spectatoribus.
1057 2411 1183 2451 Vnde
1212 2412 1375 2451 factum
1398 2411 1529 2449 etiam
1554 2410 1757 2449 existimo
1781 2415 1826 2448 ut
1848 2415 1950 2460 post

311 2498 475 2536 paucos
497 2484 592 2524 dies
613 2484 925 2536 discipulorum
947 2497 1168 2532 numerus,
1190 2484 1273 2523 etsi
1294 2495 1568 2534 nequaquam
1590 2488 1720 2521 antea
1743 2483 1945 2533 exiguus,

310 2563 567 2607 augeretur.
594 2558 806 2607 Sequenti
830 2558 975 2595 statim
999 2557 1070 2595 die
1107 2557 1340 2608 episcopus
1377 2555 1674 2593 Trasiluaniae
1708 2554 1733 2602 ¹,
1768 2566 1864 2592 eum
1895 2553 1949 2591 ad

310 2640 356 2665 se
381 2642 510 2666 unum
535 2641 558 2666 e
582 2628 785 2667 Patribus
806 2629 968 2666 nostris
990 2628 1314 2673 accersiuisset,
1339 2626 1698 2664 humanissimum
1727 2637 1775 2663 se
1803 2625 1946 2664 decla-

311 2699 439 2738 raztit
461 2707 493 2747 e,
519 2700 622 2738 illud
653 2701 890 2751 praecipue
913 2699 1204 2746 contendens,
1224 2704 1270 2736 ut
1292 2698 1381 2736 suis
1405 2710 1428 2735 e
1450 2697 1597 2748 pueris
1629 2696 1944 2735 nobilissimum

357 2847 375 2866 ²¹
427 2846 611 2883 eximius.
667 2847 732 2871 -—b
753 2845 844 2882 aliis
863 2844 1024 2881 litteris.
1080 2851 1144 2870 -Ο
1165 2843 1263 2880 Non
1285 2845 1395 2880 recte
1412 2843 1559 2889 script.
1579 2843 1626 2879 in
1653 2845 1785 2886 textu,
1820 2840 1943 2878 delet.

309 2910 347 2944 et
367 2906 473 2943 add.
496 2907 541 2943 in
562 2915 701 2951 marg.
756 2905 821 2929 —d
846 2909 886 2942 vt
905 2909 1170 2951 supraffvers.
1223 2910 1287 2928 -θ
1310 2903 1504 2939 exhibuit.

360 3053 367 3070 ¹
422 3050 576 3087 Paulus
597 3050 868 3094 (Abstemius)
889 3049 938 3085 de
959 3048 1215 3085 Bornemiza.
