2038 3400
329 242 400 281 302
702 231 713 244 ⁶
792 247 1011 286 LITTERAE
1038 248 1396 295 QUADRIMESTRES

282 347 408 385 nobis
430 348 471 386 in
492 349 574 387 hac
594 355 717 400 parte
734 351 1033 401 praeualeant,
1055 364 1239 403 eamque
1258 353 1570 392 eleemosinam
1592 361 1611 379 a
1630 355 1908 406 praeripiant.

333 429 373 467 4.
433 419 740 459 Confessarius
771 421 945 471 quidam
975 422 1087 461 arcis
1119 423 1336 462 ecclesiae
1359 423 1482 462 duxit
1513 424 1567 462 ad
1596 438 1677 463 nos
1707 425 1911 465 afflictam

279 489 494 539 quandam
517 493 759 539 mulierem,
783 505 945 544 rogans
966 499 1013 532 ut
1046 498 1199 532 nostro
1223 494 1353 533 modo
1379 494 1471 533 eius
1493 496 1807 535 conscientiam
1829 499 1911 549 spi-

280 558 504 599 ritualibus
527 563 735 601 antidotis
758 564 972 603 uellemus
994 566 1144 604 iuuare
1169 571 1213 603 et
1235 567 1467 606 consolari.
1492 567 1540 605 Id
1562 580 1671 606 uero
1694 568 1819 606 simul
1850 575 1909 606 at-

278 644 363 681 que
385 645 465 671 nos
487 633 634 671 facere
658 635 899 686 coepimus,
923 636 995 674 illa
1015 649 1191 688 quoque
1215 638 1363 688 coepit
1390 639 1542 689 spiritu
1563 639 1791 690 plurimum
1814 653 1909 690 pro—

277 703 427 751 ficere,
454 710 498 742 et
519 705 732 744 hactenus
754 706 930 756 quidem
951 708 1256 758 perseuerauit
1283 707 1325 746 in
1360 708 1582 759 frequenti
1612 710 1907 759 confessione,

278 776 586 814 communione
623 788 674 814 ac
710 776 980 826 obedientia3
1003 777 1160 828 {quam
1196 778 1334 818 etiam
1369 781 1421 818 V.
1460 781 1507 818 R.
1548 782 1593 819 P.
1634 793 1689 820 ex
1725 781 1868 821 animo
1891 783 1910 807 b

276 846 624 886 commendatam
649 860 747 886 esse
770 850 981 900 cupimus.

329 927 365 966 5.
427 919 674 970 Collegium
695 921 813 971 quod
834 921 877 959 in
911 934 1035 960 usum
1058 935 1297 973 pauperum
1320 922 1618 962 studiosorum
1650 924 1907 976 erigendum

275 994 382 1037 erat,
407 989 627 1029 foeliciter
657 996 703 1029 ut
734 1004 863 1042 spero
893 992 1130 1043 procedet.
1168 994 1372 1033 Afficitur
1408 994 1621 1033 Sere.mus
1659 996 1861 1046 princeps
1898 1003 1905 1020 ¹

272 1061 501 1111 plurimum
539 1075 644 1114 erga
678 1064 764 1102 hoc
798 1064 1060 1112 institutum,
1093 1064 1165 1115 qui
1196 1065 1306 1104 duos
1336 1078 1499 1117 pueros
1528 1067 1743 1106 honestos
1774 1067 1905 1106 modo

273 1132 390 1171 domi
424 1139 604 1172 nostrae
626 1136 716 1183 alit,
750 1141 796 1173 ut
827 1149 925 1174 cum
955 1137 1139 1188 primum
1169 1137 1450 1176 habuerimus
1482 1138 1659 1177 domum
1686 1152 1763 1190 pro
1787 1138 1905 1178 dicto

272 1205 477 1256 collegio,
511 1205 776 1256 recipiantur
807 1207 849 1245 in
884 1220 1114 1246 numerum
1148 1220 1403 1259 pauperum,
1441 1222 1552 1259 quos
1585 1210 1678 1261 ipse
1713 1210 1815 1249 alet.
1839 1211 1905 1248 De

270 1276 351 1313 hac
377 1281 524 1315 autem
557 1277 688 1316 domo
711 1278 815 1316 nihil
841 1290 921 1316 nos
944 1279 1157 1318 sollicitos
1189 1292 1288 1318 esse
1318 1281 1426 1328 uult,
1452 1293 1549 1319 cum
1570 1280 1664 1332 ipse
1685 1282 1749 1331 (ut
1779 1282 1905 1320 nobis

270 1348 551 1399 significauit)
573 1350 627 1388 sit
660 1350 917 1398 effecturus,
942 1357 988 1389 ut
1021 1352 1102 1389 nisi
1124 1352 1293 1399 mulier,
1318 1365 1431 1404 quae
1455 1365 1549 1391 eam
1572 1352 1704 1392 modo
1728 1352 1904 1392 domum

270 1427 471 1472 occupat,
505 1422 615 1460 infra
645 1422 756 1460 duos
786 1435 978 1471 menses,
1012 1424 1180 1462 scilicet
1216 1426 1463 1476 Augustum
1501 1431 1545 1463 et
1579 1425 1902 1477 Septembrem,

268 1492 538 1544 migrauerit,
564 1494 836 1545 migrandum
859 1493 938 1532 sibi
967 1508 1069 1533 mox
1091 1495 1200 1534 infra
1221 1509 1353 1534 unum
1385 1496 1564 1534 biduum
1596 1509 1694 1535 esse
1726 1498 1901 1536 sentiat.

320 1565 358 1604 6.
419 1565 610 1604 Scholae
646 1573 827 1605 nostrae
857 1568 962 1605 satis
997 1567 1216 1606 foeliciter
1253 1569 1488 1620 proficiunt
1524 1570 1565 1607 in
1600 1569 1903 1620 frequentibus

266 1636 647 1687 disputationibus,
673 1638 1085 1689 compositionibus,
1111 1639 1376 1678 carminibus
1399 1645 1442 1678 et
1472 1640 1657 1690 publicis
1689 1641 1902 1679 exercita-

265 1708 470 1756 tionibus,
508 1721 606 1747 cum
641 1722 799 1760 magno
836 1710 986 1761 populi
1025 1711 1234 1762 applausu
1270 1715 1314 1749 et
1354 1711 1660 1759 admiratione,
1703 1711 1815 1750 adeo
1856 1718 1901 1750 ut

265 1780 396 1818 etiam
431 1780 511 1818 uiri
546 1781 706 1832 magni,
744 1794 928 1831 quorum
963 1782 1037 1831 filij
1076 1783 1146 1820 uel
1180 1788 1369 1833 nepotes
1405 1783 1458 1821 ab
1492 1783 1671 1821 hussitis
1695 1796 1719 1821 a
1740 1784 1900 1822 nostris

264 1851 426 1890 scholis
461 1854 605 1890 3114th
626 1852 805 1891 abducti
841 1865 937 1892 cum
975 1853 1219 1892 studiorum
1249 1855 1442 1904 ipsorum
1475 1867 1733 1905 morumque
1769 1855 1899 1893 detri-

263 1928 428 1970 mento,
452 1923 666 1962 reducant
685 1937 763 1962 eos
780 1923 1015 1972 interdum,
1036 1924 1166 1963 etiarn
1190 1938 1287 1963 cum
1305 1926 1538 1976 lachrymis
1557 1931 1601 1964 et
1617 1926 1785 1977 magnis
1802 1940 1898 1978 sup-

262 1995 584 2045 plicationibus,
623 2002 928 2035 contestantes
957 1996 1094 2046 (docti
1125 1998 1326 2036 nimirum
1362 1997 1574 2048 magistra
1609 1997 1899 2049 experientia)

261 2067 378 2105 nullo
401 2068 484 2105 alio
508 2068 550 2105 in
573 2068 671 2106 loco
694 2072 782 2107 tam
801 2067 990 2106 fideliter
1012 2068 1328 2108 adolescentes
1350 2069 1534 2117 institui,
1559 2082 1688 2119 quam
1709 2070 1752 2108 in
1773 2071 1898 2109 scho-

262 2137 310 2176 lis
331 2140 508 2178 nostris.

315 2219 352 2258 7.
412 2210 481 2248 Ad
502 2210 634 2249 fidem
666 2212 927 2250 catholicam
958 2213 1164 2250 conuersi
1193 2217 1292 2250 sunt
1323 2213 1409 2251 hoc
1431 2217 1632 2264 tempore
1668 2213 1843 2251 circiter
1873 2224 1894 2262 7

264 2282 334 2318 uel
357 2287 459 2320 octo
482 2295 714 2333 personae,
739 2284 790 2321 D.
815 2284 957 2335 gratia
978 2288 1206 2335 operante,
1230 2296 1308 2335 per
1337 2282 1568 2322 doctorem
1592 2285 1836 2323 Henricum
1867 2287 1893 2332 ²,

258 2366 442 2402 quorum
465 2355 623 2405 singuli
645 2355 837 2393 confessi
858 2361 958 2393 sunt
979 2356 1042 2405 (et
1063 2355 1239 2407 quidem
1262 2368 1372 2394 unus
1396 2368 1548 2394 eorum
1572 2368 1652 2406 per
1682 2357 1893 2405 interpre-

256 2429 380 2474 tem),
406 2427 782 2465 communicarunt
805 2426 951 2475 etiarn,
978 2433 1021 2466 et
1056 2441 1258 2479 magnam
1290 2428 1579 2466 constantiam
1613 2427 1890 2479 pollicentur.

258 2496 305 2534 In
328 2498 552 2547 exercitijs
574 2498 869 2549 spiritualibus
890 2500 1120 2537 habuimus
1142 2499 1253 2537 duos
1280 2499 1475 2549 insignes
1513 2499 1716 2547 hussitas,
1747 2505 1892 2538 utrun-

257 2581 341 2619 que
376 2570 665 2618 notissimum,
701 2572 887 2609 alterum
924 2572 1219 2610 excellentem
1241 2571 1261 2596 ‘¹
1290 2571 1669 2619 concionatorem,
1707 2572 1891 2610 alterum

254 2641 676 2681 nominatissimum
697 2650 715 2669 e
737 2643 992 2694 magistrum
1026 2655 1306 2695 pragensem,
1339 2643 1639 2694 professorem
1661 2643 1672 2667 f
1698 2643 1890 2694 philoso-

301 2799 321 2818 a
371 2810 534 2836 suorum
553 2811 777 2845 pauperum
797 2812 902 2836 nouo
922 2799 1044 2836 etiam
1063 2799 1253 2845 collegio.
1308 2800 1374 2824 -b
1396 2811 1501 2836 eam.
1556 2806 1619 2824 —0
1640 2804 1768 2837 erant.

302 2860 322 2885 d
366 2859 457 2906 Seq.
479 2858 563 2896 del.
584 2859 714 2896 catho.
770 2867 833 2885 -θ
856 2859 1149 2906 percelebrem.
1204 2858 1261 2883 —f
1289 2858 1475 2897 Emend.
1496 2868 1545 2895 ex
1564 2859 1886 2906 prophessorem.

302 3020 310 3039 ¹
365 3016 551 3061 Carolus,
574 3015 829 3063 imperatoris
848 3015 966 3060 filius,
988 3017 1055 3063 qui
1075 3015 1314 3053 Bohemiam
1333 3017 1605 3063 gubernabat.

300 3078 312 3099 ²
363 3077 411 3115 Pa
431 3076 636 3114 Henricus
654 3074 913 3113 Blissemius.
