2038 3400
344 234 414 271 812
812 237 999 275 LITTERA
1008 250 1031 273 E
1058 238 1151 284 Qua
1159 250 1415 277 DR1MEs'rREs

296 337 440 377 fructu
461 342 746 392 praelegitur.
769 343 901 381 Cuius
924 342 987 380 rei
1009 350 1315 394 argumentum
1340 349 1490 394 potest
1511 358 1624 392 esse,
1643 346 1761 397 quod
1783 348 1925 398 singu-

297 410 322 447 li
344 412 603 461 patrimonia
634 426 711 451 sua
743 415 811 451 uel
843 414 925 451 alia
945 414 1168 464 quaelibet
1196 415 1324 453 huius
1355 417 1492 454 seculi
1523 417 1639 455 bona
1669 417 1927 456 tradiderint

299 482 580 523 obedientiae
609 485 763 523 iuditio
788 485 1095 535 dispensanda.

349 566 388 603 4.
448 556 623 594 Nouum
654 556 758 594 illud
789 557 1089 595 studiosorum
1120 570 1361 609 pauperum
1393 559 1630 609 collegium
1660 560 1758 607 iam,
1784 560 1928 598 diuina

297 627 532 667 clementia
551 641 629 679 per
651 630 694 668 S.
721 631 769 668 C.
796 630 849 666 M.
876 634 921 667 et
943 630 1148 667 sereniss.
1172 631 1377 682 principis
1408 631 1547 669 nostri
1578 636 1621 669 et
1642 632 1927 682 quorumdam

298 699 536 738 Bohemiae
572 712 806 751 procerum
843 700 1150 739 liberalitatem
1187 707 1415 752 operante,
1459 707 1673 750 erectum,
1715 703 1928 741 reditibus

295 782 384 808 non
415 770 587 822 exiguis
616 771 824 810 donatum
856 777 989 821 atque
1020 777 1171 810 sancta
1201 772 1401 824 quadam,
1439 773 1601 812 nedum
1632 775 1835 822 honesta,
1868 775 1928 813 ui-

297 841 430 881 uendi
451 844 620 883 ratione
644 857 721 882 seu
751 844 904 894 politia
935 845 1222 883 constitutum
1255 851 1336 884 est.
1361 846 1528 884 Domus
1550 846 1656 896 ipsa,
1680 859 1808 897 quam
1829 847 1930 885 huic

297 915 497 954 instituto
534 916 578 955 S.
618 918 666 955 C.
706 918 761 954 M.
805 926 878 954 120
912 917 1093 955 thaleris
1127 917 1359 968 asignauit,
1390 923 1544 956 nostro
1582 919 1771 969 collegio
1801 919 1929 969 plane

298 987 531 1025 coniuncta
567 992 647 1035 est,
686 993 730 1026 et
765 988 941 1026 hortum
976 989 1331 1027 amoenissimum
1362 990 1497 1027 habet
1526 1002 1759 1029 annexum.
1794 991 1929 1029 Pecu-

296 1058 409 1097 niam
441 1058 573 1098 modo
609 1064 803 1110 paratam
834 1060 968 1098 habet
999 1061 1210 1099 maiorem
1233 1067 1252 1086 a
1272 1071 1350 1110 900
1379 1061 1573 1109 florenis,
1606 1062 1761 1112 quibus
1794 1063 1931 1113 prima

297 1130 507 1169 iaciantur
529 1131 827 1170 fundamenta.
847 1133 1042 1183 Juuenes
1063 1131 1104 1169 in
1127 1145 1181 1171 eo
1214 1133 1298 1171 iam
1320 1132 1598 1172 selectissimi
1628 1139 1674 1172 et
1703 1133 1930 1185 singularis

298 1203 636 1253 expectationis.
663 1203 958 1242 Conuictores
984 1215 1025 1242 11
1054 1210 1098 1242 et
1119 1217 1337 1256 pauperes
1357 1206 1398 1252 63
1421 1205 1544 1244 multi
1563 1218 1617 1243 ex
1639 1206 1720 1244 illis
1741 1206 1929 1254 nobiles3

296 1274 398 1324 quin
419 1274 505 1313 duo
531 1276 717 1321 Ernesti,
743 1275 866 1314 ducis
889 1276 1100 1314 Bauariae
1123 1276 1216 1325 filij3
1241 1282 1285 1314 et
1316 1277 1520 1315 rhetores
1543 1286 1580 1325 5,
1604 1277 1677 1328 qui
1696 1278 1932 1329 praecipua

296 1347 475 1386 scholae
496 1353 674 1386 nostrae
693 1353 792 1386 sunt
813 1353 1085 1396 ornamenta,
1109 1353 1331 1387 strenuam
1349 1349 1487 1387 literis
1509 1361 1559 1387 ac
1581 1349 1733 1400 pietati
1753 1361 1930 1400 operam

296 1425 472 1458 nauant.
497 1419 641 1471 Atque
665 1425 712 1458 ut
733 1419 788 1458 de
812 1433 965 1459 eorum
986 1421 1028 1458 in
1059 1421 1196 1459 literis
1217 1421 1465 1472 profectum
1495 1421 1600 1459 nihil
1621 1421 1777 1469 dicam,
1801 1434 1931 1472 quan-

296 1495 384 1529 tam
407 1490 462 1529 de
498 1491 708 1543 spirituali
742 1493 919 1543 pietatis
953 1493 1227 1531 incremento
1264 1505 1315 1532 ac
1348 1492 1498 1531 foelici
1527 1492 1582 1531 ad
1601 1494 1672 1544 pie
1694 1492 1931 1531 uiuendum

297 1576 507 1602 successu
533 1577 656 1615 spem
691 1565 945 1612 habeamus,
979 1565 1049 1603 uel
1086 1565 1186 1603 hinc
1216 1565 1391 1603 abunde
1423 1570 1612 1613 constat,
1646 1565 1765 1616 quod
1794 1565 1837 1603 in
1866 1564 1932 1603 his

298 1636 428 1674 etiam
458 1636 606 1687 primis
627 1636 776 1686 initijs,
802 1636 1123 1676 consuetudine
1146 1638 1437 1676 saecularium
1459 1650 1628 1676 morum
1657 1643 1702 1675 et
1730 1637 1933 1676 iuuenilis

297 1708 565 1757 petulantiae
597 1707 777 1747 uixdum
809 1709 979 1756 relicta,
1003 1709 1089 1747 huc
1110 1708 1311 1760 ingressi,
1336 1721 1413 1747 sua
1434 1714 1593 1760 sponte
1614 1708 1931 1760 propemodum

299 1792 452 1818 omnes
481 1780 661 1831 singulis
691 1779 982 1818 hebdomadis
1005 1780 1314 1819 confiteantur.
1341 1781 1523 1820 Coeteri
1554 1793 1677 1828 uero,
1700 1781 1772 1831 qui
1807 1781 1932 1831 pauci

298 1857 396 1889 sunt
429 1856 474 1889 et
503 1851 691 1890 necdum
721 1856 887 1890 tantam
919 1851 1159 1890 confitendi
1195 1851 1482 1890 deuotionem
1512 1850 1721 1899 sentiunt,
1759 1852 1931 1890 decimo

297 1926 451 1973 quarto
476 1923 632 1961 saltem
654 1922 852 1974 quolibet
874 1923 961 1971 die,
985 1936 1074 1961 non
1107 1923 1301 1975 obligati,
1323 1924 1409 1962 imo
1441 1923 1514 1961 uix
1546 1923 1713 1971 moniti,
1745 1924 1933 1962 libenter

298 2007 349 2032 ac
372 1994 537 2033 deuote
559 1994 676 2033 idem
696 1999 937 2045 praestant.
962 1994 1087 2033 Vnde
1110 1994 1284 2046 quidam
1307 2007 1492 2046 magnae
1513 1994 1717 2045 profecto
1749 1995 1843 2046 spei
1872 1993 1932 2033 iu-

299 2068 422 2105 uenis
442 2067 611 2105 hussita
632 2067 694 2105 sic
715 2067 899 2105 aliorum
933 2067 1136 2117 exemplo
1160 2066 1343 2105 trahitur
1373 2067 1427 2105 ad
1449 2064 1765 2114 confitendum,
1790 2072 1837 2104 ut
1858 2079 1932 2105 ue-

297 2139 529 2177 hementer
561 2137 726 2185 doleat,
759 2138 962 2189 adeoque
999 2137 1234 2188 lachrymis
1268 2137 1469 2176 dolorem
1503 2138 1639 2176 semel
1674 2136 1931 2188 prodiderit,

297 2210 416 2261 quod
446 2223 534 2248 non
563 2215 717 2261 posset
748 2222 846 2248 cum
868 2210 964 2259 alijs
987 2210 1205 2257 confiteri3
1229 2209 1284 2248 de
1306 2222 1392 2260 quo
1415 2209 1649 2261 diligenter
1680 2209 1811 2248 etiam
1843 2210 1935 2260 egit

299 2296 396 2321 cum
414 2283 463 2320 R.
489 2283 535 2320 Ρ.
560 2282 767 2320 Rectore.
794 2282 972 2329 Verum,
997 2281 1195 2332 quamuis
1214 2294 1323 2332 puer
1344 2282 1386 2319 in
1407 2281 1478 2332 pio
1501 2280 1722 2319 desiderio
1756 2280 1810 2319 sit
1833 2294 1934 2320 con-

296 2355 510 2401 firmatus3
532 2353 726 2392 nondum
749 2359 895 2392 tamen
919 2354 974 2391 ob
996 2353 1171 2391 nimiam
1194 2365 1245 2391 ac
1267 2351 1522 2391 seditiosam
1551 2357 1798 2404 parentum,
1821 2365 1932 2402 quae

298 2426 491 2473 timetur,
528 2425 890 2476 indignationem,
929 2426 1022 2464 uoti
1059 2437 1240 2475 compos
1275 2424 1371 2462 fieri
1404 2425 1562 2475 potuit.
1601 2425 1783 2462 Matrem
1820 2422 1933 2462 enim

300 2497 517 2535 eiusmodi
548 2497 697 2543 habet,
722 2509 834 2547 quae
868 2496 995 2535 nimis
1025 2498 1068 2535 in
1097 2495 1286 2534 filiorum
1307 2496 1547 2547 perniciem
1579 2496 1764 2543 solicita,
1787 2507 1843 2533 ne
1874 2495 1934 2533 di-

299 2583 393 2608 cam
417 2568 621 2616 crudelis,
648 2575 691 2606 et
722 2568 849 2607 nobis
873 2574 1090 2619 perpetuo
1112 2568 1303 2607 inculcat
1332 2581 1387 2606 ne
1408 2580 1591 2618 puerum
1613 2567 1881 2605 abducamus
1911 2580 1936 2605 a

298 2641 607 2680 communione
629 2639 877 2688 bohemica,
903 2646 948 2679 et
969 2641 1048 2691 ipsi
1070 2653 1208 2691 puero
1231 2645 1420 2678 mortem
1442 2639 1513 2678 uel
1544 2639 1626 2677 alia
1645 2639 1840 2690 pericula
1861 2639 1934 2677 mi-

298 2719 440 2760 natur,
466 2712 501 2751 si
521 2712 652 2750 fuerit
675 2713 937 2750 catholicam
960 2712 1316 2751 communionem
1337 2712 1579 2761 amplexus.

355 2794 392 2834 5.
454 2785 641 2823 Scholae
673 2789 851 2822 nostrae
875 2785 1039 2822 classes
1072 2795 1225 2821 omnes
1247 2783 1423 2834 pietatis
1454 2794 1505 2820 ac
1534 2782 1757 2820 literarum
1779 2781 1935 2831 studijs

300 2858 453 2895 mirum
484 2857 526 2894 in
557 2855 750 2902 modum,
774 2856 897 2905 quasi
930 2855 1131 2893 certatim
1160 2860 1379 2892 crescunt.
1404 2855 1459 2892 Et
1486 2854 1599 2891 inter
1626 2852 1708 2891 alia
1735 2865 1933 2903 magnam

299 2928 403 2967 illud
425 2927 791 2979 praeceptoribus
823 2927 964 2965 adfert
987 2926 1353 2973 consolationem,
1377 2924 1495 2976 quod
1524 2937 1601 2963 eos
1627 2924 1709 2962 iam
1740 2924 1933 2975 insignes

346 3066 364 3085 a
416 3065 568 3103 Praec.
592 3075 630 3102 v.
653 3069 790 3110 supra
813 3074 922 3100 vers.
946 3063 1041 3100 ead.
1066 3061 1221 3108 manu,
1242 3062 1380 3100 deleto
1398 3063 1501 3109 plus.
