2038 3400
553 219 915 257 4ΟΟ.-ΜοΝΑο1110
941 221 963 257 6
990 220 1180 257 Aocnsn
1210 219 1299 257 1560
1618 218 1687 255 719

113 324 245 372 ribus,
270 330 361 362 tum
382 323 468 362 fide
489 324 766 373 incorruptos
788 322 1094 373 vndecumque
1117 321 1373 368 aduocatos,
1395 334 1473 359 suo
1493 326 1617 359 curet
1638 332 1733 371 gre-

113 396 155 446 gi
177 393 511 446 praeficiendos.
536 395 806 433 Societatem
831 399 952 433 certe
976 398 1167 432 nostram
1192 395 1233 431 in
1255 393 1411 444 quouis
1433 391 1608 430 ditionis
1631 405 1732 429 suae

113 467 336 504 territorio
360 467 511 504 viuere
536 479 590 503 ex
612 467 754 504 animo
778 463 1029 516 desyderat.
1056 467 1108 503 Et
1139 466 1237 515 quia
1269 465 1533 515 reliquorum
1552 463 1732 501 salutem

113 538 166 575 ab
189 537 544 588 ingolstadiensis
560 536 873 582 vniuersitaffis,
900 543 943 574 et
962 537 1101 584 huius,
1126 537 1262 575 totius
1285 536 1495 573 Bauariae
1514 535 1731 586 principis

116 609 231 646 vrbis
252 608 551 646 incolumitate
574 621 730 659 magna
753 620 806 645 ex
828 614 951 658 parte
973 608 1179 658 intelligit
1200 607 1410 659 pendere,
1435 606 1631 644 maximis
1652 606 1732 643 iam

114 681 319 730 expensis
356 680 632 731 magnificum
668 679 901 730 vtrobique
938 680 1153 718 Societati
1189 680 1330 717 erexit
1366 679 1618 728 collegium3
1654 689 1736 714 nec

113 751 229 790 aliud
250 752 291 789 in
314 752 428 790 votis
449 752 597 798 habet,
622 764 748 802 quam
770 757 817 789 vt
838 752 924 789 hoc
945 757 1156 798 nostrum,
1182 752 1395 789 hactenus
1412 749 1732 800 imperfectum,

113 823 250 873 primo
289 836 462 873 quoque
501 829 700 873 tempore
736 823 1003 869 absoluatur,
1040 828 1083 860 vt
1120 828 1420 872 sumptuosum
1453 826 1495 858 et
1531 821 1732 871 amplum,

112 894 229 944 quod
250 894 375 932 nobis
399 894 491 931 eius
512 893 631 931 iussu
652 894 722 932 hic
743 899 932 943 paratur,
967 893 1215 932 aedificium
1246 893 1351 931 satis
1380 904 1597 943 superque
1621 904 1735 929 com-

114 970 341 1003 monstrat.
379 963 580 1003 Orandus
615 964 840 1003 feruenter
876 965 1102 1011 Dominus,
1140 970 1187 1002 vt
1216 965 1312 1014 pios
1346 963 1495 1014 optimi
1529 962 1736 1013 principis

116 1041 300 1074 conatus
321 1048 585 1086 promouere
608 1035 827 1086 dignetur,
853 1037 951 1086 quia
973 1036 1025 1073 ad
1048 1035 1275 1073 tutandum
1307 1048 1330 1072 a
1352 1036 1550 1085 luporum
1573 1034 1735 1071 irruen-

112 1107 218 1144 tium
240 1104 357 1144 rabie
380 1118 563 1157 gregem
586 1120 709 1144 suum
731 1119 818 1144 11011
840 1107 922 1144 alia
944 1107 1079 1157 magis
1103 1119 1148 1144 re
1166 1105 1349 1156 indiget,
1369 1117 1497 1155 quam
1519 1105 1733 1141 bonorum

112 1183 157 1215 et
179 1176 449 1215 eruditorum
471 1177 663 1215 virorum
686 1177 826 1228 copia,
851 1191 1035 1227 quorum
1057 1176 1258 1227 profecto
1276 1177 1317 1214 in
1340 1180 1433 1214 tota
1454 1176 1536 1213 hac
1557 1175 1733 1212 natione

113 1256 236 1287 tanta
257 1256 326 1287 est
348 1248 515 1295 raritas,
541 1254 587 1287 vt
608 1262 677 1287 res
710 1250 763 1287 sit
794 1249 942 1287 intima
973 1247 1358 1287 commiseratione
1390 1247 1656 1298 dignissima,
1692 1253 1734 1284 et

110 1321 191 1358 nisi
212 1320 469 1370 propediem
491 1320 635 1358 diuina
657 1321 828 1359 bonitas
851 1319 907 1358 de
937 1320 1190 1358 melioribus
1214 1319 1425 1370 operarijs
1447 1319 1547 1357 huic
1569 1319 1733 1368 patriae

111 1392 362 1442 prospiciat,
387 1398 535 1430 metuo
559 1397 605 1429 vt
627 1399 644 1416 a
666 1392 825 1429 auitam
851 1398 895 1429 et
917 1392 1178 1429 catholicam
1200 1391 1460 1442 religionem
1495 1389 1535 1428 in
1559 1389 1645 1427 suis
1668 1402 1735 1428 ca-

111 1462 298 1500 tholicus
319 1463 521 1513 princeps
544 1476 808 1501 conseruare
840 1463 977 1513 possit
1007 1463 1260 1513 prouinciis.
1294 1462 1503 1500 Videmus
1527 1462 1640 1499 enim
1664 1462 1734 1499 vbi

112 1534 212 1582 bonj
250 1533 409 1571 desunt
443 1534 639 1581 ministri,
678 1535 802 1584 lupos
836 1534 1041 1585 paulatim
1073 1534 1203 1572 sedes
1236 1546 1468 1584 occupare,
1495 1539 1539 1570 et
1573 1533 1735 1571 Christi

111 1616 294 1655 gregem
315 1604 357 1642 in
379 1604 495 1642 mille
518 1611 662 1643 sectas
685 1605 920 1644 dissecare.
945 1606 1036 1643 Nos
1059 1605 1221 1643 circum
1240 1604 1454 1643 cursando
1477 1605 1642 1642 vicinos
1664 1616 1734 1654 pa—

111 1688 207 1726 gos,
244 1688 328 1726 qua
357 1688 588 1725 possumus
619 1677 804 1724 ratione,
829 1677 1042 1718 iuuamus;
1067 1676 1145 1714 sed
1167 1676 1398 1727 pauciores
1420 1689 1582 1723 sumus,
1607 1689 1733 1726 quam

111 1748 181 1798 qui
203 1753 270 1785 tot
293 1748 527 1785 errantium
551 1748 820 1786 ouicularum
844 1749 969 1786 saluti
1002 1750 1221 1798 possimus
1244 1749 1490 1786 consulere.
1518 1748 1734 1798 Respiciat

111 1819 166 1856 de
188 1819 311 1857 caelo
334 1819 546 1858 Dominus
569 1824 612 1857 et
633 1819 783 1858 videat
807 1826 849 1857 et
873 1820 1023 1858 visitet
1055 1821 1227 1857 vineam
1249 1820 1391 1866 istam,
1425 1832 1551 1870 quam
1573 1820 1734 1869 planta-

112 1891 173 1928 uit
195 1890 380 1929 dextera
400 1904 477 1929 sua
510 1896 533 1929 ¹.
559 1892 846 1942 Intelligimus
868 1892 1108 1943 principem
1141 1891 1422 1930 constituisse
1455 1898 1498 1929 vt
1521 1892 1735 1942 guberna-

110 1968 232 2000 tores
254 1969 298 2001 et
322 1962 547 2009 officiales,
572 1976 681 2013 quos
710 1964 842 2001 habet
874 1964 1021 2001 multis
1042 1965 1083 2001 in
1115 1963 1223 2002 locis
1261 1964 1629 2014 corruptissimos,
1659 1964 1734 2001 ho-

110 2040 238 2072 nesto
261 2033 465 2084 paulatim
486 2041 719 2085 praetextu
742 2041 1045 2082 amoueantur,
1069 2041 1111 2072 et
1137 2035 1341 2074 catholici
1363 2036 1404 2073 in
1423 2048 1573 2073 eorum
1590 2036 1734 2073 locum

111 2105 395 2143 sufficiantur.
436 2106 560 2154 Quae
594 2118 664 2143 res
688 2105 864 2143 maioris
902 2107 983 2143 erit
1006 2107 1047 2144 in
1072 2107 1215 2144 multis
1246 2107 1516 2144 constantiae
1541 2106 1732 2153 occasio,

111 2177 212 2214 dum
235 2177 405 2214 scilicet
426 2177 712 2223 verebuntur,
739 2190 793 2214 ne
818 2189 914 2215 cum
936 2177 1021 2215 fide
1045 2177 1259 2216 honorum
1285 2179 1413 2216 etiam
1437 2178 1588 2215 titulos
1610 2177 1734 2216 dese-

111 2260 207 2285 rere
231 2253 457 2298 cogantur.
493 2247 726 2287 Ordinarat
757 2248 798 2285 in
829 2248 943 2286 festo
967 2249 1156 2299 paschae
1180 2249 1494 2287 illustrissimus
1515 2249 1732 2299 princeps,

112 2325 157 2357 vt
179 2319 413 2370 diligenter
437 2321 729 2358 obseruarent
752 2320 1032 2358 confessores
1067 2333 1220 2359 omnes
1243 2321 1424 2362 aulicos,
1457 2321 1528 2370 qui
1549 2321 1603 2358 ad
1634 2333 1734 2358 con-

110 2391 347 2429 fessionem
371 2391 586 2431 uenirent,
611 2398 657 2429 vt
679 2392 760 2429 hac
782 2392 950 2429 ratione
983 2404 1159 2429 suorum
1182 2392 1356 2442 ingenia
1378 2394 1563 2430 haberet
1587 2391 1734 2441 explo-

111 2464 285 2500 ratiora.
308 2464 425 2500 onr
443 2466 454 2484 '²
478 2468 520 2500 et
538 2469 675 2500 mater
691 2464 703 2482 ³
720 2461 993 2500 illustrissimi
1013 2463 1217 2513 principis
1237 2465 1351 2501 omni
1370 2476 1450 2501 nos
1467 2464 1733 2501 beneuolen-

111 2535 169 2572 tia
192 2540 235 2571 et
256 2534 572 2572 beneficiorum
602 2546 768 2585 genere
800 2540 1138 2584 prosequuntur:
1173 2541 1217 2573 et
1246 2536 1278 2572 si
1311 2536 1513 2573 infirmari
1546 2535 1731 2584 aliquem

159 2715 178 2733 Β
199 2708 290 2755 Seq.
312 2709 395 2745 del.
416 2709 545 2744 catho.

161 2902 168 2920 ¹
223 2899 286 2936 Cf.
308 2899 373 2936 Ps.
396 2898 592 2941 LXXIX.
618 2901 671 2937 16.

158 2960 170 2978 ²
224 2960 358 3002 Anna,
381 2958 627 2996 Ferdinandi
648 2961 902 3007 imperatoris
921 2961 1018 2998 filia.

158 3019 170 3039 ⁸
222 3018 352 3055 Maria
368 3019 533 3065 jacoba,
555 3019 728 3067 Philippi
749 3021 993 3058 marchionis
1012 3021 1198 3059 badensis
1218 3022 1312 3058 filia.
