2038 3400
362 195 432 234 216
830 193 1053 231 LITTERAE
1080 193 1441 239 QUADmMESTREs

315 297 440 336 sibus
459 299 492 345 ²⁸,
518 310 640 336 more
662 297 792 346 hujus
815 297 977 348 oppidi,
996 297 1231 347 generales
1253 295 1467 346 quaedam
1489 301 1790 347 proponuntur
1811 308 1950 333 asser-

317 369 477 416 tiones,
501 369 656 419 quibus
680 369 826 407 cuncti
848 369 917 417 alij
942 369 1131 407 invicem
1168 367 1221 405 ad
1256 372 1450 405 nostram
1482 368 1675 406 scholam
1697 368 1947 415 inuitantur,

317 454 402 491 quo
426 454 513 478 non
534 440 660 478 inviti
681 441 803 478 multi
826 440 1066 478 doctissimi
1089 453 1137 477 se
1174 439 1405 477 conferunt
1442 439 1675 477 ediserturi
1696 445 1826 490 atque
1850 452 1952 478 eno-

318 511 461 550 daturi
482 513 617 550 multa
637 512 679 550 in
702 512 894 550 omnium
917 511 1166 549 vtilitatem.
1201 511 1350 549 Habes
1383 524 1488 562 erga
1517 512 1737 562 proprium
1761 524 1951 549 commo-

318 584 419 621 dum
443 589 486 621 et
508 584 526 608 b
550 596 712 630 curam,
737 583 889 632 accipe
912 582 1044 621 modo
1067 582 1218 633 quales
1241 595 1287 620 se
1310 581 1449 620 nostri
1477 586 1632 633 gerant
1653 582 1949 633 proximorum

318 655 561 694 commodis
584 655 893 693 inseruientes.

370 739 407 767 2.
469 730 537 766 Pr.
563 727 823 774 Santander,
862 728 935 777 qui
969 740 1107 778 nuper
1143 727 1299 765 missus
1332 731 1399 765 est
1434 727 1518 764 alio
1544 725 1571 774 ¹,
1599 732 1641 764 et
1663 728 1715 765 D.
1741 727 1952 764 Ramirius

317 800 402 839 hoc
422 812 546 851 saei-o
584 798 800 837 aduentus
837 797 1043 837 dominici
1079 804 1281 850 tempore
1317 811 1451 849 saepe
1487 811 1632 837 sacras
1663 798 1716 836 ad
1746 799 1951 849 populum

319 872 551 911 contiones
572 872 785 919 habuere,
823 883 935 921 quae
972 883 1076 909 sane
1097 872 1251 922 plausu
1286 869 1539 921 laetitiaque
1574 869 1743 922 ingenti
1765 871 1953 922 excipie-

316 945 488 989 bantur,
512 956 600 981 non
637 941 729 981 sine
765 956 925 994 magno
962 943 1202 981 animarum
1237 942 1395 980 fructu.
1438 942 1486 980 Id
1521 942 1698 994 quidem
1737 946 1954 981 testantur

318 1016 604 1063 audientium,
628 1019 720 1053 tum
741 1015 1008 1066 lachrymae,
1046 1020 1137 1054 tum
1173 1016 1303 1054 etiam
1340 1015 1524 1056 crebrae
1560 1014 1877 1062 confessiones,
1912 1020 1956 1053 et

318 1086 494 1140 quidem
534 1087 758 1126 hominum
796 1088 889 1125 eius
924 1092 1073 1135 notae,
1111 1089 1182 1139 qui
1217 1102 1295 1140 pro
1333 1094 1548 1140 suggestu
1587 1087 1745 1140 signati
1783 1087 1956 1125 fuerant

318 1160 532 1211 impense3
555 1159 668 1197 inter
690 1172 801 1211 quos
822 1158 902 1197 fuit
924 1157 997 1209 qui
1018 1158 1187 1198 diceret
1223 1173 1270 1199 se
1305 1173 1562 1212 persuasum
1584 1171 1698 1198 voce
1720 1159 1820 1198 uiua
1854 1171 1953 1197 con·

320 1230 534 1271 eionantis
556 1231 672 1269 uelle
707 1231 928 1269 inimicum
951 1231 1065 1269 Vltro
1097 1231 1273 1284 alloqui,
1298 1245 1567 1284 mensaeque
1588 1231 1701 1270 illius
1722 1232 1954 1279 interesse,

320 1316 417 1343 cum
447 1302 532 1341 iam
569 1303 642 1341 diu
676 1303 790 1341 inter
825 1303 944 1354 ipsos
981 1302 1129 1342 odium
1164 1303 1418 1342 intestinum
1449 1308 1717 1343 uersaretur.
1755 1302 1823 1341 Ad
1852 1303 1957 1341 alias

322 1377 534 1415 ecclesias
569 1388 703 1426 saepe
738 1378 998 1414 acersuntur
1034 1377 1203 1423 Patres,
1245 1376 1320 1414 vbi
1359 1375 1590 1427 aliquando
1632 1376 1955 1424 contionantur,

321 1449 437 1487 bona
470 1448 621 1499 populi
654 1452 779 1497 parte
816 1447 1130 1495 conueniente3
1167 1447 1247 1486 sed
1283 1460 1380 1486 cum
1416 1453 1503 1486 tam
1538 1448 1661 1487 multi
1691 1448 1733 1486 in
1762 1453 1956 1486 nostram

323 1521 546 1559 confluant
570 1519 819 1567 ecclesiam,
844 1520 926 1557 iam
963 1520 1149 1570 amplam
1186 1524 1229 1557 et
1260 1532 1372 1571 quae
1402 1521 1564 1559 multos
1586 1520 1777 1571 vndique
1799 1521 1955 1572 capiat,

322 1605 411 1631 non
433 1605 621 1642 aequum
646 1597 663 1617 c
693 1595 877 1630 censent
907 1591 1043 1642 ipsam
1080 1591 1306 1630 deserere.
1345 1593 1414 1632 Pr.
1438 1593 1695 1631 Franciseus
1718 1593 1863 1640 etiarn,
1887 1593 1959 1644 qui

322 1677 377 1702 ne
412 1663 455 1702 id
491 1663 683 1702 muneris
718 1662 893 1701 assidue
929 1667 1139 1702 exerceat
1174 1663 1520 1714 aegritudinibus
1554 1664 1827 1715 prohibetur,
1861 1676 1958 1702 curn

324 1748 447 1774 more
470 1736 594 1787 regio
617 1736 689 1774 hic
709 1736 865 1774 summi
894 1735 1033 1773 nostri
1062 1735 1339 1786 imperatoris
1361 1736 1373 1755 ²
1394 1735 1507 1774 iusta
1527 1736 1702 1783 fierent,
1726 1736 1842 1774 bona
1862 1748 1958 1786 pro-

325 1820 474 1846 cerum
513 1812 638 1859 parte
675 1811 984 1854 concurrente,
1023 1806 1275 1845 contionem
1311 1806 1462 1845 habuit
1500 1807 1607 1845 mira
1641 1807 1826 1858 quadam
1865 1811 1958 1844 arte

324 1878 524 1918 laudibus
545 1879 663 1930 regis
684 1891 922 1929 aspersam,
946 1891 1058 1929 quae
1080 1878 1123 1916 in
1139 1878 1409 1917 audientium
1427 1878 1707 1917 commodum
1724 1878 1958 1930 detorque-

323 1951 496 1990 bantur.
541 1950 818 2001 Quandoque
857 1949 972 2001 apud
1011 1950 1230 2001 principes
1274 1955 1450 1989 nostros
1498 1950 1615 1989 idem
1663 1955 1872 2002 praestat,
1916 1955 1959 1989 et

325 2023 462 2061 nostri
485 2022 554 2072 alij
580 2022 928 2069 contionatores,
952 2020 1295 2060 assentientibus
1325 2034 1377 2060 ac
1411 2023 1536 2060 laetis
1570 2021 1850 2073 principibus.
1874 2022 1957 2072 Alij

326 2107 433 2133 uero
476 2095 629 2132 Patres
668 2094 924 2144 frequenter
969 2093 1146 2144 vesperi
1185 2106 1236 2132 ac
1274 2105 1418 2141 mane,
1461 2092 1757 2132 conueniente
1796 2094 1958 2145 populo

325 2165 379 2203 ad
401 2178 524 2204 sacra
547 2165 708 2213 officia,
732 2178 844 2216 quae
875 2164 993 2204 domi
1028 2164 1331 2212 decantantur,
1356 2177 1514 2216 magna
1535 2178 1632 2204 cum
1655 2165 1959 2204 consolatione

327 2238 519 2276 omnium
542 2238 829 2285 satisfaciunt,
853 2238 896 2276 in
918 2236 1013 2276 dies
1030 2242 1263 2276 crescente
1285 2236 1576 2275 multitudine.

378 2319 416 2357 3.
477 2310 573 2348 Nec
590 2315 737 2347 tamen
759 2310 931 2348 interim
955 2309 1259 2348 confessiones
1283 2309 1555 2357 omittuntur,
1579 2308 1681 2360 quin
1697 2310 1843 2359 potius
1860 2314 1958 2347 sunt

327 2382 400 2432 qui
422 2381 475 2419 ad
498 2381 540 2418 id
561 2380 754 2419 numeris
777 2381 1096 2432 capessendum
1115 2379 1322 2418 destinati
1342 2380 1502 2418 nullam
1520 2380 1562 2418 in
1578 2381 1660 2418 hac
1681 2393 1728 2418 re
1750 2380 1959 2419 iacturam

325 2453 420 2491 fieri
460 2453 692 2504 patiantur.
730 2453 841 2491 Nam
877 2452 1128 2492 scholastici
1163 2465 1260 2491 cum
1295 2452 1513 2491 nonnullis
1549 2452 1659 2501 alijs,
1700 2456 1814 2490 stata
1834 2453 1955 2500 hora,

327 2525 527 2575 cymbalo
551 2530 752 2572 sonante,
777 2524 895 2576 quod
916 2525 959 2563 in
980 2525 1095 2563 hunc
1116 2537 1241 2563 usum
1263 2523 1469 2574 aliquanti
1489 2522 1695 2574 ponderis
1724 2524 1957 2563 conflatum

372 2715 390 2734 ²¹
441 2714 672 2761 aliquando.
726 2715 792 2739 -b
815 2719 854 2751 et
873 2718 1011 2760 supra
1032 2725 1140 2751 vers.
1197 2721 1259 2739 —C
1279 2725 1425 2760 aequm
1446 2722 1526 2750 ms.

375 2902 381 2920 ¹
437 2899 672 2946 segoviam,
693 2899 744 2936 ad
763 2911 909 2936 munus
928 2899 1097 2936 rectoris
1116 2898 1209 2935 novi
1228 2897 1394 2944 collegii
1422 2897 1666 2935 obeundum.
1689 2897 1750 2935 Cf.
1771 2898 1960 2936 Sanctus

332 2961 593 2998 Franciscus
612 2959 792 3005 Borgz·a,
814 2958 882 3003 III,
903 2959 985 3003 457,
1007 2963 1140 2996 annot.
1165 2958 1219 2997 10.

374 3022 386 3042 ²
438 3019 614 3059 Carolus
633 3018 688 3056 V.
