2038 3400
617 257 906 296 383.—GENUA
932 257 979 294 30
1004 258 1075 294 MA
1081 268 1111 305 J1
1142 258 1230 295 1560
1614 258 1683 296 665

872 477 983 528 385

570 619 996 665 MICHAEL
1051 617 1270 664 SPES

668 763 805 788 casu-x
837 752 882 787 &30
908 762 1001 797 MAJ1
1032 752 1121 787 1530
1149 753 1171 788 ¹.

111 874 143 911 1.
170 873 409 911 Sociorum
432 884 661 910 numerus.
691 870 943 910 Domestica
968 869 1371 920 discipliua.—2-3.
1398 870 1482 908 PF.
1506 869 1673 908 Bofelli
1694 873 1732 908 et

192 938 455 977 Gctlvanelli
475 937 761 989 fructiferae
791 931 1459 975 contiones.—4.'Peccarornm
1484 935 1731 974 conversio-

190 1003 374 1043 ness⁴5
410 1003 819 1043 Sacrcmzentormn
841 1002 1063 1054 frequens
1097 1014 1206 1040 usus
1233 1004 1272 1040 et
1304 1001 1568 1039 animarum
1595 1002 1730 1047 zelus,

186 1069 463 1120 praesertim
494 1071 617 1119 apud
646 1068 792 1107 socios
809 1067 913 1118 piae
933 1066 1313 1106 sodalitatis.—6.
1341 1068 1559 1105 Frafrmn
1581 1066 1731 1104 studia

190 1137 228 1174 et
264 1134 476 1174 caritatis
498 1132 827 1174 exercitiafiz
853 1132 1098 1172 Sclzolares
1128 1132 1410 1171 christicmae
1438 1131 1733 1183 perfectionis

191 1200 356 1251 cupidi.
395 1199 637 1239 societatis
671 1198 1022 1238 candidati.—S.
1063 1198 1240 1237 Cz‘vzssum
1271 1200 1309 1237 et
1343 1199 1525 1236 senatus
1561 1198 1733 1236 benevo-

191 1265 346 1305 lentia.

168 1402 200 1429 Ι.
263 1390 510 1428 Admodum
546 1391 593 1428 R.
627 1390 667 1428 in
698 1390 810 1441 Xpo.
845 1391 989 1427 Pater.
1015 1390 1105 1426 Pax
1125 1388 1222 1439 Xpi.
1251 1388 1334 1435 [Ex
1357 1388 1674 1427 consuetudine
1696 1391 1733 1427 e!

112 1461 391 1501 oboedientia
413 1461 603 1510 scribit.]
631 1461 832 1511 Quinque
854 1461 895 1498 in
925 1461 1147 1511 presentia
1177 1459 1434 1498 sacerdotes
1465 1467 1508 1497 et
1531 1466 1631 1498 octo
1654 1460 1734 1497 fra-

112 1540 202 1571 tres
224 1533 440 1584 degimus,
479 1532 649 1582 singuli,
684 1532 926 1582 opitulante
962 1532 1073 1578 Deo,
1112 1537 1289 1569 mutuae
1325 1531 1545 1569 charitatis
1579 1531 1734 1580 studijs¹

111 1606 302 1656 apprime
326 1605 482 1643 intenti
505 1610 548 1642 et
569 1603 770 1655 propriae
798 1604 1037 1642 uoluntatis
1067 1602 1393 1641 mortificationi
1424 1616 1510 1641 non
1542 1604 1735 1653 segniter

111 1677 431 1715 incumbentes.
457 1677 622 1715 Curant
644 1676 757 1713 enim
788 1674 831 1713 hi
863 1676 1017 1713 Patres
1046 1675 1292 1725 fratresque
1315 1674 1484 1721 sedulo,
1510 1680 1554 1712 ut
1578 1675 1732 1711 mortui

112 1748 276 1793 seculo,
293 1745 409 1796 uitijs
424 1752 468 1784 et
482 1745 868 1796 concupiscemus,
885 1758 1058 1784 carnem
1076 1758 1195 1783 suam
1210 1746 1465 1796 crucifigant
1484 1757 1580 1782 cum
1602 1746 1730 1795 xpo„

113 1825 156 1856 et
177 1819 247 1869 qui
277 1819 359 1856 iam
391 1823 604 1868 ceperunt
632 1818 808 1868 proprio
831 1830 929 1855 sese
952 1822 1058 1855 uoto
1082 1819 1291 1855 castrare
1319 1817 1338 1835 a
1367 1821 1379 1840 2

1410 1818 1487 1854 sub
1518 1822 1731 1867 perpetuo

111 1890 337 1936 castitatis,
373 1889 641 1940 paupertatis
673 1895 716 1926 et
753 1889 1033 1927 obedientiae
1068 1889 1311 1938 proposito,
1335 1889 1376 1926 in
1399 1902 1477 1926 suo
1501 1896 1651 1926 sancto
1674 1888 1733 1925 in-

112 1967 240 2012 cepto
259 1960 313 1998 ad
331 1966 575 1998 extremum
592 1972 729 2010 usque
747 1960 863 1997 uitae
882 1958 996 1998 diem
1013 1972 1302 2010 perseuerare
1320 1960 1507 1997 ualeant.
1528 1959 1651 1997 Vnde
1670 1959 1730 2005 fit,

112 2038 156 2070 ut
180 2032 459 2071 obedientiae
480 2032 546 2070 sui
566 2032 803 2082 praepositi
825 2032 948 2069 hilari
969 2033 1111 2070 animo
1133 2044 1180 2070 Se
1203 2031 1472 2078 submittant,
1496 2043 1547 2069 ac
1570 2044 1732 2068 summa

113 2103 350 2143 concordia
371 2110 414 2142 et
437 2104 650 2142 charitate
673 2104 863 2154 copulati
884 2104 925 2141 in
947 2116 1024 2142 sua
1044 2104 1280 2142 uocatione
1301 2103 1553 2154 perdurent.

166 2186 202 2213 2.
263 2177 501 2214 Coeterum
523 2175 587 2224 (ut
617 2174 671 2212 de
703 2174 884 2225 singulis
904 2187 1043 2224 pauca
1064 2174 1222 2215 dicam)
1245 2187 1299 2212 ex
1322 2174 1625 2212 sacerdotibus
1647 2172 1732 2211 duo

112 2251 209 2284 sunt
240 2247 311 2297 qui
333 2245 561 2292 dominicis
592 2246 773 2296 alijsque
804 2245 928 2283 festis
957 2245 1112 2284 diebus
1141 2247 1323 2284 uerbum
1355 2245 1528 2283 Domini
1557 2258 1652 2282 cum
1674 2244 1732 2281 in-

113 2318 231 2369 genti
272 2317 413 2355 l'ructu
451 2317 751 2363 disseminant3
787 2316 915 2355 auide
953 2318 1065 2355 enim
1101 2330 1209 2368 gens
1245 2317 1361 2355 urbis
1391 2317 1517 2354 huius
1552 2315 1734 2365 percipit

110 2388 228 2426 illud.
255 2388 488 2427 Confiuunt
506 2387 699 2425 auditum
722 2400 800 2425 eos
820 2388 1161 2426 numerosissimi
1183 2388 1388 2426 nobilium
1414 2394 1457 2424 et
1478 2386 1732 2437 ignobilium

113 2471 366 2505 concursusg
389 2458 467 2497 sed
489 2458 675 2496 maxime
696 2458 750 2495 ad
772 2460 946 2497 Patrem
969 2459 1225 2498 Michaelem
1248 2459 1466 2497 Botellum
1488 2464 1515 2503 ³,
1540 2457 1609 2507 qui
1633 2457 1733 2494 licet

113 2530 153 2569 in
189 2543 241 2568 eo
274 2529 436 2580 templo
469 2530 772 2577 concionetur,
806 2531 878 2568 ubi
908 2532 1057 2569 nullus.
1074 2531 1175 2569 olim
1207 2531 1429 2569 uisebatur
1466 2530 1528 2567 uir
1559 2527 1728 2569 nobilis,

114 2600 242 2638 modo
261 2600 373 2638 adeo
393 2605 460 2638 est
477 2600 761 2638 concionibus
780 2601 918 2639 Patris
937 2601 1160 2640 Michaelis
1180 2601 1471 2646 nobilitatum,
1493 2607 1537 2637 ut
1555 2600 1624 2637 uix
1643 2599 1732 2636 infi-

113 2685 208 2710 mae
230 2670 492 2710 conditionis
509 2672 754 2710 hominibus
776 2674 965 2723 supersit
985 2672 1189 2711 audiendi
1210 2674 1348 2711 locus.
1369 2675 1459 2724 Jam
1482 2685 1606 2723 quam
1631 2672 1731 2708 ube-

159 2815 179 2834 8
221 2807 488 2854 obstringere.

163 2946 171 2964 ¹
223 2942 286 2980 Ex
304 2943 494 2991 originali
514 2945 553 2981 in
572 2945 657 2982 cod.
680 2945 792 2982 Med.
817 2945 882 2986 75,
904 2945 945 2982 ff.
970 2945 1023 2986 17.
1047 2946 1103 2992 18;
1125 2947 1233 2993 prius
1251 2947 1333 2988 345,
1354 2948 1434 2984 346.

161 3004 173 3023 ²
225 3001 289 3039 Cf.
308 3002 325 3039 I
344 3002 488 3045 Pam,
510 3002 558 3046 ΙΙ,
577 3003 634 3048 24;
656 3002 840 3046 GALAT„
864 3004 914 3048 V,
935 3004 993 3050 243
1015 3004 1202 3048 Mum,
1224 3006 1338 3047 XIX,
1362 3006 1414 3043 12,

161 3062 174 3083 ⁸
224 3061 399 3099 Natione
417 3061 630 3100 lusitanus.
