2038 3400
423 266 930 305 309.-—CAESARAUGUSTA
959 264 983 301 8
1009 262 1258 300 Novfflffims
1290 261 1379 299 1559
1597 260 1665 296 379

96 370 308 416 cionatur,
339 380 526 418 eumque
557 366 610 404 ad
641 367 727 405 hoc
761 366 899 417 ipsum
931 364 1162 414 aliquoties
1193 362 1246 400 ad
1277 362 1472 400 diuersas
1503 362 1713 400 ecclesias

97 445 270 487 vocant,
296 445 343 478 et
364 438 538 490 quidem
560 438 780 489 plerisque
813 436 1088 487 applaudere
1111 443 1128 461 ἃ
1146 435 1273 480 solet,
1308 439 1351 471 et
1378 447 1465 471 uon
1494 434 1583 471 sine
1606 434 1716 469 fruc-

96 517 155 550 tu.
193 511 446 549 Doctrinam
482 509 756 548 christianam
796 508 995 546 omnibus
1026 506 1255 545 dominicis
1291 509 1334 543 et
1364 504 1533 542 festinis
1565 503 1717 541 diebus

96 582 267 633 quidam
291 595 344 620 ex
372 582 534 621 nostris
568 580 759 618 edocere
791 580 920 625 solet3
953 577 1298 629 grandioresque
1329 577 1441 613 inter
1472 587 1631 625 pueros
1665 573 1717 610 ad

96 655 181 693 hoc
204 653 461 692 exercitium
483 652 722 689 aduentare
744 649 960 696 videmus3
983 648 1099 698 quod
1122 648 1273 697 vtique
1295 660 1448 684 munus
1476 647 1544 683 Pr.
1572 650 1718 682 rector

98 740 193 764 cum
218 738 301 764 vno
324 725 457 762 fratre
481 723 689 773 suscepit,
723 728 853 773 atque
886 734 939 759 ex
972 720 1124 759 ordine
1147 719 1235 757 R.di
1259 719 1366 756 Pris.
1390 717 1527 756 nostri
1547 715 1719 766 prouin-

98 797 217 836 cialis
239 796 391 846 aliquis
428 808 481 833 ex
512 793 709 832 Patribus
743 792 1028 831 continuabit.
1062 791 1237 829 Eisdem
1269 789 1423 827 diebus
1455 788 1600 827 diuina
1631 787 1721 825 offi-

99 869 179 916 cia,
204 868 376 906 missam
398 865 601 905 videlicet
623 866 657 912 b,
683 870 726 903 et
748 876 971 914 vesperas,
997 866 1210 901 consueto
1235 867 1277 899 et
1308 858 1490 910 simplici
1520 864 1625 897 tono
1649 857 1721 895 de-

100 944 339 985 cantamus3
363 950 473 988 quae
498 937 641 975 omnia
661 949 749 974 non
769 948 919 986 parum
941 934 1109 972 animos
1130 932 1323 971 fidelium
1345 930 1592 969 aedificant.

151 1011 188 1049 8.
247 1010 332 1047 Res
353 1013 531 1046 nostrae
554 1021 629 1057 per
662 1006 834 1044 Domini
863 1005 1045 1057 gratiam
1085 1004 1127 1042 in
1157 1003 1469 1052 tranquillltate
1501 1005 1613 1039 sunt.
1640 1001 1721 1037 De-

99 1080 219 1120 uotio
244 1085 287 1118 et
309 1092 429 1117 amor
462 1091 567 1129 erga
596 1078 868 1116 Societatem
898 1080 1092 1114 nostram
1125 1079 1167 1112 et
1190 1086 1270 1112 nos
1299 1073 1341 1111 in
1372 1073 1605 1110 multorum
1637 1071 1723 1108 ani-

99 1152 193 1199 mis,
214 1156 257 1189 et
275 1149 562 1189 communiter
579 1149 690 1187 inter
708 1160 932 1198 procereS‚
953 1150 1239 1185 conseruatur
1258 1148 1301 1182 et
1319 1144 1493 1182 crescit.
1513 1142 1580 1180 Ad
1598 1142 1722 1193 perfi-

100 1223 284 1262 ciendan
307 1222 524 1261 ecclesiae
545 1226 722 1258 nostrae
745 1220 952 1257 fabricam
974 1217 1097 1256 multi
1114 1230 1194 1255 nos
1215 1215 1444 1254 beneuolis
1461 1214 1613 1253 animis
1636 1213 1724 1251 suis

102 1293 396 1343 eleemosynis
417 1293 641 1343 plusquam
666 1290 960 1329 mediocribus
982 1288 1257 1334 adffluerunt,
1277 1285 1539 1337 maiorisque
1557 1285 1723 1323 adiuto-

101 1366 149 1415 rij
173 1365 226 1403 ad
248 1364 397 1403 debita
416 1361 710 1414 persoluenda
733 1373 831 1411 spes
853 1359 977 1400 nobis
1000 1359 1100 1397 data
1122 1363 1203 1396 est.
1224 1357 1319 1396 Nec
1342 1355 1559 1395 minimam
1582 1369 1636 1394 ex
1659 1356 1724 1392 his

103 1436 301 1474 omnibus
323 1434 525 1473 fiduciam
548 1433 782 1483 concipere
810 1431 928 1478 licet,
952 1430 1070 1481 quod
1100 1435 1250 1468 nostra
1272 1429 1416 1467 omnia
1447 1428 1648 1466 foelicius
1683 1427 1723 1464 in

103 1508 196 1546 dies
217 1508 259 1546 in
290 1506 474 1545 Domino
508 1503 763 1543 succedent.
791 1502 920 1553 Quod
951 1507 996 1540 ut
1027 1502 1096 1547 sit,
1134 1502 1175 1539 in
1208 1501 1494 1550 omnibusque
1515 1498 1569 1536 ad
1591 1498 1724 1547 majo-

102 1592 194 1617 rem
215 1578 387 1616 Domini
410 1577 593 1627 gloriam
614 1575 726 1613 filios
747 1587 827 1613 nos
845 1574 1015 1624 dignos,
1035 1572 1367 1621 imitatoresque
1390 1576 1491 1609 tuae
1509 1570 1628 1608 ΗΜΘ
1653 1582 1724 1620 pa-

102 1649 320 1688 ternitatis
343 1648 643 1694 exhibeamus,
663 1646 904 1696 fidelesque
923 1644 1097 1683 Domini
1119 1644 1354 1693 mjnistros,
1371 1656 1451 1681 nos
1468 1642 1688 1681 humiliter
1711 1648 1727 1665 0

104 1721 326 1759 sacrificiis
348 1719 508 1757 sanctis
531 1723 573 1756 et
596 1716 867 1756 orationibus
900 1713 1178 1754 Paternitatis
1199 1720 1302 1752 tuae
1334 1712 1568 1752 admodum
1600 1712 1723 1751 Rdae

105 1790 477 1830 commendamus.
499 1792 878 1840 Caesaraugustae
903 1793 1061 1826 octauo
1088 1786 1159 1824 die
1181 1785 1446 1824 Nouembris
1473 1794 1586 1834 1559.

185 1863 385 1901 Minimus
407 1862 518 1900 filius
541 1866 641 1899 tuus
665 1866 709 1898 et
731 1872 885 1898 seruus
907 1858 948 1896 in
972 1858 1103 1897 Chro.

1462 1913 1489 1959 †

1325 1963 1571 2002 SANTACRUZ
1594 1963 1618 2000 ¹.

188 2022 352 2075 sigilli
370 2021 630 2073 vestigium.

153 2179 173 2198 a
222 2177 422 2215 assentiri.
477 2178 542 2202 —b
563 2177 739 2222 inquam.
795 2181 858 2199 —0
880 2174 973 2210 Del.
996 2173 1048 2209 in.

157 2335 166 2353 ¹
220 2333 283 2369 De
301 2345 379 2379 quo
398 2332 437 2368 in
454 2331 641 2376 catalogo
660 2329 824 2375 collegii
855 2327 1129 2376 majoricensis
1157 2326 1340 2363 exeuntis
1370 2326 1609 2362 Decembris
1643 2326 1733 2362 1565

109 2394 209 2430 haec
228 2393 424 2430 dicuntur:
447 2389 517 2427 «El
537 2389 668 2426 Padre
684 2389 784 2436 Joan
803 2388 989 2431 Cussoha,
1011 2386 1111 2423 alias
1131 2386 1391 2431 Sanctacruc,
1410 2387 1571 2422 catalan
1586 2387 1634 2422 de
1652 2385 1731 2422 Cu*

110 2451 404 2498 be11s‚quando
422 2454 538 2487 entro
558 2462 608 2485 en
628 2450 665 2485 la
687 2447 910 2494 Compafii'a
930 2459 999 2483 era
1019 2446 1258 2483 estudiante.
1286 2445 1410 2482 Entro
1429 2457 1479 2481 en
1506 2444 1734 2481 Barcelona

113 2524 162 2549 en
183 2512 221 2548 el
240 2516 317 2548 afio
336 2511 384 2547 de
406 2510 507 2553 1550,
528 2509 667 2545 siendo
686 2508 734 2545 de
755 2508 855 2543 edad
871 2507 920 2543 de
939 2506 983 2542 ‘24
1003 2511 1110 2543 ahos.
1132 2505 1197 2548 Ha
1216 2505 1316 2552 oydo
1338 2507 1397 2541 las
1415 2512 1537 2549 artes,
1565 2518 1587 2550 y
1616 2505 1685 2541 dos
1712 2518 1734 2541 o

112 2577 195 2608 tres
213 2576 310 2607 afios
329 2571 377 2607 de
398 2570 616 2616 theologia.
637 2568 692 2605 Es
711 2567 918 2615 coadjutor
936 2565 1119 2613 spiritual
1140 2565 1331 2601 formado.
1356 2564 1457 2602 Hizo
1477 2565 1536 2601 los
1555 2570 1663 2601 votos
1684 2578 1734 2601 en

114 2630 351 2667 Valladolid
370 2642 464 2666 creo
482 2641 560 2675 que
589 2641 640 2665 en
666 2628 789 2674 poder
813 2627 875 2663 del
906 2633 966 2672 μθ
1000 2624 1215 2662 Francisco
1242 2624 1515 2661 commissario
1546 2624 1731 2670 general.

114 2690 243 2726 Tiene
262 2689 449 2726 mediano
468 2688 666 2735 psilpito.»
688 2687 733 2724 In
752 2687 836 2723 cod.
859 2686 1046 2731 Aragon.
1068 2686 1130 2727 15,
1154 2684 1178 2721 f.
1200 2685 1244 2720 44
1264 2683 1388 2730 (prius
1405 2683 1463 2727 50,
1484 2683 1565 2728 405,
1587 2682 1673 2727 ΧΙ).
