2038 3400
512 224 900 263 ⁴07.—V1N00130NA
926 226 967 264 31
999 226 1189 263 Aucusrl
1219 226 1308 263 1560
1605 225 1673 261 767

100 332 261 365 rantur.
300 325 442 375 Atque
479 326 537 364 ita
566 327 727 365 factum
766 335 845 376 est,
876 336 922 367 ut
956 334 1055 367 ante
1088 330 1289 378 hyemem
1322 341 1478 379 magna
1508 329 1719 379 quaedam

99 400 275 439 scholae
303 414 415 452 pars,
441 400 616 440 Christo
640 402 737 439 Iesu
769 401 882 439 bene
912 401 1116 452 propitio,
1141 400 1382 450 sumptibus
1406 399 1602 437 eiusdem
1626 411 1721 437 cae-

100 471 204 508 saris
221 472 491 511 absoluenda
513 473 578 511 sit.

155 553 214 581 11.
274 544 400 582 Nunc
422 545 552 582 uenio
575 543 629 582 ad
651 543 895 582 domestica
911 544 1113 594 negocia,
1139 544 1189 582 de
1211 541 1371 592 quibus
1392 542 1537 580 multa
1559 542 1720 581 scribe-

97 626 145 653 re
166 615 249 654 hoc
270 616 480 665 tempore,
506 617 624 665 quod
655 617 705 654 de
735 615 806 655 his
834 614 1026 666 alijsqzte
1047 613 1356 665 compluribus
1378 612 1507 652 breul
1529 612 1720 652 scriben-

97 687 203 723 dum
222 686 362 735 plura
397 685 620 733 existimo,
643 690 1034 737 snperuaccznemn
1064 685 1285 725 arbitror.
1319 685 1477 724 Sumus
1509 685 1720 722 tamenin

94 757 180 794 hoc
203 756 430 795 viennensi
451 757 657 808 collegio,
691 764 736 796 ut
768 770 822 796 ex
852 758 994 796 indice
1027 755 1260 803 uidebitur,
1285 755 1596 807 quinquaginta
1625 755 1719 793 fere

95 828 149 866 de
171 828 414 875 Societate,
438 828 622 867 totidem
646 842 751 867 uero
776 830 962 875 externi,
986 841 1136 867 mensa
1158 833 1201 866 et
1223 826 1493 866 habitatione
1515 840 1539 864 a
1559 827 1719 864 nostris

95 899 298 944 distincti,
315 913 498 950 quorum
511 900 686 951 quidem
703 913 858 952 magna
872 913 969 951 pars
985 900 1202 951 impensas
1219 899 1366 946 soluit,
1385 898 1579 937 coeteris
1593 900 1626 944 a,
1646 902 1718 935 aut

95 982 158 1017 22,
184 971 415 1009 commode
451 972 555 1010 satis
578 984 633 1009 ex
656 973 949 1022 eleemosynis
971 971 1116 1009 diuina
1137 971 1370 1009 clementia
1386 968 1661 1020 prouidetur
1682 969 1715 1007 b.

94 1042 140 1079 ln
160 1042 315 1080 horum
345 1055 573 1081 numerum
595 1048 725 1094 atque
749 1044 983 1094 collegium
1005 1043 1140 1093 (quod
1161 1055 1323 1080 nouum
1346 1041 1574 1091 uocamus)
1596 1041 1718 1078 nobi-

92 1112 224 1152 liores
245 1114 433 1165 quidam,
453 1127 504 1153 ac
520 1115 588 1164 alij
608 1119 839 1165 praeterea
855 1128 942 1153 non
958 1115 1099 1165 pauci,
1120 1127 1251 1165 saepe
1269 1114 1404 1164 recipi
1425 1114 1715 1164 postularunt,

92 1185 171 1223 sed
200 1186 286 1224 1001
307 1187 506 1237 angustia
536 1186 577 1224 id
608 1200 738 1236 posse
762 1187 843 1224 illis
873 1199 898 1224 a
924 1185 1051 1224 nobis
1073 1185 1274 1232 concedi,
1298 1184 1416 1235 quod
1438 1197 1716 1235 summopere

91 1256 282 1307 alioquin
305 1262 519 1307 optamus,
542 1270 630 1294 non
650 1258 811 1307 patitur
833 1269 952 1295 sane.
978 1256 1162 1307 Recepti
1193 1260 1292 1294 sunt
1313 1260 1460 1293 tamen
1481 1256 1594 1293 inter
1616 1267 1716 1293 0011-

91 1327 284 1366 01010165
307 1340 361 1366 ex
394 1329 643 1368 cantoribus
674 1329 723 1367 C.
758 1330 812 1367 M.
847 1327 1157 1366 adolescentes
1178 1327 1384 1378 quinque,
1411 1326 1601 1377 optimae
1623 1328 1716 1378 spei

91 1400 222 1448 atque
243 1400 581 1449 expectationis,
605 1406 813 1452 quantum
845 1412 899 1437 ex
930 1398 1081 1437 habitu
1102 1398 1299 1449 corporis
1331 1403 1374 1435 et
1395 1398 1565 1436 interna
1586 1398 1715 1437 animi

89 1471 375 1521 dispositione
412 1473 622 1523 colligere
653 1473 772 1511 licet.
804 1472 946 1523 Atque
976 1476 1023 1509 ut
1052 1477 1198 1509 tantus
1226 1476 1478 1509 nostrorum
1508 1483 1715 1509 numerus

88 1541 254 1582 animos
285 1544 501 1582 continuis
533 1544 688 1593 studijs
718 1543 986 1595 defatigatos
1008 1542 1241 1581 commode
1268 1541 1488 1580 interdum
1510 1554 1713 1579 recreare

86 1615 238 1664 possit,
264 1616 417 1654 ciuitas
439 1622 560 1654 certa
579 1615 764 1667 quadam
785 1622 908 1666 parte
932 1616 1085 1666 campi,
1108 1628 1196 1653 non
1216 1615 1348 1665 longe
1371 1627 1395 1652 a
1414 1619 1542 1664 porta
1564 1613 1712 1652 ciuita-

87 1686 141 1724 tis
171 1688 270 1725 loco
303 1686 407 1725 satis
438 1687 687 1734 commodo,
713 1687 947 1738 collegium
967 1692 1165 1726 nostrum
1187 1684 1383 1733 donauit,
1407 1697 1534 1737 quarn
1566 1691 1713 1724 rector

85 1763 236 1796 noster
266 1764 387 1797 curat
417 1757 501 1797 iam
536 1760 756 1797 asseribus
791 1758 926 1809 (quod
959 1758 1001 1796 id
1031 1757 1246 1809 lapidibus
1276 1762 1457 1808 propter
1492 1761 1710 1795 turcarum

84 1830 253 1879 tyranni
269 1830 473 1881 principis
491 1830 760 1869 uicinitatem
781 1843 858 1881 per
881 1830 1069 1868 ciuitatis
1086 1830 1231 1880 legem
1252 1842 1340 1867 non
1362 1830 1510 1878 liceat)
1531 1829 1709 1876 includi,

85 1901 348 1952 domumque
379 1903 420 1940 in
452 1915 503 1940 ea
534 1903 692 1949 extrui,
717 1908 763 1940 ut
792 1915 870 1952 per
891 1902 1109 1952 integrum
1132 1901 1246 1939 diem
1269 1902 1531 1952 quandoque
1553 1901 1711 1939 fratres

85 1985 138 2010 eo
163 1985 209 2010 se
231 1973 430 2024 recipere
453 1986 517 2019 ac,
543 1975 574 2011 si
597 1974 839 2011 necessitas
855 1973 981 2020 ferat,
1001 1973 1194 2023 pluribus
1217 1973 1345 2011 etiam
1371 1972 1527 2011 diebus
1548 1972 1709 2011 ibidem

85 2045 346 2083 commorari
366 2046 548 2095 possint.
917 2036 919 2039 ¹

142 2126 201 2154 12.
256 2118 347 2168 Jam
371 2129 492 2163 uero,
517 2130 570 2155 ne
595 2116 770 2154 modum
793 2117 1005 2167 epistolae
1038 2116 1258 2156 excedere
1290 2116 1456 2162 uidear,
1481 2116 1650 2162 lubens,
1675 2116 1709 2153 si

81 2187 185 2225 illud
207 2201 337 2225 unum
358 2187 584 2234 addidero,
609 2188 726 2238 quod
748 2200 850 2226 sane
867 2189 984 2239 prius
1002 2188 1165 2227 dictum
1185 2187 1393 2237 oportuit,
1415 2186 1707 2237 colophonem

82 2260 312 2310 imponam.
338 2261 461 2297 RflfflS
484 2260 723 2298 Stanislaus
755 2260 932 2307 Hosius,
956 2260 1027 2311 qui
1049 2260 1119 2298 hic
1149 2259 1262 2310 apud
1294 2271 1516 2297 caesarem
1537 2257 1706 2308 pontifi-

83 2331 143 2369 015
178 2331 349 2369 maximi
384 2332 587 2369 nuncium
618 2332 721 2381 agit,
751 2344 918 2369 summo
942 2331 1085 2369 studio
1108 2344 1157 2369 ac
1188 2343 1337 2368 amore
1358 2330 1469 2367 hanc
1491 2328 1705 2366 minimam

81 2402 349 2441 Societatem
370 2408 563 2441 nostram
594 2403 884 2454 prosequitur,
909 2403 1026 2453 quod
1048 2403 1259 2440 hactenus
1281 2413 1410 2452 saepe
1435 2401 1580 2438 multis
1603 2413 1705 2451 erga

79 2486 159 2511 nos
180 2474 519 2512 beneuolentiae
542 2474 675 2525 signis
696 2474 858 2512 affatim
877 2473 1131 2512 declarauit.
1157 2475 1196 2512 Is
1220 2486 1317 2511 cum
1340 2485 1394 2510 ex
1418 2473 1534 2510 Urbe
1558 2484 1704 2510 reuer-

80 2558 151 2583 sus
185 2552 317 2593 esset,
340 2547 468 2597 paulo
490 2552 589 2596 post
620 2546 855 2596 collegium
876 2552 1074 2584 nostrum
1095 2546 1258 2592 inuisit,
1284 2545 1355 2583 ubi
1377 2544 1638 2583 carminibus
1661 2550 1703 2581 et

79 2618 248 2667 graecis
271 2624 315 2655 et
336 2618 477 2656 latinis
499 2631 523 2656 a
543 2618 717 2664 nostris,
742 2631 852 2668 quos
874 2630 1004 2668 saepe
1026 2617 1079 2655 ad
1102 2630 1148 2655 se
1168 2623 1312 2663 uocat,
1337 2622 1410 2655 aut
1432 2618 1545 2654 ultro
1570 2616 1699 2663 officij

73 2681 208 2728 'causa
236 2689 503 2728 accedentes
530 2689 836 2727 humanissime
867 2689 1043 2739 excipit,
1080 2688 1323 2726 honorifice
1364 2693 1577 2738 exceptus
1617 2691 1698 2723 est.

80 2759 197 2798 Idem
228 2760 268 2798 in
301 2761 534 2811 collegium
564 2765 759 2798 nostrum
792 2761 900 2797 R.¹1²0
946 2760 1275 2810 archiepiscopo
1306 2759 1556 2810 gnesnensi,
1591 2757 1701 2795 eius-

78 2830 265 2881 demque
300 2833 421 2883 regni
445 2832 651 2870 Poloniae
693 2836 866 2869 oratore
903 2832 950 2869 R.
989 2833 1040 2869 D.
1081 2832 1309 2877 Cromero,
1348 2832 1455 2868 R.¹¹20
1490 2829 1697 2880 episcopo

122 3035 141 3054 a
186 3035 450 3081 Consumpta
467 3035 632 3079 charta,
651 3045 792 3072 unum
808 3035 988 3072 verbum
1002 3035 1088 3082 legi
1099 3038 1259 3083 nequit.
1315 3038 1378 3061 —b
1399 3039 1692 3073 sustentantur.
