2038 3400
335 275 405 311 758
802 275 1019 311 ΙΑΤΤΕΝΑΕ
1049 275 1405 320 ΟυΑι)κιΜε5Ί“κΕ5

288 376 369 415 hac
405 378 445 415 in
479 383 603 428 parte
638 383 835 415 nostrum
858 376 1043 414 maxime
1065 377 1379 427 approbabant.
1405 377 1533 414 R.¹¹¹1²S
1556 388 1663 414 uero
1688 376 1919 427 episcopus

288 447 540 488 viennensis
563 449 588 496 ¹,
612 448 665 487 ad
682 461 812 499 quem
831 448 962 486 etiam
986 448 1130 485 statim
1151 447 1265 486 fama
1285 447 1412 485 huius
1430 449 1493 486 rei
1513 453 1793 498 peruenerat,
1818 448 1919 487 dum

289 534 365 572 per
389 534 435 559 se
455 520 612 559 clarius
633 520 675 558 id
699 520 1000 570 cognouisset,
1039 526 1084 557 et
1117 532 1210 557 rem
1245 520 1298 557 ab
1336 520 1534 557 omnibus
1571 520 1918 558 commendatam

289 591 476 642 proprijs
508 591 773 641 inspexisset
798 591 951 628 oculis:
979 590 1253 628 ornatissime
1276 603 1372 638 UOS,
1396 591 1548 641 inquit,
1573 591 1709 628 altare
1731 591 1919 638 Domini,

289 677 369 702 nos
392 676 499 702 uero
532 674 704 701 mensas
737 674 953 699 ornamus.
989 660 1135 699 Allicit
1165 662 1311 713 itaque
1345 662 1575 712 plurimum
1608 667 1785 700 ornatus
1820 662 1918 709 iste,

293 735 388 773 Deo
420 735 597 773 infinitis
629 733 770 772 modis
801 734 1019 784 rebusque
1052 733 1209 772 diuinis
1240 733 1429 780 debitus,
1463 733 1516 771 ad
1546 733 1756 784 pietatem
1777 746 1922 784 quam-

289 807 499 858 plurimos
534 818 858 857 germanorum,
896 806 966 855 qui
1002 804 1045 843 id
1079 805 1219 855 ipsum
1255 818 1280 843 a
1314 805 1550 843 maioribus
1586 806 1673 843 suis
1707 806 1922 844 honestis·

290 879 446 917 simum
477 891 650 929 semper
681 877 815 916 fuisse
848 879 943 915 Deo
976 878 1225 928 sanctisque
1257 878 1344 915 suis
1375 867 1562 915 maxime
1585 876 1796 924 debitum,
1822 878 1921 916 olim

292 956 414 988 certe
446 949 708 988 didicerunt.
749 948 845 986 Fuit
880 948 992 986 inter
1027 948 1132 986 alias
1154 949 1307 986 mulier
1329 948 1558 999 quaedam,
1582 962 1668 986 non
1690 948 1923 986 admodum

291 1021 463 1073 pinguis
484 1021 704 1067 fortunae,
730 1032 842 1070 quae
865 1032 962 1057 cum
985 1019 1095 1057 duos
1118 1019 1293 1058 daleros
1315 1020 1357 1057 in
1378 1033 1503 1058 usum
1524 1020 1795 1058 tabernaculi
1813 1033 1924 1058 sum-

292 1106 360 1131 ma
382 1092 669 1131 contentione
693 1091 827 1141 recipi
849 1104 873 1128 a
894 1091 1055 1128 nostris
1076 1091 1305 1138 uoluisset,
1330 1103 1464 1142 aegro
1496 1091 1639 1129 animo
1671 1091 1842 1130 ferebat
1878 1103 1924 1129 se

292 1178 344 1203 ea
377 1165 420 1203 in
454 1178 500 1203 re
537 1162 627 1215 pati
661 1163 894 1214 repulsam.
927 1162 1119 1201 Nolebat
1141 1163 1255 1201 enim
1278 1164 1328 1209 is,
1353 1163 1424 1213 qui
1445 1163 1598 1214 templi
1626 1175 1771 1201 curam
1793 1163 1923 1214 gerit,

292 1237 522 1289 quicquam
544 1236 597 1274 ab
621 1248 673 1273 ea
693 1236 911 1286 accipere,
931 1234 1049 1286 quod
1071 1235 1203 1273 sciret
1223 1247 1311 1273 non
1334 1247 1472 1286 usque
1494 1234 1606 1273 adeo
1631 1235 1811 1274 diuitem
1831 1248 1925 1274 earn

293 1323 409 1357 esse,
434 1314 480 1347 ut
503 1308 612 1346 citra
633 1307 809 1358 aliquod
829 1306 1156 1345 incommodum
1179 1307 1264 1346 hoc
1293 1307 1462 1346 faceret
1495 1307 1820 1358 eleemosynae.
1853 1308 1928 1346 Illa

294 1393 401 1419 uero
423 1381 539 1418 nulla
560 1379 731 1418 ratione
748 1377 915 1429 quieuit
933 1378 1076 1417 donec
1096 1378 1361 1429 impetrauit,
1381 1384 1426 1417 ut
1450 1392 1501 1417 ea
1522 1379 1708 1429 pecunia
1730 1377 1770 1417 ei
1790 1379 1869 1426 rei,
1894 1379 1927 1417 si

292 1453 334 1491 id
363 1452 479 1491 forte
510 1451 756 1490 necessitas
786 1452 1031 1501 postularet
1052 1457 1085 1497 a,
1119 1449 1545 1490 accommodaretur.
1580 1451 1676 1489 Fuit
1697 1456 1930 1501 praeterea

294 1525 357 1563 uir
391 1525 500 1563 alius
535 1525 750 1562 honestae
788 1522 1069 1570 conditionis,
1107 1523 1179 1574 qui
1209 1535 1296 1561 non
1331 1522 1486 1561 minori
1522 1523 1684 1561 affectu
1719 1535 1795 1561 uas
1828 1524 1927 1561 oleo

295 1602 445 1635 sancto
469 1594 737 1634 asseruando
762 1594 1282 1641 accommodatissimum,
1306 1608 1391 1646 quo
1414 1596 1643 1646 plurimum
1671 1595 1926 1646 egebamus,

295 1680 452 1718 magno
474 1667 579 1705 satis
600 1666 751 1717 precio
773 1678 827 1704 ex
850 1670 1035 1717 argento
1056 1670 1099 1703 et
1120 1678 1226 1703 auro
1250 1666 1413 1717 templo
1431 1671 1583 1704 nostro
1603 1666 1811 1705 confecit.
1835 1667 1930 1704 Hac

295 1750 399 1777 sane
421 1738 592 1776 ratione
614 1737 781 1788 pietate
804 1749 882 1774 sua
902 1736 1100 1787 germani
1130 1737 1195 1787 (ut
1225 1736 1279 1775 de
1311 1736 1502 1787 hispanis
1530 1736 1635 1776 nihil
1670 1737 1740 1776 hic
1770 1736 1929 1787 dicam)

294 1824 375 1849 nos
411 1823 464 1849 eo
501 1810 791 1848 uehementer
822 1808 1064 1859 impellunt,
1098 1813 1144 1847 ut
1174 1821 1262 1846 non
1283 1810 1559 1859 quiescamus
1581 1809 1726 1848 donec
1747 1809 1927 1860 reliqua,

296 1894 407 1934 quae
428 1881 482 1919 ad
503 1882 713 1932 pietatem
735 1881 897 1931 pariter
921 1886 965 1919 et
988 1882 1152 1919 cultum
1174 1880 1366 1919 diuinum
1389 1894 1440 1919 ac
1460 1882 1611 1932 templi
1632 1882 1771 1920 nostri
1807 1894 1929 1919 orna-

296 1960 385 1992 tum
407 1953 701 2004 requiruntur,
726 1953 891 1991 maiore
910 1965 1038 2003 quam
1060 1959 1191 1991 antea
1213 1966 1289 2004 spe
1310 1952 1567 2004 perficiendi
1583 1953 1700 2004 quod
1723 1959 1926 2004 coeptum

296 2030 378 2072 est,
417 2024 637 2063 conficere
674 2024 997 2076 aggrediamur.
1037 2024 1172 2062 Multa
1204 2025 1276 2063 hic
1310 2025 1540 2063 breuitatis
1571 2037 1702 2063 causa
1734 2026 1929 2063 omittam

295 2098 422 2135 huius
443 2097 620 2148 generis
653 2096 798 2135 officia
827 2109 1136 2147 germanorum
1171 2095 1334 2147 pariter
1369 2109 1420 2135 ac
1454 2097 1749 2147 hispanorum,
1786 2109 1929 2148 neque

297 2169 484 2207 referam
514 2180 566 2206 ea
598 2168 741 2206 omnia
772 2181 884 2219 quae
915 2168 982 2206 his
1012 2173 1198 2219 quatuor
1229 2169 1451 2206 mensibus
1482 2167 1582 2206 data
1612 2174 1713 2206 sunt
1733 2168 1859 2207 nobis
1880 2181 1931 2207 ac

301 2239 465 2290 templo
489 2244 763 2278 consecrata.

351 2323 389 2360 4.
452 2311 655 2361 Quinque
678 2311 768 2361 pari
791 2311 936 2349 studio
959 2324 1010 2349 ac
1031 2311 1208 2349 feruore
1230 2310 1272 2349 in
1294 2311 1566 2350 Societatem
1588 2311 1756 2350 admitti
1783 2317 1930 2363 postu-

298 2384 455 2430 larunt,
480 2396 557 2433 pro
576 2383 748 2421 duobus
769 2383 849 2434 ipsi
868 2383 998 2422 etiam
1018 2387 1226 2434 parentes
1246 2383 1481 2421 instabant.
1507 2384 1571 2422 Ex
1592 2384 1658 2421 his
1679 2389 1841 2431 tamen,
1860 2385 1931 2423 uel

299 2454 416 2506 quod
438 2460 632 2493 aetatem
654 2468 741 2493 non
763 2455 994 2503 haberent,
1019 2456 1090 2493 uel
1112 2455 1229 2506 quod
1251 2456 1333 2494 alia
1354 2456 1524 2494 ratione
1547 2457 1700 2494 Patres
1719 2457 1858 2494 nostri
1888 2456 1931 2494 id

298 2526 475 2578 negocij
499 2526 540 2564 in
563 2526 679 2564 aliud
701 2532 874 2577 ternpus
896 2526 1188 2566 differendum
1210 2532 1429 2578 putarent,
1454 2527 1667 2566 admissus
1689 2533 1756 2566 est
1782 2541 1928 2567 nemo.

301 2600 464 2638 Sextus
485 2610 593 2636 uero
616 2598 635 2622 b
658 2610 755 2635 cum
776 2598 818 2635 in
842 2598 1134 2649 spiritualibus
1157 2599 1396 2649 exercitijs,
1421 2599 1576 2650 quibus
1596 2611 1674 2650 per
1696 2601 1930 2638 Rectorem

300 2674 498 2708 nostrum
521 2669 830 2716 exercebatur,
856 2682 956 2708 sese
980 2672 1074 2708 Deo
1099 2676 1422 2718 consecrasset,
1455 2669 1712 2709 iustissimas
1748 2672 1803 2709 ob
1835 2685 1932 2710 cau-

301 2755 386 2788 sas,
410 2745 456 2779 ut
485 2739 527 2779 in
559 2740 829 2779 Societatem
862 2741 1151 2792 reciperetur,
1177 2742 1378 2780 obtinuit:
1412 2744 1451 2781 et
1481 2743 1600 2792 quod
1628 2741 1675 2780 in
1704 2742 1933 2794 exercitis&

296 2816 378 2864 per
399 2825 443 2852 se
465 2813 744 2859 decreuerat,
770 2814 880 2850 uota
902 2811 1146 2852 societatis
1166 2811 1324 2851 statim
1354 2811 1517 2851 emisit.
1547 2814 1587 2851 Is
1617 2813 1752 2852 multa
1780 2812 1933 2853 nobili-

348 2950 368 2970 a
405 2951 436 2988 5
450 2961 518 2987 vv.
538 2954 682 2995 praec.
704 2950 750 2985 in
772 2960 911 2995 marg.
968 2951 1032 2976 —b
1059 2949 1171 2988 Zvv.
1193 2955 1336 2997 praec.
1358 2954 1495 2996 supra
1513 2961 1639 2995 vers..
1661 2950 1799 2988 deleto
1816 2964 1930 2990 vnus.

353 3096 361 3116 ¹
415 3092 620 3132 Antonius
639 3092 744 3130 Brus
762 3093 811 3131 de
831 3092 1015 3140 Muglitz.
