2038 3400
357 245 427 282 376>
848 247 1068 284 LITTERAE
1095 247 1453 292 QUADRIMESTRES

313 347 367 385 de
399 349 547 398 elapso
578 349 886 401 quadrimestri
917 349 1241 388 desiderentur.
1285 348 1589 399 [Imperitiam
1617 352 1832 398 excusat.1
1865 351 1941 388 Su-

313 433 407 458 mus
428 420 469 458 in
500 422 585 459 hoc
616 421 806 472 collegio
838 433 1021 459 numero
1056 420 1307 468 duodecim,
1341 421 1503 459 Patres
1534 420 1743 470 quinque,
1777 420 1944 471 reliqui

305 491 488 542 fratres
509 500 542 539 a,
567 506 750 543 quorum
786 507 897 531 vnus
931 493 1003 543 qui
1040 497 1083 530 et
1104 493 1123 517 b
1144 492 1436 543 phylosophia
1472 497 1515 530 et
1537 499 1553 517 C
1574 493 1802 543 theologia
1831 493 1942 543 plus-

313 576 440 614 quam
472 564 755 602 mediocriter
785 564 989 615 profecit,
1020 565 1102 601 iam
1125 564 1208 601 iam
1230 562 1284 601 ad
1307 575 1457 602 sacros
1481 564 1672 611 ordineS,
1695 564 1790 602 Deo
1814 564 1941 611 duce,

312 635 660 685 promouebitur.
683 635 849 673 Omnes
873 646 1077 685 corpore,
1104 635 1185 672 Dei
1207 634 1422 681 bonitate,
1448 635 1658 676 valemus.
1683 641 1727 673 et
1749 640 1794 673 ut
1826 635 1944 685 spiri-

314 711 359 743 tu
383 706 582 755 ejusdem
605 706 779 744 Domini
800 705 941 757 gratia
962 707 1203 753 valeamus,
1223 719 1311 744 non
1328 706 1503 744 minima
1524 706 1774 745 sollicitudo
1799 714 1880 754 est,
1900 713 1946 744 ut

316 784 359 815 et
382 778 563 829 regulae
586 784 818 816 seruentur
844 783 887 815 et
918 783 1091 829 tempus
1122 778 1390 829 assignatum
1423 778 1611 816 orationi
1639 778 1868 825 tribuatur,
1903 784 1946 816 et

316 854 360 886 ut
385 849 667 887 obedientiae
686 849 927 895 deferatur,
954 850 1087 899 atque
1109 849 1127 873 d
1150 849 1348 888 humane
1370 849 1620 896 deficientes
1640 848 1791 887 solitis
1813 862 1946 888 reme-

317 919 407 958 diis
429 920 735 959 admitantur.
761 920 894 959 Dedit
915 921 958 959 in
979 921 1046 958 his
1068 921 1280 958 Dominus
1301 920 1565 971 profectum,
1601 926 1644 958 et
1676 921 1768 958 eius
1799 920 1946 958 diuino

316 992 477 1030 auxilio
510 1005 735 1043 speramus
762 993 874 1040 fore,
900 998 947 1031 ut
968 993 1009 1030 in
1032 992 1126 1030 dies
1148 993 1285 1043 magis
1308 998 1522 1044 augeatur
1543 992 1584 1030 in
1609 993 1822 1031 omnibus.
1848 992 1948 1030 Om-

316 1076 395 1102 nes
417 1063 651 1102 domestici
673 1065 897 1103 charitatis
919 1070 1155 1102 nectuntur
1177 1076 1342 1111 amore,
1374 1077 1459 1115 quo
1493 1066 1623 1103 etiam
1656 1070 1864 1103 externos
1895 1064 1949 1102 ad

318 1135 399 1173 Dei
431 1136 595 1173 cultum
617 1134 841 1174 adducere
864 1139 1088 1187 satagunt3
1113 1142 1157 1173 et
1180 1134 1295 1173 circa
1316 1136 1397 1174 hos
1419 1137 1602 1186 quilibet
1626 1149 1679 1174 ex
1700 1136 1863 1174 nostris
1885 1148 1949 1173 se-

319 1207 507 1245 cundum
531 1207 814 1246 commissum
838 1207 920 1246 sibi
941 1220 965 1246 a
986 1207 1175 1246 Domino
1204 1207 1418 1246 talentum
1451 1213 1495 1246 et
1527 1207 1808 1247 obedientiae
1838 1207 1949 1245 ordi-

316 1291 416 1317 nem
440 1284 692 1329 occupatur.

372 1362 409 1389 2.
472 1351 594 1389 Multi
631 1351 686 1389 ad
720 1364 801 1390 nos
834 1359 851 1376 ὃ
889 1364 943 1389 ex
978 1352 1197 1390 nobilibus
1227 1352 1239 1376 f
1265 1351 1497 1399 accedunt,
1534 1352 1770 1403 praecipue
1805 1356 1951 1390 autern

318 1424 540 1462 foeminae
561 1422 818 1471 nobiliores,
845 1429 891 1461 ut
912 1429 1095 1474 peccata
1119 1424 1428 1462 confiteantur.
1452 1424 1659 1462 Nonnulli
1680 1424 1949 1476 frequenter,

319 1495 593 1546 frequentius
615 1500 763 1533 tamen
785 1495 827 1533 in
849 1495 1164 1533 testiuitatibus
1187 1495 1542 1541 solemnioribus;
1562 1501 1606 1533 et
1626 1494 1668 1532 in
1689 1495 1755 1533 his
1776 1495 1951 1547 quidem

320 1573 465 1606 tantus
487 1568 602 1605 solet
625 1579 724 1606 esse
746 1580 824 1619 per
847 1567 941 1605 dies
963 1568 1130 1618 aliquot
1151 1567 1291 1607 etiam
1312 1573 1414 1606 ante
1442 1567 1603 1606 festum
1634 1568 1795 1606 nostris
1826 1568 1952 1606 confi-

319 1640 404 1677 teri
434 1638 779 1677 desiderantium
812 1652 1067 1686 concursus,
1102 1645 1147 1678 ut
1179 1638 1549 1678 confessariorum
1579 1652 1785 1677 numerus
1821 1651 1952 1689 saepe

322 1711 513 1758 deficiat,
547 1717 594 1749 vt
625 1711 688 1749 sic
717 1711 841 1749 multi
873 1716 1080 1749 votorum
1102 1711 1292 1762 impotes
1314 1718 1336 1744 g
1357 1723 1443 1749 vno
1467 1710 1538 1749 die
1572 1710 1798 1758 recedant,
1830 1717 1876 1749 ut
1906 1711 1954 1749 in

320 1783 405 1822 alio
428 1783 447 1807 h
471 1782 641 1834 copiam
664 1782 856 1821 habeant
879 1783 1154 1832 confessarij.
1180 1782 1311 1832 Quod
1334 1788 1378 1820 et
1407 1783 1449 1820 in
1480 1783 1562 1821 hac
1592 1782 1834 1821 festiuitate
1866 1796 1954 1821 om-

320 1855 437 1893 nium
469 1860 720 1892 sanctorum
744 1853 908 1901 euenit,
933 1855 975 1892 in
997 1867 1081 1905 qua
1102 1854 1309 1905 permulti
1331 1854 1654 1893 sanctissimum
1676 1854 1839 1892 Christi
1861 1867 1953 1893 cor-

320 1940 400 1977 pus
421 1927 463 1964 in
484 1929 633 1964 nostra
654 1931 934 1976 sumpserunt
963 1925 1169 1973 ecclesia3
1192 1925 1554 1977 permaximeque
1589 1925 1631 1963 in
1660 1925 1816 1963 diebus
1847 1925 1954 1963 iubi-

323 1998 380 2036 lei
401 1998 411 2023 i
440 1998 553 2036 solet
573 1997 769 2035 euenire.
790 1997 936 2047 Atque
953 1998 995 2036 in
1013 1998 1100 2036 hoc
1118 1997 1359 2035 confitendi
1381 1998 1400 2022 k
1422 2009 1604 2035 munere
1623 1996 1842 2035 credimus
1859 1998 1954 2035 Deo

325 2069 490 2120 optimo
523 2068 533 2093 ¹
577 2081 665 2107 non
696 2068 984 2108 mediocriter
1016 2068 1240 2108 inseruirt
1269 2076 1315 2117 1¹¹,
1339 2074 1429 2107 turn
1451 2075 1631 2120 propter
1653 2069 1887 2106 multorum
1915 2069 1955 2106 in

326 2142 477 2192 spiritu
499 2140 763 2192 profectum,
786 2144 878 2178 tum
912 2140 1043 2179 etiam
1075 2141 1176 2192 quia
1206 2153 1304 2179 cum
1336 2140 1472 2192 gratis
1505 2146 1548 2178 et
1586 2153 1738 2179 omnes
1767 2140 1956 2178 libenter

326 2215 541 2262 audimus,
566 2224 783 2264 personae
806 2214 1118 2264 pauperculae,
1143 2225 1255 2265 quae
1277 2213 1331 2251 ab
1353 2212 1446 2251 aliis
1467 2224 1554 2251 non
1576 2212 1638 2250 sic
1668 2211 1854 2251 libenter
1885 2212 1956 2250 ad-

327 2288 573 2334 mittuntur,
598 2287 653 2326 ad
674 2301 755 2326 nos
778 2288 1006 2326 confluunt
1030 2291 1074 2324 et
1096 2298 1193 2324 curn
1217 2284 1522 2323 consolatione
1545 2283 1771 2322 recedunt.

380 2370 417 2407 3.
482 2361 635 2398 Patres
669 2359 724 2398 ad
758 2357 1016 2398 inuisendos
1046 2358 1241 2396 infirmos
1275 2362 1319 2395 et
1348 2356 1634 2408 agonizantes
1656 2355 1863 2394 accersiri
1891 2368 1958 2392 so-

329 2432 436 2479 lent3
458 2430 511 2469 ad
534 2431 652 2481 quod
675 2445 830 2470 munus
852 2429 1002 2469 vocati
1024 2429 1260 2480 diligenter
1282 2433 1531 2473 accurrunt3
1559 2427 1827 2465 infirmorum
1857 2439 1957 2478 pau-

327 2516 480 2554 perum
515 2503 691 2542 domum
727 2503 793 2541 bis
829 2503 1010 2554 singulis
1046 2500 1335 2539 hebdomadis
1370 2500 1510 2539 Pater
1531 2506 1551 2524 ¹¹
1586 2498 1760 2550 quidam
1795 2499 1956 2544 inuisit,

330 2588 496 2626 eosque
520 2582 564 2614 et
586 2575 805 2615 consolari
828 2580 1027 2621 conatur,
1054 2577 1097 2612 et
1119 2571 1352 2623 aliquando
1384 2584 1536 2610 eorum
1569 2570 1688 2609 audit
1720 2569 1959 2609 confessio-

329 2660 422 2694 nes,
457 2653 501 2685 et
530 2648 760 2686 nonnullas
791 2660 845 2685 ex
869 2646 1014 2685 multis
1036 2651 1155 2684 retro
1179 2644 1316 2691 annis,
1340 2643 1459 2694 quod
1481 2642 1595 2694 apud
1617 2654 1841 2681 carcerem
1859 2641 1959 2691 pln-

330 2718 421 2758 rz'es
442 2726 460 2744 0
489 2718 721 2770 contingit3
753 2731 884 2770 quem
916 2718 1067 2769 vtique
1099 2717 1244 2755 locum
1275 2728 1386 2754 vnus
1423 2727 1476 2753 ex
1514 2712 1713 2752 Patribus
1748 2713 1885 2751 semel
1919 2712 1960 2750 in

377 2894 397 2914 a
447 2906 496 2931 ex
516 2894 574 2931 eis
592 2893 770 2941 quinque
790 2892 1035 2929 sacerdotes.
1101 2891 1166 2916 —b
1188 2889 1240 2926 in.
1308 2888 1447 2925 —cin.
1513 2887 1580 2913 -d
1603 2886 1797 2924 Obscura
1825 2886 1958 2923 lectio.

332 2963 398 2981 -θ
443 2953 580 2991 etiam.
643 2953 702 2978 —f
740 2951 863 2988 etiam
907 2951 952 2997 (Ρ)
995 2950 1120 2988 delet.
1185 2957 1256 2983 —g
1293 2947 1479 2985 Emend.
1529 2957 1580 2984 ex
1614 2946 1862 2991 incompotes
1902 2945 1959 2990 (Ρ).

334 3015 399 3040 -h
433 3013 569 3051 Prius
598 3012 702 3049 aliis.
770 3012 826 3037 —i
865 3011 915 3047 id.
984 3011 1049 3035 -k
1084 3008 1268 3046 Emend.
1303 3019 1352 3045 ex
1378 3006 1672 3044 confitentium.
1741 3005 1798 3029 —1
1837 3006 1962 3042 max.⁰

334 3082 412 3100 -m
439 3072 641 3110 mediocre
660 3070 899 3118 obsequium
918 3069 1108 3117 impendi.
1164 3076 1232 3094 -Π
1253 3081 1303 3105 ex
1321 3067 1415 3104 nris.
1470 3072 1537 3092 —0
1557 3077 1692 3113 saepe.
