2038 3400
510 277 850 316 338.-PAN01³M0
878 276 921 314 15
940 274 1143 323 JANUARH
1171 273 1262 311 1560
1586 270 1655 308 499

78 396 149 421 sus
173 382 370 422 Christus
391 381 506 419 uelle
529 394 705 418 suorum
727 380 911 429 mjlitum
932 378 1096 416 habere
1118 377 1340 415 delectum
1373 381 1416 413 et
1452 375 1605 412 horum
1641 380 1704 423 ty-

77 454 355 491 runculorum
377 452 536 490 robore
560 457 712 489 contra
733 449 1069 489 innumerabiles
1091 447 1353 486 daemonum
1387 446 1624 496 phalangas
1647 445 1705 482 di-

78 525 256 573 mjcare.
280 524 404 562 Faxit
427 524 560 569 Deus,
585 527 630 560 ut
665 524 731 560 his
765 522 964 561 hostibus
998 518 1378 570 importunissimis
1415 522 1459 555 et
1495 516 1706 553 immanis-

78 595 195 633 simis
216 595 321 633 fusis
344 600 474 645 atque
496 594 671 644 fugatis,
697 598 740 631 et
762 591 1075 643 gloriosissima
1095 595 1218 640 parta
1248 588 1450 637 ujctoria,
1484 587 1707 625 manubias

77 667 119 705 in
142 667 312 705 coelum
334 670 610 716 reportemus
632 664 685 702 ad
706 665 1017 715 imperatorem
1038 667 1235 700 nostrum
1258 660 1491 699 Christum.

137 748 195 776 10.
255 736 405 775 Nostri
427 736 656 784 domesticj
680 740 966 786 perseuerant
987 734 1029 771 in
1051 732 1274 771 consuetis
1298 729 1706 779 exercjtationjbus,

81 820 321 859 omnesque
343 808 521 853 habent,
546 813 592 844 ut
614 806 786 855 dicjtur,
811 805 928 856 quod
950 805 1129 843 uoluant
1152 816 1318 841 saxum.
1344 802 1508 839 Omnes
1538 812 1709 850 promp-

79 886 149 918 tos
172 891 270 917 sese
293 879 504 917 exhibent
526 878 579 916 ad
602 878 912 924 obediendum,
937 882 981 915 et
1002 876 1056 913 ad
1086 888 1214 913 ueras
1245 886 1296 912 ac
1330 871 1491 911 solidas
1522 871 1710 920 ujrtutes

81 950 392 1001 comparandas
429 962 525 987 cum
562 962 639 987 sua
673 950 863 999 ipsorum
897 946 1248 985 mortificatione.
1284 945 1367 994 Qui
1391 943 1547 993 studijs
1568 943 1710 980 litera-

78 1036 171 1060 rum
202 1023 303 1060 dant
336 1034 528 1072 operam,
566 1020 607 1058 in
643 1021 853 1058 classibus
888 1021 1070 1070 quisque
1093 1018 1181 1056 suis
1203 1021 1359 1056 uacant
1382 1013 1709 1066 compositionj-

78 1095 174 1141 bus,
199 1092 600 1144 disputatjonj[bus]
635 1092 989 1142 repetitionjbus,
1022 1103 1073 1129 ac
1107 1089 1202 1139 alijs
1236 1089 1279 1127 id
1314 1101 1452 1139 genus
1488 1092 1708 1127 accurate.

81 1165 200 1203 [dem
221 1165 268 1202 fit
290 1164 423 1213 domj.

137 1248 196 1274 ΙΙ.
256 1236 399 1286 Atque
422 1240 468 1273 ut
488 1235 708 1286 paululum
730 1234 954 1285 regrediar
977 1233 1174 1272 oratione
1197 1244 1308 1278 mea,
1332 1231 1462 1280 hujus
1493 1229 1590 1279 annj
1624 1234 1710 1267 stu-

81 1308 250 1346 diorum
289 1307 629 1345 instaurationes
664 1305 869 1343 foelicem
906 1305 1069 1342 exitum
1106 1303 1286 1342 sortitae
1325 1307 1437 1349 sunt,
1470 1302 1711 1353 opitulante

81 1380 192 1418 Deo.
216 1380 327 1417 Nam
350 1384 394 1416 et
415 1384 593 1416 ueteres
615 1376 813 1427 discipulj
838 1376 1073 1414 alacriores
1097 1381 1140 1413 et
1160 1374 1454 1426 promptiores
1485 1373 1538 1410 ad
1570 1372 1712 1410 studia

80 1451 318 1489 recolenda
338 1450 527 1496 rediere,
549 1456 593 1488 et
614 1454 819 1487 recentes
836 1461 963 1499 quam
985 1447 1153 1498 plurimj
1179 1458 1427 1492 accessere,
1447 1444 1519 1496 qui
1536 1444 1711 1495 quidem

83 1535 234 1560 omnes
251 1521 536 1560 libentissime
555 1521 609 1559 ad
625 1527 775 1559 nostra
797 1533 842 1557 se
862 1519 1093 1557 conferunt
1111 1518 1350 1569 gymnasia.
1371 1517 1544 1555 Crescit
1564 1521 1710 1553 autern

80 1593 122 1631 in
144 1592 237 1631 dies
259 1593 453 1644 singulos
475 1605 681 1631 numerus
704 1591 1029 1642 discipulorum.
1068 1589 1223 1627 Paucis
1256 1588 1387 1640 igitur
1422 1594 1523 1626 ante
1555 1587 1711 1625 diebus

80 1677 207 1715 quam
230 1663 371 1702 studia
392 1668 726 1709 renouarentur,
751 1663 792 1700 in
815 1662 977 1712 templo
1001 1662 1127 1699 titulo
1151 1661 1432 1709 sanctorhim]
1455 1661 1642 1698 Cosmae
1661 1671 1712 1696 ac

83 1736 297 1785 Damjanj‚
320 1741 471 1774 nostro
496 1735 685 1786 collegio
712 1735 920 1784 contiguo
940 1733 999 1782 (in
1018 1745 1071 1771 eo
1094 1737 1241 1771 autem
1264 1731 1451 1771 delubro
1469 1730 1711 1769 exhibitum

83 1813 150 1845 est
170 1807 331 1857 populo
354 1806 603 1856 hujusmodi
625 1806 925 1856 spectaculum
946 1809 1125 1855 propter
1147 1803 1231 1852 locj
1270 1803 1593 1854 capacjtatem)‚
1631 1801 1712 1839 fuit

81 1878 293 1926 recjtatus
315 1891 339 1915 a
359 1878 520 1915 nostris
542 1877 763 1927 discipulis
786 1876 980 1914 externis
1004 1874 1203 1926 dialogus
1224 1873 1413 1925 quidam,
1437 1887 1566 1924 quem
1602 1873 1711 1922 mjro

83 1950 255 1987 silentio
279 1950 599 1989 confertissima
635 1948 810 1998 excepit
840 1947 988 1998 populi
1016 1945 1246 1984 multitudo
1277 1959 1374 1985 cum
1401 1944 1710 1996 pronuncjare-

84 2027 168 2068 tur3
191 2021 438 2059 absolutum
461 2033 567 2058 uero
590 2019 826 2070 plausibus,
851 2017 1239 2066 acclamationjbus
1272 2022 1315 2055 et
1345 2016 1712 2068 gratulationjbus

84 2097 320 2143 prosecuta
350 2096 431 2129 est.
458 2091 600 2128 Affixa
619 2091 796 2129 fuerunt
818 2102 894 2140 per
916 2089 1012 2126 illos
1035 2088 1128 2126 dies
1149 2101 1277 2139 quarn
1298 2088 1482 2139 plurima
1504 2087 1709 2136 carmjna,

82 2163 237 2213 partim
272 2175 296 2200 a
329 2163 489 2200 nostris
525 2161 793 2207 domesticis,
830 2160 985 2210 partim
1021 2159 1152 2197 etiam
1187 2159 1239 2197 ab
1271 2157 1465 2197 externis
1488 2156 1710 2208 discipulis

86 2234 312 2284 eleganter
335 2238 377 2272 et
401 2232 570 2271 erudite
589 2232 847 2282 composita,
871 2231 983 2268 inter
1001 2242 1112 2280 quae
1134 2229 1281 2281 graecj
1301 2229 1585 2278 hebrajcique
1607 2228 1712 2265 item

85 2305 303 2343 idiomatis
336 2305 675 2342 numerabantur
710 2303 930 2340 nonnulla.
969 2301 1155 2339 Habitae
1193 2306 1291 2339 sunt
1328 2301 1459 2339 etiam
1495 2313 1518 2337 a
1552 2300 1714 2337 nostris

87 2376 197 2414 duae
221 2376 458 2422 orationes,
482 2375 619 2413 altera
639 2386 799 2425 graeca
822 2378 865 2411 et
886 2373 1024 2410 altera
1057 2373 1205 2421 latjna,
1242 2373 1370 2423 paulo
1407 2377 1507 2410 ante
1543 2371 1713 2419 injtium

87 2446 265 2497 dialogi3
301 2458 412 2496 quae
434 2447 588 2484 ambae
610 2451 778 2483 attente
800 2444 1079 2494 benigneque
1101 2443 1276 2481 auditae
1299 2443 1490 2481 fuerunt.
1515 2441 1715 2480 Interfuit

86 2518 144 2567 illj
159 2518 333 2569 dialogo
352 2518 632 2568 magistratus
650 2517 767 2554 urbis
781 2529 878 2554 cum
896 2523 914 2539 a
934 2515 1118 2566 plurjma
1134 2515 1381 2565 nobiljtate3
1399 2515 1523 2565 plebs
1546 2514 1711 2564 absque

86 2601 268 2627 numero
308 2586 640 2639 propemodum.
683 2587 978 2625 Interfuerunt
1016 2587 1177 2637 pariter
1211 2587 1447 2637 pleraeque
1485 2585 1713 2636 primariae

89 2664 330 2706 matronae,
353 2671 440 2697 non
461 2659 561 2696 illae
582 2658 772 2709 quidem,
797 2657 1003 2708 quonjam
1023 2657 1254 2707 percipere
1290 2669 1337 2695 se
1372 2668 1503 2707 posse
1535 2656 1712 2693 arbitra-

87 2737 236 2769 rentur
270 2743 381 2780 quae
412 2730 597 2768 dicenda
617 2730 763 2768 forent
786 2730 1062 2779 (quamquam
1083 2729 1164 2766 hac
1184 2728 1227 2766 in
1256 2741 1303 2766 re
1333 2728 1580 2766 consultum
1610 2740 1714 2778 quo-

89 2815 173 2852 que
193 2801 273 2839 fuit
293 2802 535 2852 imperitiae
563 2800 777 2852 popularj,
810 2799 1060 2850 praeposita
1089 2800 1276 2850 prologo
1305 2799 1554 2845 uernacula,
1589 2797 1712 2845 breuj

89 2878 250 2920 tamen,
286 2872 532 2923 argumenti
567 2871 894 2922 explicatione),
933 2869 1011 2907 sed
1046 2874 1092 2906 ut
1128 2869 1415 2908 ostenderent
1451 2869 1599 2919 quantj
1634 2880 1715 2905 nos

90 2956 249 2994 resque
270 2950 441 2982 nostras
462 2943 760 2982 aestimarent.
785 2941 851 2979 Ab
887 2953 939 2979 eo
974 2945 1193 2991 tempore,
1231 2941 1375 2991 qu[ae]
1415 2941 1455 2977 in
1491 2940 1715 2988 homjnum

141 3089 159 3107 a
191 3093 281 3117 cum
300 3080 477 3117 obscure
493 3085 630 3127 supra
651 3089 761 3116 vers.
