<?xml version="1.0" encoding="UTF-8"?>
<!DOCTYPE html PUBLIC "-//W3C//DTD XHTML 1.0 Transitional//EN"
    "http://www.w3.org/TR/xhtml1/DTD/xhtml1-transitional.dtd">
<html xmlns="http://www.w3.org/1999/xhtml" xml:lang="en" lang="en">
 <head>
  <title>
</title>
<meta http-equiv="Content-Type" content="text/html;charset=utf-8" />
  <meta name='ocr-system' content='tesseract 3.04.00' />
  <meta name='ocr-capabilities' content='ocr_page ocr_carea ocr_par ocr_line ocrx_word'/>
</head>
<body>
  <div class='ocr_page' id='page_1' title='image "./litteraequadrime18lain_0352.png"; bbox 0 0 2038 3400; ppageno 0'>
   <div class='ocr_carea' id='block_1_1' title="bbox 309 236 1393 285">
    <p class='ocr_par' dir='ltr' id='par_1_1' title="bbox 309 236 1393 285">
     <span class='ocr_line' id='line_1_1' title="bbox 309 236 1393 285; baseline 0 -10"><span class='ocrx_word' id='word_1_1' title='bbox 309 236 378 275; x_wconf 76' lang='lat'>334</span> <span class='ocrx_word' id='word_1_2' title='bbox 782 237 999 276; x_wconf 74' lang='lat' dir='ltr'>LITTERAE</span> <span class='ocrx_word' id='word_1_3' title='bbox 1035 239 1393 285; x_wconf 71' lang='lat' dir='ltr'><strong>QUADRIMESTRES</strong></span> 
     </span>
    </p>
   </div>
   <div class='ocr_carea' id='block_1_2' title="bbox 264 340 1905 1394">
    <p class='ocr_par' dir='ltr' id='par_1_2' title="bbox 264 340 1898 464">
     <span class='ocr_line' id='line_1_2' title="bbox 264 340 1898 392; baseline -0.001 -12"><span class='ocrx_word' id='word_1_4' title='bbox 264 341 524 381; x_wconf 85' lang='lat' dir='ltr'>munieanda</span> <span class='ocrx_word' id='word_1_5' title='bbox 542 345 585 380; x_wconf 89' lang='lat' dir='ltr'>et</span> <span class='ocrx_word' id='word_1_6' title='bbox 606 347 791 392; x_wconf 79' lang='lat' dir='ltr'>peccata</span> <span class='ocrx_word' id='word_1_7' title='bbox 807 341 1044 392; x_wconf 84' lang='lat' dir='ltr'>aperienda</span> <span class='ocrx_word' id='word_1_8' title='bbox 1062 343 1320 382; x_wconf 76' lang='lat' dir='ltr'><em>accederent</em></span> <span class='ocrx_word' id='word_1_9' title='bbox 1346 349 1378 388; x_wconf 61' lang='grc' dir='ltr'>ἃ,</span> <span class='ocrx_word' id='word_1_10' title='bbox 1403 342 1439 380; x_wconf 88' lang='lat' dir='ltr'>si</span> <span class='ocrx_word' id='word_1_11' title='bbox 1456 342 1609 380; x_wconf 82' lang='lat' dir='ltr'>Patres</span> <span class='ocrx_word' id='word_1_12' title='bbox 1628 340 1898 387; x_wconf 72' lang='lat' dir='ltr'>sufficerent3</span> 
     </span>
     <span class='ocr_line' id='line_1_3' title="bbox 265 411 1894 464; baseline 0.001 -14"><span class='ocrx_word' id='word_1_13' title='bbox 265 412 343 450; x_wconf 77' lang='lat' dir='ltr'>sed</span> <span class='ocrx_word' id='word_1_14' title='bbox 361 412 416 450; x_wconf 90' lang='lat' dir='ltr'>de</span> <span class='ocrx_word' id='word_1_15' title='bbox 438 412 503 451; x_wconf 90' lang='lat' dir='ltr'>his</span> <span class='ocrx_word' id='word_1_16' title='bbox 520 425 607 451; x_wconf 91' lang='lat' dir='ltr'>non</span> <span class='ocrx_word' id='word_1_17' title='bbox 624 414 761 464; x_wconf 88' lang='lat' dir='ltr'>plura,</span> <span class='ocrx_word' id='word_1_18' title='bbox 786 425 889 452; x_wconf 79' lang='lat' dir='ltr'>cum</span> <span class='ocrx_word' id='word_1_19' title='bbox 906 413 1046 464; x_wconf 73' lang='lat' dir='ltr'>plura</span> <span class='ocrx_word' id='word_1_20' title='bbox 1063 412 1156 452; x_wconf 75' lang='lat' dir='ltr'>sint</span> <span class='ocrx_word' id='word_1_21' title='bbox 1173 425 1311 463; x_wconf 77' lang='lat' dir='ltr'>quam</span> <span class='ocrx_word' id='word_1_22' title='bbox 1327 411 1475 452; x_wconf 81' lang='lat' dir='ltr'>verbis</span> <span class='ocrx_word' id='word_1_23' title='bbox 1491 412 1686 464; x_wconf 73' lang='lat' dir='ltr'>exprimi</span> <span class='ocrx_word' id='word_1_24' title='bbox 1703 413 1894 463; x_wconf 74' lang='lat' dir='ltr'>possint.</span> 
     </span>
    </p>

    <p class='ocr_par' dir='ltr' id='par_1_3' title="bbox 265 484 1905 1323">
     <span class='ocr_line' id='line_1_4' title="bbox 318 484 1902 536; baseline 0 -13"><span class='ocrx_word' id='word_1_25' title='bbox 318 494 354 531; x_wconf 87' lang='lat'>3.</span> <span class='ocrx_word' id='word_1_26' title='bbox 412 484 781 523; x_wconf 82' lang='lat' dir='ltr'>Protlzonotarius</span> <span class='ocrx_word' id='word_1_27' title='bbox 822 485 895 536; x_wconf 89' lang='lat' dir='ltr'>qui</span> <span class='ocrx_word' id='word_1_28' title='bbox 929 490 1108 523; x_wconf 85' lang='lat' dir='ltr'>nostrae</span> <span class='ocrx_word' id='word_1_29' title='bbox 1139 484 1354 523; x_wconf 86' lang='lat' dir='ltr'>Societati</span> <span class='ocrx_word' id='word_1_30' title='bbox 1384 484 1403 509; x_wconf 63' lang='grc' dir='ltr'>ἲ)</span> <span class='ocrx_word' id='word_1_31' title='bbox 1447 484 1684 536; x_wconf 73' lang='lat' dir='ltr'>collegium</span> <span class='ocrx_word' id='word_1_32' title='bbox 1721 485 1902 536; x_wconf 74' lang='lat' dir='ltr'>largitus</span> 
     </span>
     <span class='ocr_line' id='line_1_5' title="bbox 265 556 1900 607; baseline 0.001 -14"><span class='ocrx_word' id='word_1_33' title='bbox 265 561 332 594; x_wconf 86' lang='lat' dir='ltr'>est</span> <span class='ocrx_word' id='word_1_34' title='bbox 356 556 381 604; x_wconf 90' lang='lat'>¹,</span> <span class='ocrx_word' id='word_1_35' title='bbox 407 562 451 595; x_wconf 88' lang='lat' dir='ltr'>et</span> <span class='ocrx_word' id='word_1_36' title='bbox 469 556 670 595; x_wconf 85' lang='lat' dir='ltr'>Patribus</span> <span class='ocrx_word' id='word_1_37' title='bbox 692 556 861 595; x_wconf 83' lang='lat' dir='ltr'>eunctis</span> <span class='ocrx_word' id='word_1_38' title='bbox 878 556 921 595; x_wconf 90' lang='lat' dir='ltr'>in</span> <span class='ocrx_word' id='word_1_39' title='bbox 938 557 1070 595; x_wconf 84' lang='lat' dir='ltr'>rebus</span> <span class='ocrx_word' id='word_1_40' title='bbox 1087 556 1211 594; x_wconf 86' lang='lat' dir='ltr'>hilari</span> <span class='ocrx_word' id='word_1_41' title='bbox 1227 556 1370 595; x_wconf 83' lang='lat' dir='ltr'>animo</span> <span class='ocrx_word' id='word_1_42' title='bbox 1395 561 1439 594; x_wconf 90' lang='lat' dir='ltr'>et</span> <span class='ocrx_word' id='word_1_43' title='bbox 1456 556 1579 594; x_wconf 84' lang='lat' dir='ltr'>vultu</span> <span class='ocrx_word' id='word_1_44' title='bbox 1596 568 1643 594; x_wconf 89' lang='lat' dir='ltr'>se</span> <span class='ocrx_word' id='word_1_45' title='bbox 1669 562 1900 607; x_wconf 86' lang='lat' dir='ltr'>patronum</span> 
     </span>
     <span class='ocr_line' id='line_1_6' title="bbox 265 627 1897 680; baseline -0.001 -14"><span class='ocrx_word' id='word_1_46' title='bbox 265 627 499 667; x_wconf 85' lang='lat' dir='ltr'>sollicitum</span> <span class='ocrx_word' id='word_1_47' title='bbox 521 634 537 653; x_wconf 78' lang='lat'><em>0</em></span> <span class='ocrx_word' id='word_1_48' title='bbox 558 629 730 680; x_wconf 85' lang='lat' dir='ltr'>prebet,</span> <span class='ocrx_word' id='word_1_49' title='bbox 768 628 877 666; x_wconf 88' lang='lat' dir='ltr'>viuit</span> <span class='ocrx_word' id='word_1_50' title='bbox 909 641 960 667; x_wconf 86' lang='lat' dir='ltr'>ac</span> <span class='ocrx_word' id='word_1_51' title='bbox 990 628 1125 675; x_wconf 80' lang='lat' dir='ltr'>valet3</span> <span class='ocrx_word' id='word_1_52' title='bbox 1160 633 1204 666; x_wconf 86' lang='lat' dir='ltr'>et</span> <span class='ocrx_word' id='word_1_53' title='bbox 1234 628 1422 666; x_wconf 80' lang='lat' dir='ltr'>maxime</span> <span class='ocrx_word' id='word_1_54' title='bbox 1452 640 1533 666; x_wconf 88' lang='lat' dir='ltr'>nos</span> <span class='ocrx_word' id='word_1_55' title='bbox 1565 640 1719 666; x_wconf 88' lang='lat' dir='ltr'>omnes</span> <span class='ocrx_word' id='word_1_56' title='bbox 1741 627 1897 680; x_wconf 81' lang='lat' dir='ltr'>diligit3</span> 
     </span>
     <span class='ocr_line' id='line_1_7' title="bbox 265 698 1904 751; baseline -0.001 -13"><span class='ocrx_word' id='word_1_57' title='bbox 265 700 438 751; x_wconf 87' lang='lat' dir='ltr'>tuisque</span> <span class='ocrx_word' id='word_1_58' title='bbox 461 699 647 738; x_wconf 79' lang='lat' dir='ltr'>assiduis</span> <span class='ocrx_word' id='word_1_59' title='bbox 669 699 689 725; x_wconf 78' lang='lat'>‘¹</span> <span class='ocrx_word' id='word_1_60' title='bbox 710 700 942 751; x_wconf 82' lang='lat' dir='ltr'>praecibus</span> <span class='ocrx_word' id='word_1_61' title='bbox 973 698 1155 750; x_wconf 87' lang='lat' dir='ltr'>supplici</span> <span class='ocrx_word' id='word_1_62' title='bbox 1172 699 1316 738; x_wconf 80' lang='lat' dir='ltr'>animo</span> <span class='ocrx_word' id='word_1_63' title='bbox 1339 712 1387 738; x_wconf 87' lang='lat' dir='ltr'>se</span> <span class='ocrx_word' id='word_1_64' title='bbox 1404 699 1695 737; x_wconf 89' lang='lat' dir='ltr'>vehementer</span> <span class='ocrx_word' id='word_1_65' title='bbox 1727 711 1904 738; x_wconf 84' lang='lat' dir='ltr'>comen-</span> 
     </span>
     <span class='ocr_line' id='line_1_8' title="bbox 265 769 1903 822; baseline 0 -14"><span class='ocrx_word' id='word_1_66' title='bbox 265 769 353 810; x_wconf 88' lang='lat' dir='ltr'>dat.</span> <span class='ocrx_word' id='word_1_67' title='bbox 379 771 503 810; x_wconf 85' lang='lat' dir='ltr'>Haec</span> <span class='ocrx_word' id='word_1_68' title='bbox 536 773 643 810; x_wconf 73' lang='lat' dir='ltr'>sunt</span> <span class='ocrx_word' id='word_1_69' title='bbox 677 771 835 821; x_wconf 75' lang='lat' dir='ltr'>(Pater</span> <span class='ocrx_word' id='word_1_70' title='bbox 859 772 1106 810; x_wconf 67' lang='lat' dir='ltr'>admodum</span> <span class='ocrx_word' id='word_1_71' title='bbox 1136 771 1398 820; x_wconf 76' lang='lat' dir='ltr'>reuerende)</span> <span class='ocrx_word' id='word_1_72' title='bbox 1421 783 1534 820; x_wconf 74' lang='lat' dir='ltr'>quae</span> <span class='ocrx_word' id='word_1_73' title='bbox 1566 770 1775 817; x_wconf 74' lang='lat' dir='ltr'>breviter,</span> <span class='ocrx_word' id='word_1_74' title='bbox 1809 770 1903 822; x_wconf 75' lang='lat' dir='ltr'>(fa-</span> 
     </span>
     <span class='ocr_line' id='line_1_9' title="bbox 265 840 1904 893; baseline -0.001 -13"><span class='ocrx_word' id='word_1_75' title='bbox 265 842 431 881; x_wconf 75' lang='lat' dir='ltr'>cultate</span> <span class='ocrx_word' id='word_1_76' title='bbox 453 842 647 882; x_wconf 74' lang='lat' dir='ltr'>rectoris</span> <span class='ocrx_word' id='word_1_77' title='bbox 667 841 834 893; x_wconf 78' lang='lat' dir='ltr'>nostri)</span> <span class='ocrx_word' id='word_1_78' title='bbox 856 842 869 860; x_wconf 80' lang='lat'>‘²</span> <span class='ocrx_word' id='word_1_79' title='bbox 891 841 974 881; x_wconf 68' lang='lat' dir='ltr'>tibi</span> <span class='ocrx_word' id='word_1_80' title='bbox 993 840 1178 892; x_wconf 71' lang='lat' dir='ltr'>scripsi;</span> <span class='ocrx_word' id='word_1_81' title='bbox 1209 840 1497 892; x_wconf 77' lang='lat' dir='ltr'>praetermisi</span> <span class='ocrx_word' id='word_1_82' title='bbox 1516 841 1670 893; x_wconf 77' lang='lat' dir='ltr'>igitur</span> <span class='ocrx_word' id='word_1_83' title='bbox 1692 849 1709 867; x_wconf 68' lang='grc' dir='ltr'>θ</span> <span class='ocrx_word' id='word_1_84' title='bbox 1732 843 1904 880; x_wconf 84' lang='lat' dir='ltr'>eonsul-</span> 
     </span>
     <span class='ocr_line' id='line_1_10' title="bbox 266 913 1905 964; baseline 0.001 -13"><span class='ocrx_word' id='word_1_85' title='bbox 266 919 311 951; x_wconf 84' lang='lat' dir='ltr'>to</span> <span class='ocrx_word' id='word_1_86' title='bbox 334 913 416 952; x_wconf 84' lang='lat' dir='ltr'>alia</span> <span class='ocrx_word' id='word_1_87' title='bbox 437 913 585 961; x_wconf 86' lang='lat' dir='ltr'>multa,</span> <span class='ocrx_word' id='word_1_88' title='bbox 623 926 708 964; x_wconf 91' lang='lat' dir='ltr'>que</span> <span class='ocrx_word' id='word_1_89' title='bbox 739 913 973 953; x_wconf 84' lang='lat' dir='ltr'>scribenda</span> <span class='ocrx_word' id='word_1_90' title='bbox 994 926 1041 952; x_wconf 84' lang='lat' dir='ltr'>se</span> <span class='ocrx_word' id='word_1_91' title='bbox 1065 913 1329 961; x_wconf 86' lang='lat' dir='ltr'>offerebant,</span> <span class='ocrx_word' id='word_1_92' title='bbox 1367 925 1422 951; x_wconf 92' lang='lat' dir='ltr'>ne</span> <span class='ocrx_word' id='word_1_93' title='bbox 1452 913 1548 964; x_wconf 87' lang='lat' dir='ltr'>plus</span> <span class='ocrx_word' id='word_1_94' title='bbox 1580 913 1700 963; x_wconf 83' lang='lat' dir='ltr'>justo</span> <span class='ocrx_word' id='word_1_95' title='bbox 1734 914 1905 963; x_wconf 69' lang='lat' dir='ltr'>longio-</span> 
     </span>
     <span class='ocr_line' id='line_1_11' title="bbox 267 984 1901 1036; baseline 0.001 -13"><span class='ocrx_word' id='word_1_96' title='bbox 267 997 359 1023; x_wconf 86' lang='lat' dir='ltr'>rem</span> <span class='ocrx_word' id='word_1_97' title='bbox 396 986 663 1025; x_wconf 84' lang='lat' dir='ltr'>eonfieerem</span> <span class='ocrx_word' id='word_1_98' title='bbox 694 985 969 1036; x_wconf 86' lang='lat' dir='ltr'>aepistolam.</span> <span class='ocrx_word' id='word_1_99' title='bbox 993 986 1121 1023; x_wconf 84' lang='lat' dir='ltr'>Nunc</span> <span class='ocrx_word' id='word_1_100' title='bbox 1152 985 1236 1023; x_wconf 88' lang='lat' dir='ltr'>hoc</span> <span class='ocrx_word' id='word_1_101' title='bbox 1262 998 1394 1023; x_wconf 90' lang='lat' dir='ltr'>unum</span> <span class='ocrx_word' id='word_1_102' title='bbox 1417 984 1651 1023; x_wconf 81' lang='lat' dir='ltr'>dicendum</span> <span class='ocrx_word' id='word_1_103' title='bbox 1684 991 1901 1036; x_wconf 85' lang='lat' dir='ltr'>superest,</span> 
     </span>
     <span class='ocr_line' id='line_1_12' title="bbox 266 1056 1900 1109; baseline 0.001 -14"><span class='ocrx_word' id='word_1_104' title='bbox 266 1069 425 1108; x_wconf 84' lang='lat' dir='ltr'>nempe</span> <span class='ocrx_word' id='word_1_105' title='bbox 459 1062 503 1095; x_wconf 87' lang='lat' dir='ltr'>te</span> <span class='ocrx_word' id='word_1_106' title='bbox 539 1069 810 1109; x_wconf 83' lang='lat' dir='ltr'>magnopere</span> <span class='ocrx_word' id='word_1_107' title='bbox 847 1069 989 1104; x_wconf 85' lang='lat' dir='ltr'>orare,</span> <span class='ocrx_word' id='word_1_108' title='bbox 1029 1066 1075 1095; x_wconf 84' lang='lat' dir='ltr'>vt</span> <span class='ocrx_word' id='word_1_109' title='bbox 1106 1069 1187 1095; x_wconf 91' lang='lat' dir='ltr'>nos</span> <span class='ocrx_word' id='word_1_110' title='bbox 1223 1058 1318 1095; x_wconf 90' lang='lat' dir='ltr'>Deo</span> <span class='ocrx_word' id='word_1_111' title='bbox 1354 1056 1611 1106; x_wconf 85' lang='lat' dir='ltr'>frequenter</span> <span class='ocrx_word' id='word_1_112' title='bbox 1646 1057 1900 1096; x_wconf 79' lang='lat' dir='ltr'>comendes,</span> 
     </span>
     <span class='ocr_line' id='line_1_13' title="bbox 268 1128 1904 1179; baseline 0 -12"><span class='ocrx_word' id='word_1_113' title='bbox 268 1129 376 1167; x_wconf 88' lang='lat' dir='ltr'>Vale</span> <span class='ocrx_word' id='word_1_114' title='bbox 401 1134 444 1166; x_wconf 87' lang='lat' dir='ltr'>et</span> <span class='ocrx_word' id='word_1_115' title='bbox 465 1129 477 1153; x_wconf 74' lang='lat' dir='ltr'>f</span> <span class='ocrx_word' id='word_1_116' title='bbox 501 1129 656 1168; x_wconf 82' lang='lat' dir='ltr'>valeas</span> <span class='ocrx_word' id='word_1_117' title='bbox 677 1128 854 1167; x_wconf 73' lang='lat' dir='ltr'>vtinam</span> <span class='ocrx_word' id='word_1_118' title='bbox 875 1129 1071 1167; x_wconf 70' lang='lat' dir='ltr'>multum</span> <span class='ocrx_word' id='word_1_119' title='bbox 1098 1130 1272 1179; x_wconf 76' lang='lat' dir='ltr'>semper</span> <span class='ocrx_word' id='word_1_120' title='bbox 1295 1129 1416 1178; x_wconf 69' lang='lat' dir='ltr'>apud</span> <span class='ocrx_word' id='word_1_121' title='bbox 1438 1128 1597 1167; x_wconf 75' lang='lat' dir='ltr'>Deum.</span> <span class='ocrx_word' id='word_1_122' title='bbox 1624 1128 1796 1167; x_wconf 74' lang='lat' dir='ltr'>Datum</span> <span class='ocrx_word' id='word_1_123' title='bbox 1821 1129 1904 1167; x_wconf 85' lang='lat' dir='ltr'>Oc-</span> 
     </span>
     <span class='ocr_line' id='line_1_14' title="bbox 269 1199 1901 1251; baseline -0.001 -13"><span class='ocrx_word' id='word_1_124' title='bbox 269 1200 419 1239; x_wconf 84' lang='lat' dir='ltr'>eaniae</span> <span class='ocrx_word' id='word_1_125' title='bbox 456 1206 584 1239; x_wconf 84' lang='lat' dir='ltr'>sexto</span> <span class='ocrx_word' id='word_1_126' title='bbox 619 1199 716 1239; x_wconf 77' lang='lat' dir='ltr'>idus</span> <span class='ocrx_word' id='word_1_127' title='bbox 751 1200 1024 1251; x_wconf 85' lang='lat' dir='ltr'>Septembris</span> <span class='ocrx_word' id='word_1_128' title='bbox 1060 1213 1172 1238; x_wconf 83' lang='lat' dir='ltr'>anno</span> <span class='ocrx_word' id='word_1_129' title='bbox 1210 1213 1234 1238; x_wconf 84' lang='lat' dir='ltr'>a</span> <span class='ocrx_word' id='word_1_130' title='bbox 1269 1199 1444 1239; x_wconf 86' lang='lat' dir='ltr'>Christo</span> <span class='ocrx_word' id='word_1_131' title='bbox 1480 1205 1582 1238; x_wconf 76' lang='lat' dir='ltr'>nato</span> <span class='ocrx_word' id='word_1_132' title='bbox 1618 1200 1719 1239; x_wconf 88' lang='lat' dir='ltr'>mill.</span> <span class='ocrx_word' id='word_1_133' title='bbox 1754 1200 1901 1251; x_wconf 83' lang='lat' dir='ltr'>quing.</span> 
     </span>
     <span class='ocr_line' id='line_1_15' title="bbox 267 1271 660 1323; baseline 0.003 -14"><span class='ocrx_word' id='word_1_134' title='bbox 267 1271 501 1323; x_wconf 82' lang='lat' dir='ltr'>quinquag.</span> <span class='ocrx_word' id='word_1_135' title='bbox 526 1284 660 1310; x_wconf 92' lang='lat' dir='ltr'>nono.</span> 
     </span>
    </p>

    <p class='ocr_par' dir='ltr' id='par_1_4' title="bbox 348 1342 1282 1394">
     <span class='ocr_line' id='line_1_16' title="bbox 348 1342 1282 1394; baseline 0 -14"><span class='ocrx_word' id='word_1_136' title='bbox 348 1342 554 1394; x_wconf 84' lang='lat' dir='ltr'>Indignus</span> <span class='ocrx_word' id='word_1_137' title='bbox 574 1343 687 1382; x_wconf 89' lang='lat' dir='ltr'>filius</span> <span class='ocrx_word' id='word_1_138' title='bbox 710 1349 755 1381; x_wconf 87' lang='lat' dir='ltr'>et</span> <span class='ocrx_word' id='word_1_139' title='bbox 777 1355 932 1382; x_wconf 84' lang='lat' dir='ltr'>seruus</span> <span class='ocrx_word' id='word_1_140' title='bbox 954 1347 1055 1381; x_wconf 84' lang='lat' dir='ltr'>tuus</span> <span class='ocrx_word' id='word_1_141' title='bbox 1076 1343 1118 1381; x_wconf 90' lang='lat' dir='ltr'>in</span> <span class='ocrx_word' id='word_1_142' title='bbox 1142 1344 1258 1382; x_wconf 84' lang='lat' dir='ltr'>Dno.</span> <span class='ocrx_word' id='word_1_143' title='bbox 1274 1373 1282 1389; x_wconf 95' lang='lat'><strong><em>,</em></strong></span> 
     </span>
    </p>
   </div>
   <div class='ocr_carea' id='block_1_3' title="bbox 267 1469 1901 1987">
    <p class='ocr_par' dir='ltr' id='par_1_5' title="bbox 267 1469 1901 1987">
     <span class='ocr_line' id='line_1_17' title="bbox 1552 1469 1773 1507; baseline 0.005 -1"><span class='ocrx_word' id='word_1_144' title='bbox 1552 1469 1715 1507; x_wconf 72' lang='lat' dir='ltr'>GARsiA</span> <span class='ocrx_word' id='word_1_145' title='bbox 1746 1476 1773 1507; x_wconf 83' lang='lat'>³.</span> 
     </span>
     <span class='ocr_line' id='line_1_18' title="bbox 348 1595 1002 1634; baseline -0.003 0"><span class='ocrx_word' id='word_1_146' title='bbox 348 1595 540 1634; x_wconf 71' lang='lat' dir='ltr'>Polanci</span> <span class='ocrx_word' id='word_1_147' title='bbox 559 1608 717 1634; x_wconf 75' lang='lat' dir='ltr'>manu.</span> <span class='ocrx_word' id='word_1_148' title='bbox 744 1595 1002 1634; x_wconf 82' lang='lat' dir='ltr'>Emendata.</span> 
     </span>
     <span class='ocr_line' id='line_1_19' title="bbox 348 1666 795 1719; baseline 0.002 -14"><span class='ocrx_word' id='word_1_149' title='bbox 348 1666 513 1719; x_wconf 75' lang='lat' dir='ltr'>Sigilli</span> <span class='ocrx_word' id='word_1_150' title='bbox 531 1666 795 1718; x_wconf 67' lang='lat' dir='ltr'>vestigizmz.</span> 
     </span>
     <span class='ocr_line' id='line_1_20' title="bbox 315 1879 1901 1919; baseline -0.002 0"><span class='ocrx_word' id='word_1_151' title='bbox 315 1891 334 1909; x_wconf 71' lang='lat' dir='ltr'><strong>a</strong></span> <span class='ocrx_word' id='word_1_152' title='bbox 352 1882 565 1919; x_wconf 84' lang='lat' dir='ltr'>videantur</span> <span class='ocrx_word' id='word_1_153' title='bbox 582 1881 800 1918; x_wconf 79' lang='lat' dir='ltr'>accessuri.</span> <span class='ocrx_word' id='word_1_154' title='bbox 855 1881 920 1906; x_wconf 83' lang='lat' dir='ltr'>—b</span> <span class='ocrx_word' id='word_1_155' title='bbox 946 1880 1128 1917; x_wconf 79' lang='lat' dir='ltr'>Emend.</span> <span class='ocrx_word' id='word_1_156' title='bbox 1151 1891 1201 1917; x_wconf 82' lang='lat' dir='ltr'>ex</span> <span class='ocrx_word' id='word_1_157' title='bbox 1226 1880 1454 1918; x_wconf 74' lang='lat' dir='ltr'>Societatis.</span> <span class='ocrx_word' id='word_1_158' title='bbox 1510 1901 1553 1905; x_wconf 47' lang='lat' dir='ltr'>m·</span> <span class='ocrx_word' id='word_1_159' title='bbox 1572 1888 1621 1906; x_wconf 77' lang='lat'>--0</span> <span class='ocrx_word' id='word_1_160' title='bbox 1647 1879 1826 1916; x_wconf 65' lang='lat' dir='ltr'>lz&#39;mend.</span> <span class='ocrx_word' id='word_1_161' title='bbox 1851 1890 1901 1916; x_wconf 73' lang='lat' dir='ltr'>ex</span> 
     </span>
     <span class='ocr_line' id='line_1_21' title="bbox 267 1940 1638 1987; baseline -0.002 -8"><span class='ocrx_word' id='word_1_162' title='bbox 267 1942 483 1979; x_wconf 86' lang='lat' dir='ltr'>solicitum.</span> <span class='ocrx_word' id='word_1_163' title='bbox 537 1941 604 1967; x_wconf 73' lang='lat' dir='ltr'>——d</span> <span class='ocrx_word' id='word_1_164' title='bbox 627 1940 812 1978; x_wconf 78' lang='lat' dir='ltr'>Emend.</span> <span class='ocrx_word' id='word_1_165' title='bbox 835 1951 885 1977; x_wconf 77' lang='lat' dir='ltr'>ex</span> <span class='ocrx_word' id='word_1_166' title='bbox 903 1941 1054 1977; x_wconf 78' lang='lat' dir='ltr'>asiduis</span> <span class='ocrx_word' id='word_1_167' title='bbox 1107 1949 1170 1966; x_wconf 72' lang='lat' dir='ltr'>-e</span> <span class='ocrx_word' id='word_1_168' title='bbox 1194 1946 1421 1987; x_wconf 81' lang='lat' dir='ltr'>praetereo.</span> <span class='ocrx_word' id='word_1_169' title='bbox 1479 1941 1532 1965; x_wconf 36' lang='lat' dir='ltr'>fif</span> <span class='ocrx_word' id='word_1_170' title='bbox 1563 1944 1638 1976; x_wconf 76' lang='lat' dir='ltr'>etc.</span> 
     </span>
    </p>
   </div>
   <div class='ocr_carea' id='block_1_4' title="bbox 316 2144 1235 2310">
    <p class='ocr_par' dir='ltr' id='par_1_6' title="bbox 316 2144 1235 2310">
     <span class='ocr_line' id='line_1_22' title="bbox 318 2144 948 2191; baseline -0.002 -10"><span class='ocrx_word' id='word_1_171' title='bbox 318 2147 325 2165; x_wconf 92' lang='lat'>¹</span> <span class='ocrx_word' id='word_1_172' title='bbox 379 2144 611 2182; x_wconf 86' lang='lat' dir='ltr'>Ludovicus</span> <span class='ocrx_word' id='word_1_173' title='bbox 630 2145 679 2181; x_wconf 84' lang='lat' dir='ltr'>de</span> <span class='ocrx_word' id='word_1_174' title='bbox 701 2144 948 2191; x_wconf 79' lang='lat' dir='ltr'>Calatayud.</span> 
     </span>
     <span class='ocr_line' id='line_1_23' title="bbox 316 2204 825 2242; baseline 0 -1"><span class='ocrx_word' id='word_1_175' title='bbox 316 2207 329 2224; x_wconf 70' lang='lat'><strong>²</strong></span> <span class='ocrx_word' id='word_1_176' title='bbox 380 2204 423 2241; x_wconf 83' lang='lat' dir='ltr'>P.</span> <span class='ocrx_word' id='word_1_177' title='bbox 446 2204 626 2242; x_wconf 88' lang='lat' dir='ltr'>Didacus</span> <span class='ocrx_word' id='word_1_178' title='bbox 646 2204 825 2242; x_wconf 86' lang='lat' dir='ltr'>Carrillo</span> 
     </span>
     <span class='ocr_line' id='line_1_24' title="bbox 316 2263 1235 2310; baseline -0.001 -9"><span class='ocrx_word' id='word_1_179' title='bbox 316 2265 328 2283; x_wconf 76' lang='lat'><em>³</em></span> <span class='ocrx_word' id='word_1_180' title='bbox 381 2263 444 2301; x_wconf 85' lang='lat' dir='ltr'>Cf.</span> <span class='ocrx_word' id='word_1_181' title='bbox 472 2263 568 2300; x_wconf 81' lang='lat' dir='ltr'><em>Litt.</em></span> <span class='ocrx_word' id='word_1_182' title='bbox 591 2264 845 2310; x_wconf 54' lang='lat' dir='ltr'>Quadrima,</span> <span class='ocrx_word' id='word_1_183' title='bbox 865 2263 919 2307; x_wconf 81' lang='lat' dir='ltr'>V,</span> <span class='ocrx_word' id='word_1_184' title='bbox 940 2263 1022 2310; x_wconf 80' lang='lat'>796,</span> <span class='ocrx_word' id='word_1_185' title='bbox 1044 2269 1178 2300; x_wconf 82' lang='lat' dir='ltr'>annot.</span> <span class='ocrx_word' id='word_1_186' title='bbox 1201 2263 1235 2300; x_wconf 78' lang='lat'>2.</span> 
     </span>
    </p>
   </div>
  </div>
 </body>
</html>
