2038 3400
589 247 881 285 352—A13ULA
910 250 953 284 14
978 247 1138 284 MARTII
1167 247 1257 285 1560
1622 248 1691 284 549

118 356 342 388 matronae
364 350 572 401 insignes,
598 364 694 389 cum
717 352 878 389 nostris
900 352 1086 389 libenter
1109 357 1153 390 et
1176 364 1307 401 saepe
1332 351 1610 389 confitentur.
1632 353 1737 390 Bac-

119 423 375 461 chalaureus
397 423 569 472 quidam
593 424 866 471 sorbonicus,
890 424 931 461 in
953 424 1050 461 aula
1077 422 1309 461 sorbonica
1331 423 1523 473 Magistri
1555 424 1736 460 Senten-

118 494 272 530 tiarum
294 494 491 543 publicus
523 493 679 531 doctor
716 501 759 532 et
782 499 1021 540 enarrator,
1052 494 1104 531 ab
1127 494 1290 543 aliquot
1313 493 1600 531 hebdomadis
1624 495 1737 532 Patri

118 578 210 602 nro.
235 564 332 602 Η.ὀο
363 565 598 603 Paschasio
622 566 821 603 confiteri
843 565 1006 616 coepitg
1030 571 1073 603 et
1096 578 1192 603 cum
1214 564 1419 603 fratribus
1440 566 1600 602 nostris
1623 578 1737 603 com-

118 637 338 675 municare
363 636 543 686 singulis
568 643 668 674 octo
693 637 848 675 diebus
869 637 1089 675 humiliter
1118 641 1391 687 perseuerat,
1426 649 1512 674 non
1545 637 1636 674 sine
1667 638 1738 674 ali-

119 708 241 745 cuius
263 706 438 745 maioris
460 707 563 745 boni
585 721 676 757 spe.
707 709 816 746 Nam
837 714 1012 759 praeter
1033 721 1159 759 quam
1181 707 1298 758 quod
1328 713 1395 745 est
1424 708 1623 758 publicus
1653 709 1739 746 lec-

116 783 200 826 tor,
225 785 292 818 est
325 780 454 817 etiam
486 780 527 817 in
559 781 772 819 concione
807 781 889 818 hac
917 780 1249 831 quadragesima
1273 785 1527 830 occupatus.
1553 779 1739 829 Quidam

121 851 278 889 doctor
310 851 569 889 sorbonicus
600 854 688 897 (res
711 851 902 890 inaudita
931 852 1162 901 hactenus)
1185 852 1301 889 Patri
1331 856 1481 889 nostro
1506 851 1738 889 Paschasio

118 936 164 961 se
201 922 546 961 exercitationes
580 929 753 961 nostras
786 925 962 974 pietatis
993 928 1296 974 suscepturum
1326 929 1426 974 post
1455 923 1616 974 pascha
1644 936 1740 973 pro-

117 994 245 1032 misit.

200 1065 466 1103 Diffunditur
498 1067 720 1116 paulatim,
758 1073 803 1104 vt
841 1066 1014 1113 videtis,
1053 1067 1290 1105 Societatis
1307 1068 1409 1117 Jesu
1445 1077 1522 1116 per
1559 1064 1742 1103 Galliam

119 1136 260 1174 bonus
284 1136 406 1183 odor,
432 1143 476 1175 et
497 1139 650 1188 magis,
676 1137 739 1174 vti
761 1151 1000 1188 speramus,
1025 1137 1294 1175 diffundetur
1317 1137 1350 1175 si
1371 1139 1442 1174 tua
1478 1136 1573 1174 R.da
1599 1141 1741 1186 pater-

1330 1210 1349 1226 a

119 1207 230 1245 nitas
251 1221 332 1246 nos
354 1222 525 1258 semper
547 1209 588 1246 in
611 1210 699 1246 suis
720 1210 990 1259 aliorumque
1015 1209 1298 1255 orationibus,
1377 1208 1598 1246 sacrificiis
1621 1219 1740 1244 san-c-

122 1278 298 1317 tissimis
335 1278 733 1318 commendatiores
767 1281 940 1318 habeat.
975 1281 1120 1330 Quod,
1153 1285 1200 1318 vt
1231 1280 1375 1326 faciat,
1410 1292 1505 1317 eam
1538 1279 1739 1316 obsecra-

119 1363 213 1387 mus
235 1351 595 1401 obtestamurque
624 1364 775 1389 ornnes
797 1351 1040 1402 plurimum,
1064 1351 1205 1388 Deum
1237 1350 1543 1402 deprecantes,
1568 1354 1614 1387 vt
1637 1361 1740 1386 suae

117 1434 198 1459 nos
221 1433 372 1459 omnes
407 1421 706 1460 sanctissimae
744 1423 981 1460 voluntatis
1017 1428 1061 1459 et
1096 1423 1261 1473 gratiae
1285 1420 1538 1472 capaciores
1562 1420 1738 1458 efficiat.

121 1493 336 1539 Lutetiae,
360 1492 497 1542 pridie
516 1506 653 1531 nonas
676 1492 814 1542 Martij
839 1494 952 1542 1560.
976 1494 1041 1531 Ex
1063 1494 1267 1531 mandato
1289 1493 1429 1530 Patris
1444 1491 1738 1543 prouincialis.

120 1565 238 1602 Tuus
262 1571 306 1603 et
329 1565 520 1603 omnium
541 1563 583 1601 in
606 1565 733 1604 Chro.
758 1577 911 1602 seruus
932 1564 1134 1616 indignus

885 1656 1103 1693 NicoLAus
1135 1655 1324 1693 LIETARD
1358 1656 1633 1692 PAREDENSIS.

198 1761 306 1799 Alia
328 1774 483 1799 manu.
508 1762 797 1800 Emendata...
824 1764 917 1800 M.ta
939 1775 963 1799 a
991 1763 1191 1809 Genoua,
1218 1767 1302 1800 ete.
1327 1762 1501 1813 Spagna
1521 1762 1742 1810 2-4Pr0-

121 1833 279 1870 uincie.
304 1832 461 1882 Napoli
484 1837 528 1870 et
549 1832 709 1871 Sicilia.
733 1833 992 1884 Alemagna.

872 2058 981 2108 352

531 2182 990 2228 ANTONIUS
1040 2182 1327 2228 LAREZ

656 2307 795 2332 ABULA
830 2298 870 2332 14
896 2307 1041 2333 MARTn
1071 2297 1160 2333 1560
1189 2298 1212 2334 ¹.

120 2407 154 2444 1.
199 2405 443 2446 Sociorum
483 2404 812 2445 munimus-2.
856 2406 1061 2445 Rectorz's
1100 2405 1442 2445 contiones.-3.
1485 2406 1743 2445 Ministerz'a

199 2485 314 2522 erga
333 2471 585 2521 proximos.
604 2496 638 2497 ψ
649 2472 730 2510 Res
753 2472 1023 2521 semporales
1044 2471 1243 2523 collegii.
1304 2471 1344 2509 4.
1379 2472 1525 2510 [abor
1547 2472 1593 2510 1th
1615 2472 1742 2510 dissi-

201 2538 289 2576 diis
320 2536 638 2588 componendis
667 2540 706 2576 et
738 2537 944 2588 aegroz‘is
973 2537 1232 2585 visitandis,
1268 2540 1398 2587 atque
1421 2538 1612 2590 fructus
1643 2538 1743 2576 inde

201 2603 734 2654 obtenti.-Regular11m
756 2603 1061 2642 observantia.

179 2724 211 2751 Ι.
274 2715 302 2763 †
330 2712 418 2764 Jhs.
444 2712 545 2762 Muy
567 2712 662 2750 ΚΜ)
692 2713 763 2750 Re
792 2725 887 2750 nro.
913 2725 966 2750 en
983 2712 1115 2751 Chro.
1140 2714 1230 2750 Pax
1249 2714 1364 2752 Chri.
1386 2718 1470 2751 etc.
1492 2713 1551 2752 La
1571 2713 1742 2762 incerti-

122 2783 304 2822 dumbre
326 2796 409 2834 que
432 2783 586 2821 suelen
605 2783 742 2821 lleuar
762 2784 825 2821 las
847 2788 987 2821 cartas
1008 2796 1093 2834 que
1116 2782 1241 2822 deste
1270 2785 1443 2835 colegio
1473 2796 1520 2821 se
1544 2783 1742 2821 escriuen

166 2921 186 2942 a
235 2926 288 2959 et.

171 3055 180 3074 ¹
233 3052 294 3089 Ex
312 3055 470 3097 autogr.
493 3051 531 3086 in
551 3050 636 3088 eod.
658 3049 786 3096 Hisp.
809 3049 876 3095 97,
896 3049 918 3086 2
937 3049 995 3096 ff„
1015 3063 1069 3087 nn
1102 3050 1149 3088 74
1164 3071 1173 3076 .
1190 3052 1248 3097 75;
1268 3052 1377 3098 prius
1395 3050 1476 3087 313.
