2038 3400
298 241 369 279 796
766 242 986 280 L1TTERAE
1013 243 1369 289 QUADRIMESTRES

305 357 343 393 3.
405 346 501 384 Dici
522 359 610 384 non
632 352 794 397 potest,
821 347 889 384 Pr.
924 346 1217 393 observande,
1251 348 1522 396 quantumin
1554 359 1607 385 eo
1639 347 1876 395 laboretur,

252 423 297 455 vt
322 423 473 456 nostra
495 419 696 457 Societas
718 418 761 456 in
784 418 895 456 hanc
916 418 1180 456 vberrimam
1202 418 1373 457 Galliae
1394 430 1583 456 messem
1610 418 1876 457 admittatur.

258 489 649 528 Christianissimus
684 502 761 527 rex
784 489 1039 527 Franciscus
1075 494 1229 539 quarto
1265 489 1349 527 iam
1385 488 1638 539 diplomate,
1669 502 1758 528 non
1787 491 1879 529 sine

251 562 404 608 multo,
428 567 477 599 vt
512 562 709 612 cogitare
732 566 875 611 potes,
909 561 1059 599 labore
1090 560 1341 611 impetrato,
1379 574 1503 599 suum
1537 566 1737 599 senatum
1772 562 1880 612 pari-

251 633 443 671 siensem
464 632 723 684 grauissimo
745 633 868 681 jussu
889 632 1063 683 premit,
1083 637 1131 670 vt
1151 632 1354 671 Societas
1370 634 1557 671 nominis
1569 635 1672 684 Jesu
1693 634 1735 671 in
1757 634 1881 684 regni

251 699 316 737 sui
337 699 567 750 penetrale
589 698 858 745 admittatur,
898 704 942 737 et
972 699 1146 737 interim
1176 712 1259 738 nec
1284 699 1408 748 jussu
1433 712 1517 738 nec
1545 700 1728 751 imperio
1751 700 1879 750 (quae

252 776 319 808 est
338 771 465 809 huius
487 771 699 822 temporis
723 771 963 820 calamitas)
985 770 1028 809 id
1062 771 1298 822 impetrare
1327 776 1492 822 potest,
1514 771 1575 810 ita
1594 777 1642 810 vt
1670 784 1758 810 non
1792 778 1878 811 tam

250 856 332 881 nos
354 843 491 890 reiici,
515 855 644 894 quarn
666 843 759 893 ipse
780 856 918 893 prope
940 842 1159 890 videatur,
1184 843 1285 881 dum
1323 842 1415 881 eius
1437 843 1674 894 diplomata
1707 856 1879 896 semper

250 914 394 965 aliquo
415 914 523 964 juris
544 919 779 965 praetextu
803 920 1083 952 eneruantur.
1108 915 1155 952 In
1178 927 1231 953 eo
1253 916 1437 966 negotio
1459 919 1627 954 tantum
1650 921 1717 954 est
1748 916 1880 955 effec-

250 992 358 1034 tum,
382 987 446 1024 vti
468 986 698 1024 decretum
720 982 940 1024 facultatis
974 986 1259 1037 theologicae
1292 987 1557 1038 parisiensis,
1597 988 1697 1025 olim
1728 987 1881 1026 aduer-

252 1072 323 1097 sus
345 1059 635 1105 Societatem,
659 1071 747 1096 non
768 1059 862 1096 sine
884 1059 1074 1097 maximo
1097 1058 1365 1097 detrimento
1395 1059 1736 1110 promulgatum,
1767 1073 1882 1099 nunc

252 1132 515 1183 abrogatum
551 1132 859 1181 sublatumque
894 1130 964 1169 sit.
1004 1131 1135 1181 Quod
1170 1143 1445 1182 nequaquam
1480 1132 1702 1170 minimum
1741 1132 1881 1171 videri

252 1202 407 1252 debet,
432 1204 467 1241 si
488 1203 638 1254 quanti
660 1203 861 1241 Sorbona
889 1203 1073 1241 facultas
1103 1203 1157 1241 ab
1187 1216 1295 1255 rege
1326 1216 1404 1241 suo
1435 1203 1525 1251 fiat,
1559 1203 1878 1243 consideretur.

249 1276 338 1315 Sed
373 1289 430 1315 ne
466 1276 519 1314 ad
555 1276 729 1313 Domini
765 1275 941 1313 vineam
983 1274 1238 1326 expeditum
1272 1288 1450 1327 prorsus
1482 1276 1567 1314 iter
1601 1277 1877 1324 haberemus,

249 1348 414 1387 domini
436 1360 668 1399 supremae
693 1348 841 1386 curiae
864 1346 1099 1386 consiliarii
1120 1353 1252 1397 atque
1273 1347 1500 1398 praesides
1522 1348 1764 1398 apostolica
1783 1361 1881 1386 nos-

250 1420 318 1454 tra
338 1414 585 1466 priuilegia,
625 1413 863 1452 Societatis
899 1419 1064 1452 statuta
1093 1418 1137 1452 et
1160 1413 1398 1464 diplomata
1427 1413 1550 1465 regia
1581 1413 1788 1465 episcopo
1810 1427 1880 1465 pa-

252 1487 438 1533 risiensi,
471 1486 598 1524 nobis
629 1485 960 1531 aduersissimo,
995 1484 1357 1524 communicanda
1376 1484 1640 1534 judicarunt.
1665 1485 1742 1524 Ille
1773 1498 1880 1524 vero

251 1558 503 1610 quindecim
537 1557 640 1596 totis
663 1557 820 1596 diebus
841 1558 992 1596 literas
1015 1569 1167 1596 omnes
1189 1556 1302 1608 apud
1324 1570 1371 1595 se
1403 1556 1599 1604 retinuit3
1624 1562 1669 1595 et
1688 1558 1878 1605 interim,

249 1643 334 1681 qua
354 1629 499 1681 potuit
519 1634 628 1676 arte,
653 1641 741 1666 non
763 1629 895 1667 modo
927 1629 1166 1680 theologos
1200 1640 1368 1676 omnes,
1392 1641 1546 1666 verum
1579 1629 1709 1667 etiam
1742 1629 1880 1668 curio-

248 1715 342 1746 nes,
361 1701 595 1752 parochos,
613 1700 948 1739 vniuersitatem
967 1699 1156 1750 denique
1177 1712 1351 1738 omnem
1369 1700 1602 1738 aduersum
1620 1712 1700 1738 nos
1718 1701 1879 1739 excita-

254 1775 331 1821 uitg
355 1786 467 1824 quae
490 1773 679 1824 Augusti
701 1773 853 1824 quinto
876 1772 946 1811 die
970 1771 1085 1822 apud
1108 1772 1349 1810 Maturinos
1365 1773 1622 1811 solemniter
1640 1785 1880 1824 congrega-

250 1852 309 1893 ta,
337 1858 391 1883 ex
416 1846 522 1884 vrbe
544 1850 593 1883 vt
635 1845 871 1883 eiiceretur
905 1844 1093 1883 nominis
1124 1846 1227 1896 Jesu
1262 1844 1465 1883 Societas
1498 1844 1745 1884 faciendum
1783 1859 1879 1883 esse

250 1918 466 1964 decreuit,
491 1916 609 1968 quod
631 1916 841 1955 doctores
862 1915 1054 1966 parisini,
1079 1916 1299 1963 curiones,
1319 1916 1592 1967 praefatique
1610 1916 1764 1967 reliqui
1784 1930 1879 1968 pas-

248 1989 326 2028 sim
348 1989 599 2027 iactitarent
620 1989 662 2026 in
682 1993 878 2026 nostram
901 1987 1173 2026 Societatem
1198 2000 1351 2026 omnes
1374 1988 1514 2026 omnis
1544 1988 1721 2039 generis
1742 1988 1878 2027 homi-

248 2074 343 2108 nes,
369 2061 502 2099 etiam
525 2060 709 2098 infames
732 2064 775 2097 et
797 2060 995 2097 maximis
1019 2059 1121 2097 olim
1144 2063 1385 2110 coopertos
1406 2060 1666 2107 sceleribus,
1690 2061 1784 2098 sine
1805 2060 1878 2099 de-

248 2135 367 2172 lectu
389 2132 577 2179 admitti,
603 2144 786 2183 eosque,
811 2130 930 2183 quod
951 2131 1076 2182 peius
1099 2136 1209 2179 erat,
1232 2144 1318 2170 non
1339 2131 1433 2170 sine
1456 2133 1646 2171 maximo
1664 2134 1878 2184 parocho-

248 2219 341 2244 rum
359 2205 627 2243 detrimento
648 2204 1000 2242 confessionibus
1016 2203 1246 2242 audiendis
1263 2203 1501 2242 admoueri.
1520 2205 1689 2254 Quibus
1706 2218 1761 2243 ne
1773 2218 1878 2256 quo-

247 2290 332 2328 quo
356 2277 488 2315 modo
514 2276 786 2314 obmutuisse
809 2275 1076 2323 videremur,
1102 2280 1146 2314 et
1168 2274 1342 2314 silentio
1360 2282 1513 2315 nostro
1531 2276 1613 2314 illis
1630 2276 1806 2328 indigna
1823 2277 1877 2316 de

247 2349 374 2388 nobis
394 2347 750 2400 praedicantibus
773 2348 989 2395 assentiri,
1014 2360 1098 2398 qua
1118 2348 1340 2399 potuimus
1362 2347 1594 2396 modestia,
1626 2348 1796 2388 omissis
1818 2350 1877 2388 in-

248 2421 384 2467 iuriis,
410 2420 574 2470 scripto
597 2419 831 2470 protestati
855 2433 1003 2458 sumus
1025 2420 1097 2469 (ne
1129 2433 1213 2470 qua
1244 2419 1458 2458 existeret
1493 2421 1782 2459 calumniandi
1816 2435 1878 2460 ra-

248 2491 329 2541 tio)
351 2504 432 2530 nos
455 2496 623 2528 tantum
653 2496 808 2541 petere
840 2496 886 2528 vt
907 2490 1124 2537 Societas,
1158 2491 1332 2542 integro
1366 2491 1556 2529 omnium
1585 2492 1877 2541 parochorum

245 2562 360 2612 jure,
385 2563 438 2601 ad
461 2561 753 2600 excolendam
776 2562 950 2600 Domini
972 2562 1145 2600 vineam
1167 2562 1261 2600 sine
1282 2562 1369 2601 vlla
1389 2566 1570 2613 questus
1591 2568 1665 2601 aut
1686 2563 1794 2602 lucri
1811 2576 1877 2602 ca-

248 2635 349 2673 duci
384 2646 462 2685 spe
498 2633 822 2672 admitteretur.
848 2633 1019 2672 Deinde
1056 2633 1219 2680 verbis,
1251 2634 1303 2672 iis
1338 2634 1410 2685 qui
1444 2646 1525 2676 nos
1560 2635 1739 2673 allocuti
1760 2641 1874 2682 sunt,

248 2706 456 2751 quantum
477 2699 573 2738 fieri
593 2700 735 2750 potuit
759 2700 987 2747 modestiS,
1007 2700 1220 2738 hactenus
1238 2699 1493 2738 satisfacere
1512 2700 1773 2748 curauimus,
1795 2702 1877 2739 etsi

247 2773 306 2810 illi
328 2773 370 2810 in
391 2770 537 2809 media
559 2771 690 2809 etiam
711 2771 858 2821 platea
879 2783 925 2808 se
948 2783 972 2808 a
1001 2770 1150 2809 furore
1174 2776 1218 2808 et
1249 2771 1513 2809 clamoribus
1541 2771 1716 2809 minime
1746 2772 1877 2809 inter-

248 2844 348 2882 dum
370 2850 389 2868 a
411 2842 690 2881 continerent
724 2845 748 2879 ¹.
787 2841 866 2879 His
900 2842 960 2879 ita
996 2841 1261 2889 constitutis,
1286 2842 1393 2880 R.1110
1415 2842 1527 2880 Duo.
1561 2842 1769 2893 episcopo
1792 2842 1876 2881 dici

292 2958 310 2977 a
361 2957 562 2993 interdum
583 2960 719 3003 supra
739 2966 850 2992 vers.
874 2956 1026 2993 eadem
1049 2967 1201 2993 manu.

296 3067 304 3086 ¹
359 3064 422 3103 Cf.
446 3064 583 3111 Epist.
605 3063 700 3101 PP.
727 3063 912 3107 Βνοὲί...,
937 3063 1014 3099 149.
