2038 3400
487 266 903 304 410.—ING01,s·rAmo
933 265 947 302 1
977 264 1241 302 SEPTEMBms
1270 263 1359 300 1560
1618 262 1687 299 779

112 382 223 420 quae
246 382 299 407 ex
322 369 402 407 illis
425 369 622 415 resultat,
659 381 797 419 pauca
818 368 1043 419 attingam.
1068 369 1234 405 Horum
1269 366 1443 417 quidem
1478 366 1640 416 primus
1669 378 1732 402 se-

113 440 295 479 cundam
331 440 383 478 ad
406 440 658 479 Corinthios
695 440 923 490 epistolam
959 451 1096 490 nuper
1131 439 1379 489 auspicatus
1411 442 1494 481 est3
1527 437 1635 474 alter
1657 444 1732 484 4¹¹¹

112 512 435 550 Sententiarum
458 511 613 549 librum
638 517 827 552 enarrat:
852 511 1007 548 tertius
1030 523 1136 548 uero
1159 510 1363 548 materias
1384 509 1505 547 hisce
1527 508 1733 558 tempori-

112 585 192 621 bus
214 588 523 621 controuersas
546 582 741 633 quotidie
766 586 925 620 tractat
949 585 974 620 ¹.
1003 581 1240 619 Auditores
1262 580 1321 618 illi
1342 581 1505 618 habent
1528 585 1571 617 et
1593 591 1734 617 sacer-

113 655 241 693 dotes
264 659 307 692 et
328 655 463 692 laicos
485 655 526 692 in
549 654 654 692 satis
681 655 798 692 bono
821 666 1018 700 numero,
1044 654 1261 704 solitoque
1293 652 1558 702 copiosiore.
1584 651 1735 700 Dispu-

113 727 303 764 tationes
324 731 415 763 tum
438 730 687 763 menstruae
719 724 789 772 (ad
825 738 930 776 quas
953 726 1083 763 etiam
1114 725 1351 763 conuenire
1383 724 1526 760 solent
1556 722 1734 760 aliarum

111 798 366 836 facultatum
387 797 682 848 professores)
717 802 808 834 turn
830 795 1199 834 hebdomadariae
1222 808 1245 833 a
1279 795 1424 833 multis
1458 794 1735 844 frequentan-

111 874 194 915 tur,
220 869 261 906 in
283 881 462 919 quarum
484 868 701 918 prioribus
731 881 818 906 non
854 867 1014 905 desunt
1048 867 1266 905 interdum
1296 866 1524 915 haereticj,
1556 865 1627 914 qui
1649 865 1736 902 suis

113 940 295 992 argutijs
326 952 377 978 ac
406 940 656 990 sophisticis
687 939 956 990 argumentis
988 943 1198 976 conantur
1234 938 1466 976 ueritatem
1490 937 1735 987 opprimere

114 1011 388 1058 catholicam,
413 1023 564 1048 verum
588 1011 649 1049 sic
672 1016 920 1062 oppugnata
949 1016 992 1047 et
1014 1010 1067 1047 ab
1095 1009 1190 1058 alijs
1221 1014 1398 1047 strenue
1430 1008 1625 1054 defensa,
1650 1020 1735 1045 ma-

113 1083 177 1134 gis
200 1082 360 1129 elucet,
394 1094 444 1120 ac
466 1082 700 1133 triumphat
722 1082 775 1120 de
798 1081 970 1119 inimica
990 1081 1180 1118 falsitate
1202 1080 1380 1118 ueritas.
1415 1081 1595 1117 Praeter
1625 1079 1736 1117 fruc-

113 1161 205 1192 tum
228 1154 470 1200 doctrinae,
494 1165 624 1204 quem
660 1151 903 1203 decerpunt
937 1152 1008 1190 isti
1038 1152 1292 1202 theologiae
1324 1150 1564 1197 auditores,
1587 1150 1629 1188 id
1658 1149 1736 1188 uti-

114 1226 246 1264 litatis
269 1230 613 1275 consequuntur,
638 1230 683 1262 ut
706 1225 878 1275 saepius
897 1224 1187 1262 confiteantur
1205 1229 1290 1260 tam
1312 1223 1426 1272 laicj,
1446 1235 1571 1273 quam
1595 1234 1736 1260 sacer-

117 1297 244 1335 dotes
267 1297 356 1347 (qui
378 1297 482 1334 alias
506 1300 549 1333 et
575 1295 654 1346 ipsi
676 1295 908 1341 rarissime,
942 1295 1160 1333 communi
1191 1294 1359 1332 scilicet
1390 1306 1511 1332 more
1534 1292 1736 1331 sacerdo-

115 1374 204 1406 tum
227 1368 579 1415 confiterentur).
605 1367 671 1404 Ad
693 1367 820 1414 haec,
852 1367 911 1404 illi
932 1366 1003 1416 qui
1034 1366 1280 1416 pastoribus
1314 1365 1617 1416 parochiarum
1640 1367 1737 1401 sunt

115 1445 446 1491 cooperatores,
471 1451 495 1476 a
516 1438 676 1476 nostris
697 1438 919 1488 theologis
941 1437 1151 1474 admoniti
1178 1442 1309 1487 atque
1331 1435 1514 1485 incitatj,
1538 1440 1737 1473 ueterem

114 1523 281 1549 morem
303 1509 546 1556 Ecclesiae,
571 1522 655 1560 quo
680 1522 864 1560 sponsus
888 1514 931 1546 et
952 1520 1110 1559 sponsa
1137 1506 1429 1556 benedicendj
1453 1519 1529 1545 sua
1555 1512 1739 1557 peccata

115 1581 316 1631 confiterj
341 1582 500 1627 solent,
524 1581 566 1619 in
589 1581 824 1619 Germania
844 1579 1003 1631 passim
1025 1578 1248 1625 abolitum,
1273 1578 1313 1616 in
1344 1579 1432 1616 suis
1455 1577 1655 1627 ecclesijs
1677 1576 1739 1615 sic

117 1657 412 1692 restaurarunt
430 1660 464 1699 a,
488 1657 533 1690 ut
565 1652 882 1703 quantumlibet
904 1652 1007 1702 ipsis
1030 1652 1306 1697 reclametur,
1330 1650 1456 1688 nullis
1490 1650 1739 1700 impertiant

115 1724 472 1764 benedictionem
493 1723 731 1773 nuptialem
754 1723 835 1761 nisi
855 1722 972 1773 prius
995 1735 1171 1761 suorum
1194 1726 1477 1772 peccatorum
1501 1720 1738 1759 confessio-

115 1809 214 1835 nem
244 1795 445 1835 fecerint.
477 1797 671 1845 Vtraque
705 1793 894 1844 docendj
928 1795 1054 1840 ratio,
1079 1793 1268 1844 publice,
1294 1794 1480 1843 inquam,
1513 1793 1553 1830 in
1586 1791 1740 1840 studijs

116 1869 438 1919 prouectiores,
478 1873 522 1905 et
557 1867 599 1904 in
635 1867 797 1905 scholis
831 1858 1087 1904 domesticis
1108 1878 1285 1916 pueros,
1318 1870 1364 1902 ut
1398 1864 1614 1915 insignem
1648 1864 1739 1915 glo-

118 1941 222 1978 riam
259 1945 303 1978 et
339 1939 512 1977 laudem
549 1936 661 1989 apud
696 1938 836 1976 bonos
859 1950 910 1976 ac
936 1938 1157 1989 sapientes
1188 1936 1392 1975 conciliat
1419 1941 1571 1974 nostro
1609 1936 1740 1973 colle-

119 2012 207 2063 gio,
232 2012 291 2049 ita
312 2010 426 2062 apud
448 2010 673 2061 improbos
694 2008 899 2048 inuidiam
923 2015 967 2047 et
988 2008 1339 2047 maledicentiam
1363 2008 1542 2053 excitat,
1561 2007 1672 2045 adeo
1696 2012 1741 2044 ut

118 2085 273 2122 horum
296 2082 491 2131 nonnullj
516 2081 663 2120 conati
684 2080 767 2119 sint
788 2081 906 2119 falsis
937 2081 1230 2119 delationibus
1260 2083 1437 2118 nostros
1464 2079 1576 2130 apud
1606 2079 1738 2116 illust.

119 2156 361 2206 principem
382 2154 608 2193 infamare.
634 2153 721 2192 Sed
742 2153 913 2190 illorum
935 2151 1120 2204 improbi
1141 2158 1325 2190 conatus
1345 2151 1473 2190 facile
1495 2151 1537 2189 in
1563 2150 1741 2188 nihilum

124 2226 391 2274 reciderunt,
424 2225 647 2264 inocentia
679 2230 929 2262 nostrorum
961 2237 1007 2262 se
1042 2223 1254 2262 aduersus
1290 2224 1471 2261 istorum
1507 2222 1742 2261 calumnias

122 2298 329 2337 uiriliter
351 2296 638 2343 defendente,
664 2301 707 2334 et
728 2307 839 2333 uana
859 2294 1105 2344 huiusmodj
1129 2295 1352 2334 hominum
1383 2293 1526 2332 studia
1546 2294 1742 2345 protinus

124 2369 404 2408 ostendente.
428 2367 553 2408 Vnde
575 2373 784 2419 patronus
816 2367 1081 2413 academiae,
1105 2379 1233 2417 quem
1262 2372 1423 2405 uocant
1453 2364 1481 2413 ²,
1518 2371 1743 2416 comperta

164 2542 184 2561 a
232 2542 524 2578 instaurarunt.

169 2717 177 2736 ¹
229 2715 331 2752 Tres
367 2728 416 2751 ex
447 2713 592 2750 nostris
627 2712 859 2758 theologiae
890 2713 1138 2759 professores
1168 2714 1308 2750 ordine
1340 2726 1418 2759 quo
1452 2713 1740 2760 insigniuntur.

120 2780 237 2813 erant
263 2774 341 2811 ΡΡ.
367 2774 547 2821 Joannes
566 2772 862 2814 Couvillonius.
894 2773 1129 2821 Alphonsus
1156 2773 1248 2810 Pisa
1277 2779 1316 2810 et
1344 2773 1605 2810 Hermannus
1638 2773 1739 2818 Thy-

121 2848 253 2877 raeus,
274 2841 316 2871 ut
337 2847 384 2871 ex
403 2833 593 2879 catalogo
611 2832 776 2879 collegii
796 2833 889 2869 anni
913 2833 997 2869 1561
1018 2834 1073 2877 (in
1101 2835 1185 2870 cod.
1210 2833 1350 2870 Germ.
1372 2833 1461 2877 131,
1490 2833 1516 2871 f.
1542 2833 1635 2877 137),
1664 2834 1741 2869 col-

121 2894 194 2941 ligi
214 2899 357 2941 potest.

169 2954 182 2974 ²
232 2953 408 2990 Videtur
426 2953 594 2990 indicari
613 2951 838 2999 Wiguleus
856 2952 998 2989 Hundt
1024 2952 1258 2998 (Hundius),
1287 2953 1354 3000 qui
1381 2953 1476 2990 alibi
1505 2953 1742 2990 universita-

120 3015 171 3051 tis
189 3018 349 3050 curator
367 3013 612 3050 nominatur.
637 3011 699 3049 Cf.
721 3011 1079 3057 BRAUNSBERGER,
1100 3012 1154 3050 B.
1176 3012 1227 3050 P.
1252 3013 1420 3051 Canisii
1435 3014 1572 3059 epist„
1590 3012 1640 3055 ΙΙ,
1655 3012 1677 3049 3
1704 3016 1744 3048 et

123 3085 285 3121 passim.
