2038 3400
280 261 350 299 634
747 262 798 300 L1
811 275 969 302 rTfflzAE
995 265 1350 310 QUADmMEsrREs

235 371 316 412 set,
336 366 559 416 pristinam
582 366 860 417 recuperauit
882 367 1112 406 sanitatem
1151 369 1171 404 ¹.
1205 368 1364 405 Initiati
1395 374 1493 405 sunt
1524 367 1773 406 sacerdotio
1806 368 1860 406 M.

235 436 471 475 Balduinus
503 439 528 484 ²,
563 437 816 486 leodiensis,
850 440 905 477 M.
932 440 1148 477 Henricus
1170 452 1219 477 ac
1242 441 1296 477 M.
1323 440 1565 490 Gregorius
1587 443 1614 485 ³,
1639 439 1863 477 dinanten-

233 521 318 546 ses.
346 508 564 547 Primitiae
589 509 757 547 Vicibus
780 510 965 549 diuersis
987 518 1085 548 sunt
1110 511 1359 548 celebratae
1384 523 1480 549 cum
1504 511 1690 549 maxima
1724 512 1862 561 graui-

233 584 322 617 tate
345 592 396 617 ac
427 580 679 618 reuerentia
697 586 740 618 et
764 594 859 619 cum
884 594 1041 632 magno
1065 581 1213 632 populi
1235 583 1441 632 applausu
1465 595 1515 619 ac
1537 582 1861 629 aedificatione,

233 664 286 688 eo
309 650 428 701 quod
458 651 511 687 ab
542 651 637 700 alijs
668 652 848 690 videant
879 665 1011 703 saepe
1041 651 1289 690 huiusmodi
1319 665 1442 691 sacra
1470 653 1768 703 perfunctorie
1791 659 1863 690 aut

233 723 512 760 tumultuarie
534 723 701 773 peragi.
726 712 937 774 Discipuli
961 725 1091 762 etiam
1113 737 1200 762 non
1224 724 1411 762 obscura
1431 724 1707 775 gratitudinis
1742 724 1864 774 signa

231 795 449 832 aedebant
486 808 583 833 011111
606 795 983 834 innumerabilium
1018 808 1131 847 pene
1169 809 1376 834 versuum
1411 797 1695 847 appensione,
1720 809 1771 834 ac
1788 795 1862 834 do-

230 865 412 903 mestica
433 865 707 904 diuersarum
731 867 978 905 orationum
1002 866 1340 905 declamatione.

284 948 320 976 2.
383 939 422 975 M
443 951 535 976 rum
573 937 691 976 dictu
721 937 1090 990 quemadmodum
1124 939 1323 977 extranei
1355 944 1398 976 et
1428 939 1614 977 intranei
1643 939 1684 976 in
1720 940 1862 977 litera-

230 1023 321 1048 rum
344 1023 396 1048 ac
417 1010 594 1061 pietatis
625 1011 852 1059 exercitiis
884 1023 983 1049 sese
1020 1016 1169 1048 mutuo
1203 1011 1381 1049 vincere
1414 1011 1698 1050 contendant.
1732 1009 1863 1059 Quod

230 1082 301 1119 vel
323 1082 423 1120 hinc
454 1082 699 1120 luculenter
731 1083 944 1133 colligere
965 1083 1163 1133 procliue
1187 1088 1268 1121 est.
1295 1081 1661 1132 Quandoquidem
1684 1083 1726 1120 in
1746 1082 1862 1122 festo

229 1152 543 1203 purificationis
566 1155 617 1192 D.
644 1154 846 1205 Virginis,
871 1154 942 1205 qui
966 1159 1033 1192 est
1054 1160 1233 1204 quartus
1254 1155 1394 1192 nostri
1417 1154 1591 1204 collegij
1615 1154 1862 1191 anniuersa-

230 1225 317 1263 rius
339 1225 446 1270 dies,
470 1226 638 1264 omneis
668 1226 762 1264 fere
785 1225 984 1276 discipuli
1015 1232 1102 1263 tam
1127 1226 1297 1263 externi
1318 1238 1446 1276 quam
1474 1226 1648 1273 interni,
1673 1225 1863 1264 confessi

229 1302 327 1335 sunt
349 1310 401 1335 ac
421 1297 463 1335 in
485 1298 649 1336 sacello
671 1304 824 1335 nostro
848 1298 1225 1336 communicarunt
1248 1310 1344 1335 cum
1367 1310 1523 1349 magna
1543 1298 1796 1335 humilitatis
1820 1303 1862 1335 et

229 1369 454 1420 religionis
476 1369 813 1420 significatione.
839 1370 961 1408 Multi
991 1371 1111 1408 hisce
1146 1370 1302 1420 elapsis
1324 1369 1479 1408 diebus
1502 1370 1717 1407 clarorum
1749 1369 1862 1407 viro-

228 1455 321 1480 rum
343 1442 416 1491 filij
440 1447 742 1489 accurrerunt,
767 1443 837 1493 qui
865 1442 979 1480 fama
1008 1449 1240 1481 accuratae
1272 1443 1558 1481 institutionis
1588 1443 1734 1480 allecti
1764 1456 1863 1480 nos-

227 1518 336 1552 tram
359 1514 629 1566 disciplinam
653 1514 839 1553 libenter
867 1515 1057 1565 amplexi
1087 1521 1199 1553 sunt.
1227 1517 1333 1553 Post
1361 1515 1523 1552 festum
1553 1515 1742 1564 paschae
1776 1518 1862 1552 stu-

227 1587 397 1625 diorum
427 1587 538 1624 ratio
570 1587 777 1624 innouata
809 1592 891 1624 est.
925 1587 1186 1637 Complures
1218 1587 1418 1625 examine
1442 1587 1621 1636 praeuio
1645 1585 1699 1624 ad
1734 1586 1862 1624 subli-

226 1659 389 1696 miores
411 1659 574 1697 classes
593 1658 958 1696 conscenderunt.
983 1659 1182 1708 Quatuor
1203 1659 1360 1697 fratres
1381 1658 1548 1708 pridem
1572 1671 1623 1696 ac
1644 1656 1817 1709 saepius
1839 1670 1863 1695 a

228 1732 273 1769 P.
295 1730 470 1770 Canisio
493 1731 656 1783 petitos
678 1730 730 1768 ad
753 1731 893 1781 ipsum
915 1731 1246 1774 transmisimus3
1272 1737 1361 1768 tres
1382 1731 1468 1768 hoc
1485 1742 1596 1768 anno
1615 1735 1859 1781 promotos,

225 1807 426 1853 quartum
449 1815 556 1840 vero
595 1803 745 1840 classis
775 1802 996 1853 poeticae.
1035 1803 1145 1840 Nam
1177 1815 1274 1840 cum
1306 1802 1444 1840 serior
1479 1802 1608 1840 fieret
1642 1803 1860 1853 promotio

225 1873 549 1925 magistrorum,
580 1886 667 1911 non
699 1873 789 1912 sine
828 1874 980 1924 grandi
1013 1874 1210 1924 corporis
1231 1874 1428 1924 periculo
1452 1875 1631 1912 Romam
1655 1874 1710 1912 ob
1732 1874 1861 1912 aesti-

227 1959 307 1984 uos
330 1946 500 1984 calores
522 1945 634 1983 mitti
655 1945 905 1996 potuissent
927 1944 954 1983 ⁴.

278 2028 315 2065 3.
377 2019 423 2055 In
441 2016 537 2055 dies
553 2017 827 2055 incrementa
849 2017 978 2055 sumit
1001 2030 1099 2056 cum
1118 2018 1218 2055 Rufi
1244 2017 1509 2056 coloniensis
1526 2021 1554 2064 ⁵,
1574 2022 1665 2055 tum
1682 2023 1860 2055 senatus

223 2101 274 2127 ac
306 2088 465 2126 ciuium
499 2101 604 2139 erga
634 2101 715 2126 nos
746 2088 871 2126 fauor
904 2094 948 2126 et
983 2089 1311 2127 beneuolentia.
1347 2089 1469 2127 Multi
1501 2088 1630 2126 etiam
1662 2089 1860 2127 canonici

224 2160 324 2198 hinc
345 2159 446 2197 inde
468 2158 522 2197 ad
544 2172 624 2197 nos
646 2164 835 2209 nepotes
858 2172 976 2206 suos,
1000 2165 1074 2198 aut
1095 2160 1308 2198 affinitate
1331 2160 1606 2207 coniunctos,
1627 2159 1858 2205 destinant,

223 2245 274 2270 ac
304 2235 481 2270 nostrae
513 2231 778 2269 institutioni
807 2231 998 2269 tradunt.
1023 2231 1124 2269 Rmi
1149 2231 1414 2270 coloniensis
1437 2245 1487 2269 ac
1504 2231 1774 2270 treuerensis
1795 2245 1858 2269 ar-

223 2302 492 2354 chiepiscopi
521 2301 535 2320 6
566 2302 752 2353 rigidum
788 2308 893 2340 satis
927 2303 1141 2341 aduersus
1185 2304 1480 2354 anabaptistas
1511 2303 1730 2341 aedictum
1761 2317 1857 2354 pro-

223 2375 404 2426 mulgari
436 2379 655 2412 curarunt.
689 2374 765 2411 Ille
797 2375 943 2412 multis
974 2374 1243 2425 argumentis
1275 2388 1397 2412 suum
1431 2387 1537 2425 erga
1566 2388 1646 2413 nos
1669 2375 1855 2413 animum

222 2446 431 2492 declarat,
467 2451 510 2483 et
532 2446 687 2496 flagrat
717 2445 844 2483 nobis
866 2446 921 2483 de
944 2448 1107 2497 templo
1139 2453 1290 2485 nostro
1315 2445 1505 2497 collegio
1541 2446 1856 2485 accommodis-

270 2657 277 2675 ¹
334 2655 439 2691 Vide
460 2667 594 2701 supra.
621 2669 658 2701 p.
679 2655 749 2692 335
765 2675 773 2681 ·
790 2654 871 2691 336.

267 2716 279 2734 ‘²
330 2714 556 2752 Balduinus
576 2715 627 2751 ab
648 2715 826 2762 Angelo.

266 2776 279 2795 ³
332 2774 536 2812 Henricus
555 2774 760 2812 Somalius
781 2781 819 2813 et
840 2775 1070 2822 Gregorius
1089 2774 1254 2813 Fabius.

267 2835 280 2854 ⁴
335 2834 482 2871 Eorum
503 2847 665 2871 nomina
685 2848 734 2872 ex
754 2836 924 2881 epistola
944 2835 988 2873 P.
1010 2836 1159 2873 Kessel
1179 2837 1300 2883 paulo
1319 2841 1413 2873 ante
1433 2836 1556 2873 citata
1586 2836 1688 2873 haec
1719 2842 1851 2873 erant:

218 2894 428 2941 Georgius
448 2893 659 2939 Einhouts‚
681 2894 886 2932 Robertus
905 2894 1181 2939 Geraulaeus,
1203 2894 1381 2942 Ogerius
1400 2896 1700 2940 Davantianus,
1721 2896 1851 2933 Theo-

218 2955 377 2991 doricus
398 2953 601 2990 Canisius.

266 3013 278 3032 ⁵
325 3013 506 3060 Joannes
526 3012 783 3051 Gebhardus.

264 3072 278 3092 ⁶
324 3072 505 3120 Joannes
524 3073 573 3110 de
592 3072 715 3111 Petra
734 3074 828 3118 (von
847 3076 919 3113 der
938 3076 1112 3124 Leyen).
