2038 3400
569 343 957 381 242.—V1N120130NA
986 344 1028 381 14
1054 342 1153 381 FER.
1186 343 1274 380 1559
1643 343 1690 381 83

110 446 217 494 tur.]
243 445 405 483 Omnes
436 446 518 483 Dei
547 446 687 497 gratia
702 446 793 496 (qui
813 457 864 494 44
892 446 987 495 plus
1009 445 1148 482 minus
1179 444 1250 482 hic
1271 448 1452 492 sumus),
1477 444 1518 481 in
1552 450 1736 495 vtroque

109 515 284 552 homine
305 515 370 554 sic
389 515 505 553 satis
532 517 743 554 valemus.
769 515 1092 553 Renouauimus
1115 527 1281 552 summa
1303 527 1401 552 cum
1434 515 1737 553 consolatione

110 591 213 623 vota
233 590 384 624 nostra
406 599 557 624 omnes
578 588 672 638 ipso
696 586 1039 625 circumcisionis
1059 586 1090 623 α.
1124 586 1298 622 Fratres
1321 597 1452 634 porro
1484 586 1622 623 nostri
1644 598 1740 623 cum

109 669 213 694 suae
242 657 561 707 perfectionem
593 658 838 696 vocationis
869 659 911 695 in
941 657 1069 707 plena
1095 656 1259 706 proprii
1292 655 1431 693 omnis
1467 655 1615 694 iudicii
1644 669 1740 706 pro-

107 727 315 777 priaeque
355 729 594 767 voluntatis
634 730 928 780 abnegatione
972 729 1097 767 sitam
1139 740 1237 766 esse
1278 727 1545 777 intelligant,
1589 728 1741 765 mirum

109 811 236 848 quarn
267 799 461 850 gloriosa
481 800 522 838 in
552 800 646 838 dies
670 801 724 838 de
755 800 1139 851 praestantissima
1156 800 1237 837 hac
1259 798 1326 836 sui
1347 798 1539 849 ipsorum
1557 799 1743 836 victoria

108 869 321 919 trophaea
342 870 548 909 referant.
573 871 708 909 Cuius
731 884 833 909 sane
857 870 921 909 rei
941 885 1029 910 non
1059 872 1292 909 obscurum
1316 882 1414 907 esse
1437 874 1742 919 argumentum

108 939 293 978 arbitror
316 954 526 979 summam
544 940 659 980 illam
677 942 895 981 mentium
913 955 966 980 ac
987 942 1246 988 animorum,
1266 954 1394 990 quam
1411 940 1524 977 inter
1540 940 1744 978 nationes

108 1009 425 1050 diuersissimas
443 1012 512 1050 hic
530 1025 714 1051 cernere
739 1019 819 1060 est,
845 1014 1067 1060 vnionem,
1090 1024 1245 1063 pacem
1266 1010 1587 1058 incredibilem,
1612 1010 1743 1049 dilec-

106 1082 272 1122 tionem
293 1096 400 1122 vere
423 1085 701 1135 singularem.
728 1087 840 1124 Dum
863 1085 976 1123 enim
993 1085 1176 1136 quisque
1198 1088 1451 1135 postremus
1486 1083 1638 1120 haberi
1672 1095 1742 1133 ap-

108 1155 217 1204 petit
236 1160 278 1192 et
300 1155 408 1194 alios
429 1156 598 1194 honore
630 1156 777 1194 studet
807 1155 1083 1207 praeuenire,
1102 1155 1358 1194 admiranda
1373 1155 1576 1206 profecto
1594 1155 1637 1192 in
1656 1167 1745 1193 om-

109 1224 234 1263 nibus
256 1227 425 1264 relucet
446 1227 665 1265 humilitas
686 1228 720 1274 b,
746 1226 1000 1265 obedientia
1021 1226 1229 1266 cernitur
1259 1239 1360 1265 vere
1392 1224 1613 1264 societati
1637 1225 1742 1274 sesu

109 1296 269 1348 digna.
295 1297 439 1349 Atque
461 1304 509 1336 vt
529 1299 730 1349 propriae
752 1299 1038 1349 perfectionis
1060 1297 1281 1336 desideria
1314 1301 1608 1347 praeteream,
1632 1308 1744 1347 quae

109 1367 285 1418 quidem
307 1369 613 1408 ardentissima
633 1371 675 1408 in
696 1370 778 1408 illis
802 1382 900 1408 esse
933 1371 1139 1408 continua
1161 1382 1313 1408 eorum
1338 1369 1522 1420 suspiria
1544 1373 1747 1407 conatus—

111 1451 195 1488 que
218 1439 469 1478 indefessus
500 1440 673 1478 abunde
705 1445 1067 1488 commonstrant,
1091 1441 1151 1479 ita
1182 1453 1287 1478 sane
1312 1453 1418 1492 erga
1447 1439 1745 1491 proximorum

111 1510 296 1549 salutem
313 1511 527 1559 feruntur,
546 1517 592 1550 vt
610 1513 773 1550 nullum
789 1513 870 1550 sibi
886 1513 1083 1550 laborem
1101 1512 1143 1550 in
1160 1525 1212 1550 ea
1228 1524 1404 1563 quoquo
1422 1512 1554 1550 modo
1572 1524 1745 1562 promo-

112 1582 255 1620 uenda
276 1595 457 1633 grauem
481 1595 579 1621 esse
601 1588 773 1634 putent·,
799 1590 842 1621 et
861 1595 914 1622 eo
936 1596 1245 1634 nonnunquam
1263 1583 1412 1621 feruor
1429 1583 1500 1621 hic
1519 1583 1747 1634 progredi-

108 1658 192 1700 tur,
216 1657 263 1690 vt
285 1657 352 1691 tot
372 1653 611 1691 animarum
632 1653 936 1693 certissimam
956 1652 1251 1704 perditionem
1275 1654 1641 1704 contemplantes,
1666 1653 1747 1692 nisi

114 1723 395 1762 obedientiae
417 1730 594 1762 sanctae
617 1725 838 1776 repagulis
860 1730 1192 1771 coercerentur,
1212 1736 1289 1775 per
1309 1736 1462 1762 omnes
1478 1723 1593 1762 haud
1616 1723 1746 1762 dubie

112 1794 300 1833 ciuitatis
320 1794 490 1845 plateas
513 1795 757 1834 catholicae
778 1794 883 1833 fidei
904 1795 1137 1833 veritatem
1159 1796 1424 1833 annunciare
1459 1800 1502 1833 et
1523 1794 1577 1832 ad
1597 1795 1747 1845 poeni-

109 1867 289 1905 tentiam
312 1879 464 1905 omnes
484 1866 669 1905 inuitare
690 1872 824 1905 noctu
846 1867 1005 1917 diuque
1036 1880 1128 1905 non
1149 1866 1411 1906 desisterent
1432 1873 1463 1904 0.
1489 1866 1741 1916 Martyrium

109 1938 198 1987 (cui
226 1937 397 1989 plurimi
426 1951 506 1976 nos
527 1942 680 1989 putant
710 1938 752 1976 in
782 1938 847 1976 his
869 1937 1134 1977 Germaniae
1164 1937 1360 1988 partibus
1390 1937 1633 1988 proximos)
1654 1943 1746 1975 tan-

111 2020 200 2047 tum
222 2010 346 2047 abest
368 2014 415 2047 vt
436 2009 659 2056 horreant,
684 2014 757 2047 aut
777 2009 962 2060 fugiant,
982 2014 1029 2047 vt
1050 2013 1173 2047 tanto
1198 2009 1280 2047 Dei
1302 2020 1483 2046 munere
1508 2012 1552 2046 et
1572 2009 1748 2058 priuile-

110 2079 182 2130 gio
210 2085 299 2118 tam
320 2080 527 2130 singulari
548 2080 752 2131 indignos
773 2092 821 2118 se
844 2085 1100 2131 agnoscant,
1122 2083 1165 2117 et
1188 2080 1222 2117 si
1244 2080 1381 2118 maior
1403 2079 1486 2117 Dei
1518 2079 1632 2119 foret
1655 2081 1747 2131 glo-

111 2151 186 2198 ria,
224 2152 297 2189 vel
330 2152 631 2202 proximorum
670 2151 771 2189 inde
812 2151 1028 2202 speranda
1067 2151 1182 2189 salus
1218 2150 1376 2201 aliqua,
1416 2151 1690 2202 percupiam
1729 2152 1748 2177 d

111 2223 242 2260 etiam
265 2226 308 2260 et
325 2223 442 2261 votis
464 2223 780 2262 ardentissimis
803 2223 1063 2274 efflagitent.
1084 2223 1308 2273 Intrepide
1330 2223 1515 2274 proinde
1537 2224 1579 2262 in
1601 2223 1747 2261 medio

110 2294 298 2334 nationis
332 2306 493 2345 prauae
518 2301 850 2342 conuersantur,
890 2301 934 2332 et
954 2299 1046 2332 tum
1069 2294 1187 2333 dorni
1224 2299 1315 2332 tum
1345 2294 1466 2342 foris,
1499 2301 1590 2333 turn
1611 2295 1748 2345 publi-

112 2376 162 2403 ce
184 2370 275 2403 tum
305 2365 521 2415 priuatim,
545 2366 809 2404 intemerata
829 2379 880 2405 ac
901 2366 1107 2404 salutaria
1132 2365 1237 2404 fidei
1259 2372 1391 2416 atque
1423 2379 1591 2404 morum
1614 2365 1747 2404 docu-

112 2440 259 2475 menta
280 2442 501 2488 spargunt.
527 2437 580 2474 Et
596 2438 793 2488 quamuis
814 2437 1015 2487 antiquus
1036 2437 1213 2476 humani
1235 2438 1412 2488 generis
1434 2438 1574 2476 hostis
1591 2438 1749 2475 multo-

112 2519 206 2545 rum
225 2507 269 2545 in
298 2521 379 2546 nos
400 2508 596 2559 aliosque
619 2508 779 2547 Christi
800 2521 954 2547 seruos
978 2509 1077 2547 odia
1097 2508 1392 2559 inuidiamque
1415 2509 1639 2547 concitare
1661 2521 1748 2546 non

114 2586 274 2626 cesset,
317 2578 450 2617 vincit
491 2586 636 2618 tamen
670 2580 882 2618 hactenus
924 2581 1143 2618 catholica
1179 2580 1358 2627 veritas,
1400 2593 1483 2618 nec
1525 2580 1750 2619 obliterari

113 2650 431 2688 sanctissimum
468 2663 627 2689 nomen
649 2657 665 2674 e
688 2664 812 2689 suurn
832 2652 993 2702 patitur
1017 2651 1356 2703 benignissimus
1374 2651 1586 2689 Dominus
1602 2652 1746 2702 Jesus.

116 2721 228 2770 Quia
248 2733 357 2759 vero
381 2720 599 2759 crudelius
621 2722 811 2772 grassari
843 2722 957 2760 solet
978 2723 1131 2760 sathan
1157 2723 1229 2760 vbi
1261 2734 1413 2760 omnes
1436 2722 1579 2760 animo
1603 2721 1749 2759 deiec-

113 2796 184 2829 tos
220 2797 263 2829 et
298 2792 597 2841 desperationi
626 2793 851 2842 proximos
884 2794 1182 2843 conspexerit,
1221 2793 1531 2843 neminemque
1566 2791 1750 2829 inueniri

114 2862 187 2912 qui
215 2862 391 2900 nefariis
423 2863 515 2900 eius
547 2862 775 2901 conatibus
807 2864 1017 2901 resistere
1049 2864 1224 2906 audeat:
1248 2863 1436 2901 sollicite
1467 2876 1548 2901 nos
1571 2863 1748 2913 quidem

115 2932 158 2970 id
189 2933 371 2983 agimus,
396 2940 443 2971 vt
470 2932 687 2984 intelligat
714 2933 947 2985 aliquando
981 2933 1179 2972 diabolus
1211 2934 1392 2983 eiusque
1429 2935 1625 2972 asseclae.
1661 2946 1745 2971 non

166 3134 185 3153 a
210 3134 286 3172 die.
343 3135 408 3159 —b
447 3140 498 3171 et.
553 3142 613 3159 -0
656 3134 908 3181 percupiant.
963 3135 1030 3159 ——d
1069 3139 1275 3180 exoptent.
1329 3140 1394 3158 -e
1434 3133 1602 3169 cultum.
