2038 3400
673 339 783 378 BRE
791 339 876 377 VIS
909 338 1146 378 NOTITIA

384 459 567 485 CODICUM
596 458 743 492 QUIBUS
773 457 813 483 IN
843 457 926 483 HOC
955 456 1164 482 VOLUMINE
1193 456 1259 482 USI
1289 456 1420 481 SUMUS

171 693 362 731 Codices
382 692 537 743 quibus
558 693 599 729 in
621 693 706 729 hoc
721 692 943 730 volumine
966 691 1032 729 usi
1049 704 1210 738 summ,
1230 691 1362 729 iidem
1378 691 1473 730 fere
1491 698 1591 731 sunt
1608 705 1718 742 quos

91 766 134 804 in
154 764 439 816 praecedenti
456 763 543 802 vol.
567 764 703 814 Epist.
724 762 949 813 Quadrim.
974 763 1291 812 usurpavimus,
1311 775 1509 814 quosque
1526 764 1722 803 breviter

91 836 337 887 descriptos
358 836 556 874 invenies
577 835 756 881 ibidem,
779 847 877 885 pag.
901 835 977 883 967
1001 847 1092 885 sqq.

172 910 409 946 Praeterea
428 905 494 945 usi
515 919 662 944 sumus
684 906 821 944 tribus
844 904 1084 952 codicibus,
1108 907 1179 956 qui
1201 912 1431 944 servantur
1462 907 1504 944 in
1539 907 1718 946 archivo

93 980 281 1019 civitatis
312 978 578 1018 coloniensis
608 977 903 1027 (Stadtarchiv
934 978 1080 1026 Koln),
1115 982 1158 1015 et
1189 978 1248 1015 ita
1277 982 1485 1016 notantur
1514 976 1559 1016 J.
1593 979 1650 1017 A.
1680 978 1722 1027 9;

91 1051 137 1091 J.
162 1052 220 1090 A.
243 1050 312 1099 20;
331 1049 376 1089 J.
401 1050 443 1088 J.
469 1049 560 1088 723.
591 1050 781 1088 Primum
809 1048 1009 1087 codicem
1037 1048 1267 1099 descripsit
1296 1049 1469 1087 HANSEN
1495 1049 1538 1087 in
1567 1062 1719 1100 opere:

92 1122 361 1162 Rheinisclze
378 1122 522 1160 Akten
541 1133 628 1159 zur
646 1119 909 1159 Gesclzz‘chte
926 1121 1000 1159 des
1012 1119 1397 1169 Jesuitenordens,
1422 1133 1521 1171 pag.
1544 1121 1720 1169 XXVII,

92 1210 134 1235 n.
166 1195 187 1217 ‘⁸
215 1195 304 1245 (11);
336 1195 520 1232 alterurn
552 1192 752 1231 codicem
783 1192 1014 1243 descripsit
1048 1192 1165 1230 idem
1196 1198 1364 1240 auctor,
1396 1205 1496 1243 pag.
1520 1193 1716 1241 XXVIII,

92 1281 133 1306 n.
171 1267 191 1289 *
226 1267 334 1316 (VI).
371 1265 546 1303 Tertius
581 1264 724 1302 codex
759 1263 824 1314 (J.
860 1262 904 1302 J.
943 1262 1046 1314 723)
1075 1265 1187 1302 hanc
1225 1264 1357 1302 habet
1398 1270 1626 1303 externam
1660 1265 1723 1302 in-

94 1333 391 1389 scriptionem:
419 1337 719 1386 «Ausw'artige
735 1335 948 1386 Jesuiten.
975 1335 1181 1373 Berichte
1198 1348 1274 1373 aus
1295 1335 1598 1374 italianischen
1619 1336 1723 1374 Kol-

92 1410 279 1460 legien.»
305 1410 351 1447 In
372 1413 463 1446 tres
484 1412 631 1458 partes
653 1407 874 1444 dividitur:
900 1406 930 1444 Ι.
956 1407 1078 1444 Rom.
1108 1415 1347 1455 1553-15743
1372 1408 1423 1445 II.
1457 1408 1612 1458 fibrige
1641 1408 1723 1447 ita-

93 1480 194 1518 lien.
218 1480 392 1530 Kolleg.
423 1479 661 1528 1546-15723
685 1479 756 1516 III.
781 1478 957 1516 Sieilien
979 1478 1065 1515 und
1087 1478 1315 1516 Sardinien
1341 1487 1580 1527 1547-1571.

174 1551 369 1590 Tandem
392 1551 457 1588 usi
479 1563 626 1588 sumus
648 1549 779 1587 etiam
800 1549 865 1586 his
888 1548 1127 1596 codicibus,
1153 1549 1224 1599 qui
1245 1555 1345 1587 suut
1365 1562 1503 1600 penes
1525 1551 1722 1589 Societa-

94 1629 185 1663 tem
202 1626 318 1675 Jesu:

175 1694 292 1746 Epp.
315 1693 413 1734 NN.
438 1692 529 1731 103.
564 1693 773 1732 Continet
795 1691 1000 1742 epistolas
1023 1693 1071 1730 B.
1096 1693 1251 1743 Ignatii
1273 1692 1328 1730 de
1349 1693 1578 1731 Azevedo.

176 1765 299 1806 Gall.
323 1764 388 1803 61.
413 1765 622 1814 (Monum.
648 1762 760 1801 Hist.
789 1763 1045 1812 1565-1604).
1071 1764 1117 1801 In
1137 1764 1285 1813 primis
1311 1764 1357 1802 ff.
1387 1764 1608 1802 invenitur
1636 1765 1724 1815 epi-

95 1839 208 1877 stola
229 1836 558 1887 quadrimestris
578 1835 632 1872 ad
655 1847 813 1872 annum
838 1842 936 1883 1559
956 1835 1194 1885 pertinens.

175 1908 339 1948 Germ.
364 1907 449 1946 187.
481 1907 690 1946 Continet
712 1906 919 1956 epistolas
950 1905 1292 1955 quadrimestres
1322 1907 1587 1945 Germaniae
1623 1907 1724 1946 anni

101 1991 213 2030 1559·

177 2051 310 2102 Hisp.
334 2050 403 2089 97.
427 2050 636 2089 Continet
655 2050 778 2099 epist.
800 2062 855 2086 ex
874 2049 1079 2098 Hispania
1097 2049 1276 2087 Romam
1298 2049 1450 2088 missas
1467 2062 1580 2088 anno
1603 2050 1719 2098 1560.

177 2123 311 2174 Hisp.
333 2121 404 2160 99.
431 2122 639 2161 Continet
661 2120 786 2170 epist.
812 2119 1045 2169 Hispaniae
1069 2120 1169 2157 anni
1194 2119 1308 2167 1562.

176 2189 299 2247 Hist.
320 2187 429 2227 Soc.
454 2186 518 2224 41.
543 2186 797 2236 (Societatis
819 2191 958 2222 status
980 2190 1024 2222 et
1045 2198 1252 2223 numerus
1288 2185 1419 2235 1574).
1454 2187 1532 2224 Est
1563 2188 1726 2225 catalo-

98 2275 179 2313 gus
200 2261 432 2299 universae
454 2258 690 2297 Societatis
716 2262 817 2308 post
846 2257 1109 2295 electionem
1141 2258 1187 2294 P.
1222 2257 1434 2295 Everardi
1466 2257 1728 2296 Mercuriani

101 2332 400 2371 concinnatus

178 2396 280 2436 Ital.
306 2395 392 2442 1121,
417 2394 500 2441 115,
526 2393 599 2432 116
621 2394 846 2431 continent
869 2394 1075 2443 epistolas
1098 2393 1245 2431 Italiae
1268 2405 1365 2430 ann.
1395 2394 1634 2442 1559-1560.

179 2466 286 2506 Ital.
310 2465 395 2512 118,
421 2464 492 2502 119
510 2465 735 2503 continent
754 2464 880 2514 epist.
900 2464 1050 2501 Italiae
1069 2463 1121 2501 ad
1138 2476 1296 2501 annum
1318 2464 1413 2512 1561
1434 2464 1723 2513 pertinentes.

180 2539 293 2578 Lus.
317 2537 388 2577 64.
422 2537 629 2576 Continet
660 2536 868 2586 epistolas
898 2548 921 2573 e
952 2535 1173 2573 Lusitania
1203 2536 1383 2573 Romam
1415 2536 1568 2574 missas
1603 2537 1726 2575 annis

106 2619 342 2659 1570-1572.

181 2675 305 2714 Rom
325 2674 435 2712 781).
470 2674 546 2711 Est
568 2672 773 2711 collectio
794 2672 1035 2723 priscorum
1059 2671 1359 2721 catalogorum
1380 2671 1634 2721 provinciae
1657 2686 1727 2711 ro-

103 2759 255 2785 manae
278 2751 322 2784 et
343 2745 524 2783 tusciae.

183 2818 317 2857 Rom.
340 2815 432 2855 169.
457 2816 659 2866 Register
681 2815 948 2852 novitiorum
969 2826 1247 2852 romanorum
1274 2814 1513 2862 1556-1668.

183 2887 321 2928 Sard.
340 2887 379 2927 3.
403 2886 620 2926 Collectio
637 2887 879 2936 priscorum
897 2886 1198 2937 catalogorum
1214 2886 1468 2936 provinciae
1486 2885 1729 2925 Sardiniae.

184 2959 359 2998 Venet.
383 2957 454 2997 36.
477 2958 716 3009 Catalogus
736 2956 989 3008 provinciae
1012 2956 1346 3007 Longobardiae
1369 2957 1467 2994 anni
1493 2967 1605 3005 1573.
