2038 3400
364 235 434 272 374
832 237 1053 275 LITTERAE
1081 237 1436 283 QUADRIMESTRES

316 338 425 375 alios
455 339 810 390 quamplurimos,
846 353 942 378 cum
975 340 1195 390 hispanos,
1219 344 1310 378 tum
1342 340 1481 391 gallos
1512 346 1585 378 aut
1615 340 1762 388 italos,
1792 331 1864 391 qui
1894 340 1948 379 ad

316 408 433 447 idem
455 423 609 449 munus
630 411 719 461 apti
740 410 1009 458 uiderentur,
1030 410 1134 448 illud
1156 412 1295 461 ipsum
1315 415 1540 449 tentarunt
1558 412 1605 449 R.
1632 413 1678 450 P.
1698 412 1851 459 nostrig
1871 412 1948 450 sed

316 479 420 518 nihil
441 481 556 519 aliud
579 489 597 506 a
621 482 830 520 effectum
851 488 931 530 est,
950 482 1032 520 nisi
1049 487 1094 519 ut
1112 494 1254 532 aequo
1278 483 1421 521 animo
1439 483 1754 534 praes‘olemur
1777 490 1948 534 tempus

316 551 416 598 hoc,
454 552 571 602 quod
602 553 791 591 accessit
821 558 973 592 nostro
1007 551 1244 599 desiderio,
1283 566 1527 604 quousque,
1562 553 1742 604 direptis
1774 554 1947 593 omnino

317 622 628 662 cacodemonis
649 623 888 673 aduersarij
911 624 1050 662 nostri
1070 622 1184 671 telis,
1210 623 1393 662 liberum
1413 626 1555 663 ocium
1579 630 1623 662 et
1645 630 1840 675 optatum
1864 639 1949 664 ma-

317 691 431 732 xime
458 694 584 733 nobis
608 695 775 733 efficiat
798 694 996 734 Christus
1018 696 1156 741 Iesus,
1183 694 1251 733 cui
1280 701 1457 735 nostros
1480 709 1632 735 omnes
1655 702 1837 735 conatus
1867 697 1950 736 13111

317 763 575 804 (1103111111115.

370 846 406 885 5.
467 838 506 875 Ι5
540 844 767 889 postremo
800 838 1139 889 lugdunensium
1171 840 1392 878 mentibus
1415 841 1570 888 illuxit,
1604 841 1664 880 ita
1690 847 1736 880 ut
1765 842 1950 892 flagrent

314 907 399 946 iam
430 908 666 947 Societatis
697 915 875 947 nostrae
912 909 1150 957 desiderio,
1185 916 1229 949 et
1262 910 1406 949 eidem
1438 912 1480 949 in
1511 925 1589 950 sua
1611 912 1789 951 ciuitate
1820 913 1951 951 colle-

316 980 434 1031 gium
465 986 672 1019 extruere
702 985 854 1031 petant
885 983 911 1028 ¹3
935 981 1053 1032 quod
1083 983 1136 1032 (si
1158 982 1424 1033 adoleuerit)
1455 989 1643 1034 quantae
1675 985 1729 1022 sit
1759 984 1950 1023 futurum

316 1052 530 1100 utilitatis,
556 1052 881 1091 commoditatis
905 1057 948 1091 et
970 1066 1232 1105 progressus
1254 1055 1296 1092 in
1328 1055 1409 1092 Dei
1433 1055 1616 1105 gloriam
1639 1060 1682 1094 et
1715 1056 1951 1095 Societatis

315 1124 628 1163 authoritatem
651 1137 702 1163 ac
723 1124 1059 1173 incrementum,
1085 1126 1243 1164 minine
1281 1126 1420 1164 latere
1443 1126 1578 1166 debet
1607 1128 1655 1167 R.
1681 1129 1727 1166 Ρ.
1753 1128 1803 1166 T.
1828 1128 1881 1166 Et
1904 1140 1950 1165 re

316 1207 435 1242 uera,
461 1194 495 1233 si
524 1195 588 1234 fas
612 1202 679 1234 est
710 1195 857 1234 diuina
889 1197 1071 1235 consilia
1105 1197 1327 1249 inquirere
1359 1201 1402 1236 et
1426 1193 1730 1250 peruestigare
1761 1200 1949 1237 humana

316 1266 585 1315 coniectura,
619 1280 717 1306 cum
740 1267 1020 1315 Bilffiomum,
1046 1281 1143 1307 cum
1166 1268 1386 1320 Apamias,
1426 1282 1523 1308 cum
1547 1270 1806 1322 Lugdunum
1830 1270 1951 1309 deni-

315 1351 400 1388 que
423 1339 475 1388 (si
497 1351 567 1377 res
587 1344 868 1387 maturescat,
890 1345 936 1377 ut
953 1340 1103 1391 spero)
1120 1340 1295 1379 intueor
1313 1354 1364 1379 30
1386 1342 1675 1392 contemplor,
1695 1341 1847 1380 uidere
1868 1342 1949 1380 iam

316 1409 471 1448 uideor
492 1411 608 1461 pium
631 1411 806 1449 Patrem
828 1417 1026 1450 nostrum
1048 1424 1099 1450 30
1116 1412 1362 1458 Dominum,
1388 1413 1531 1452 Iesum
1548 1413 1786 1461 Christum,
1810 1414 1852 1451 in
1870 1413 1951 1464 spi-

315 1481 400 1519 ritu
430 1482 622 1520 lenitatis
655 1486 697 1520 et
719 1483 880 1522 amoris
913 1483 1044 1530 uelle,
1069 1483 1261 1534 alioquin
1290 1484 1553 1523 inflexibiles
1580 1485 1803 1524 hominum
1835 1498 1952 1524 men-

314 1558 397 1600 tes,
423 1555 648 1605 corrigere
671 1558 714 1592 et
735 1555 789 1593 ab
809 1568 959 1594 errore
977 1555 1216 1594 uindicare.
1239 1556 1325 1606 Qui
1347 1556 1461 1595 enim
1478 1557 1574 1595 fieri
1594 1557 1772 1608 poterit,
1793 1563 1839 1595 ut
1855 1570 1952 1609 per-

314 1624 468 1662 sistant
489 1625 633 1663 adhuc
652 1626 672 1650 b
694 1626 986 1677 undequaque
1008 1627 1106 1665 luce
1129 1626 1328 1665 ueritatis
1358 1633 1490 1678 atque
1513 1626 1751 1679 splendore
1782 1630 1951 1679 percul-

314 1695 369 1734 si?
392 1697 439 1735 R.
465 1697 511 1735 P.
538 1697 811 1745 Paschasius,
836 1699 907 1749 qui
925 1697 1080 1736 diebus
1104 1697 1262 1749 elapsis
1285 1699 1547 1737 Bilhiomum
1568 1699 1711 1738 iuerat
1732 1698 1951 1738 inuisendi

316 1768 491 1819 collegij
547 1769 702 1819 gratia,
752 1773 893 1807 totam
939 1769 1123 1808 huiusce
1177 1769 1345 1821 negotij
1393 1770 1663 1821 prouinciam
1717 1777 1761 1809 et
1806 1783 1951 1810 curam

316 1839 364 1878 R.
399 1840 444 1876 Ρ.
470 1840 694 1890 Baptistae
717 1839 729 1857 ²
751 1839 1007 1891 diligentiae
1039 1841 1276 1889 mandauit,
1301 1840 1374 1893 qui
1395 1842 1656 1893 Lugdunum
1678 1843 1816 1882 iturus
1840 1849 1947 1890 erat,

316 1916 362 1948 ut
385 1909 529 1949 omnia
549 1917 836 1962 percontatus
858 1911 1094 1964 diligenter
1116 1918 1248 1964 atque
1271 1912 1465 1960 rimatus,
1491 1913 1728 1952 certiorem
1751 1915 1797 1953 R.
1820 1916 1866 1953 Ρ.
1898 1915 1948 1952 T.

317 1987 360 2020 et
382 1994 430 2020 se
450 1981 628 2021 tandem
649 1983 832 2023 faceret.
858 1986 977 2023 Deus
999 1984 1072 2036 qui
1093 1984 1250 2024 author
1271 1985 1434 2036 primus
1466 1991 1533 2023 est
1556 1985 1706 2036 optimj
1740 1985 1951 2038 cuiusque

316 2052 540 2103 desiderij‚
571 2054 664 2105 ipse
686 2055 886 2105 perficiat
918 2069 971 2094 ac
990 2055 1161 2107 faueat
1194 2055 1459 2107 auspicatis.
1484 2056 1787 2096 Renouarmzt
1815 2057 1951 2097 etiam

317 2124 556 2173 Bithiomi,
572 2128 776 2176 presente
798 2127 850 2165 R.
873 2127 922 2166 P.
944 2127 1212 2175 Paschasio,
1231 2140 1317 2166 sua
1338 2130 1449 2166 uota
1471 2141 1636 2173 omnes,
1653 2141 1830 2180 magna
1850 2142 1952 2168 cum

321 2195 560 2235 deuotione
583 2210 637 2236 ae
656 2197 852 2248 spiritus
876 2198 1137 2239 alacritate.

402 2269 565 2316 Habes,
598 2268 648 2308 R.
684 2270 752 2317 P„
777 2269 888 2320 quid
910 2271 994 2310 hoc
1016 2270 1350 2321 quadrimestre
1372 2270 1555 2322 exigere
1574 2271 1721 2322 Possis
1748 2284 1775 2309 α
1806 2270 1949 2310 nobis.

320 2339 497 2390 Magna
526 2339 706 2390 quidem
727 2340 865 2380 ”uinea
888 2341 997 2380 haec
1018 2343 1095 2388 est,
1129 2343 1168 2380 et
1198 2340 1429 2380 uindemia
1457 2342 1619 2389 multa,
1653 2341 1694 2380 si
1715 2343 1847 2381 modo
1872 2345 1952 2393 pa—

317 2409 479 2450 tienter
499 2412 643 2450 excoli
663 2411 888 2452 sustinere
911 2412 1056 2460 uellet,
1081 2415 1162 2451 aut
1179 2411 1386 2464 operarij
1408 2414 1468 2450 ad
1490 2412 1642 2451 minus
1660 2426 1750 2451 non
1766 2415 1952 2464 praepe-

317 2481 419 2527 dim}
443 2483 654 2521 allatura
684 2485 836 2523 tamen
856 2483 905 2522 in
928 2484 1154 2535 futurum
1174 2483 1407 2523 uberiores
1439 2484 1581 2522 multo
1605 2485 1738 2534 atque
1767 2483 1951 2523 szcam‘o-

316 2567 388 2593 res
402 2553 607 2604 fructus,
626 2554 667 2592 si
680 2554 1037 2606 feruidissimae
1058 2557 1162 2595 tuae
1184 2568 1237 2594 ac
1252 2555 1538 2606 reliquorum
1560 2556 1756 2595 Patrum
1779 2555 1950 2607 aefra-

317 2627 441 2664 trum
473 2626 677 2665 omniu-m
706 2627 939 2667 orationes
971 2629 1233 2667 conuertere
1256 2626 1304 2665 in
1333 2640 1416 2666 nos
1441 2629 1644 2679 pergant
1674 2626 1954 2666 lucidissimi

315 2696 426 2736 solis
446 2696 650 2737 iustitiae
674 2697 963 2749 influentiam
986 2712 1039 2738 ac
1060 2698 1220 2737 radios
1242 2697 1543 2750 benignitatis
1569 2711 1692 2738 suae.
1718 2699 1826 2737 Vale
1859 2698 1951 2750 igi-

364 2847 384 2868 a
434 2847 645 2885 hactenus.
702 2868 731 2873 κ
747 2849 767 2874 b
789 2848 828 2885 in
848 2847 1039 2885 tenebris.

367 3001 376 3020 ¹
434 2999 538 3036 Vide
558 3010 693 3045 supra,
715 3011 751 3045 p.
773 2997 853 3034 366.

366 3059 379 3080 ²
429 3058 475 3097 P.
493 3058 555 3106 Jo.
578 3057 765 3105 Baptista
790 3058 922 3095 Viola.
