2038 3400
331 260 400 297 366
794 260 1011 297 LlTTERAE
1039 260 1395 305 QUAoizimesTREs

287 364 516 412 operante,
542 363 593 400 R.
619 363 686 409 R,
711 374 848 412 quam
866 361 1122 401 uolentibus
1144 360 1214 400 X.i
1240 374 1419 400 crucem
1433 361 1683 412 ferendam
1714 362 1907 413 impone-

287 445 349 472 re.
371 433 437 473 Ne
460 432 802 485 ingratitudine
823 435 985 472 nostra
1008 433 1318 483 impediamur
1341 433 1431 471 tuis
1452 434 1582 473 nobis
1604 433 1908 480 orationibus,

289 507 334 543 1125
357 504 602 544 auxilieris
624 503 784 543 obnixe
807 504 1101 555 deposcz'nms.

338 588 376 626 4.
438 575 664 615 Ecclesiae
686 581 817 627 atque
841 577 1016 628 collegij
1040 577 1143 614 noui
1165 577 1225 614 ita
1241 575 1525 615 foelicissime
1547 583 1565 601 ³
1598 576 1742 614 omnia
1762 575 1893 614 funda

286 654 434 687 menta
455 649 570 687 iacta
592 654 706 695 sunt,
731 655 777 687 ut
811 661 956 700 neque
978 655 1151 700 tempus
1174 649 1448 687 commodius
1472 649 1735 700 exspectari,
1767 660 1911 698 neque

287 722 489 772 exoptari
511 721 742 772 potuisset.
766 721 860 760 Nisi
883 722 996 760 enim
1020 721 1194 759 siccitas
1215 722 1428 771 temporis
1455 721 1652 768 fauisset‚
1676 720 1912 759 maioribus

287 793 415 830 etiam
447 792 654 844 impensis
684 798 852 832 tanturn
885 794 1030 843 operis
1060 791 1352 843 haudquaque
1383 792 1534 843 peragi
1563 790 1796 843 potuisset.
1830 791 1912 829 Dei

286 876 391 915 erga
413 878 516 903 suos
532 864 787 904 inmensam
809 866 828 890 b
845 877 1006 912 curam,
1027 877 1077 902 ac
1096 865 1142 902 P.
1164 864 1388 915 Baptistae
1406 864 1678 915 diligentiam
1700 863 1912 901 admiran-

285 942 352 973 tur
376 948 543 974 omnes.
570 936 825 975 Amoenitas
856 936 1029 986 locique
1061 935 1365 985 commoditas,
1390 940 1432 973 et
1464 936 1546 973 iam
1577 947 1790 986 apparens
1811 947 1912 985 qua-

285 1007 408 1046 drata
439 1007 616 1060 collegij
648 1008 803 1054 forma,
835 1008 906 1046 uix
930 1007 1030 1054 dici,
1071 1008 1117 1045 R.
1144 1008 1205 1054 R,
1229 1011 1377 1058 potest
1399 1012 1673 1058 quantopere
1694 1006 1748 1045 ab
1780 1006 1912 1044 omni-

283 1080 363 1117 bus
395 1079 746 1127 commendetur,
780 1084 824 1117 ut
855 1079 1052 1130 plerique
1074 1091 1155 1117 nos
1176 1079 1424 1117 fortunatos
1450 1078 1707 1130 praedicent
1728 1091 1911 1129 quorum

283 1151 366 1189 iam
389 1152 564 1189 moenia
585 1156 782 1203 surgunt.
809 1152 1097 1201 Quantopere
1129 1151 1211 1188 hac
1243 1155 1384 1188 estate
1416 1151 1457 1188 in
1493 1149 1753 1188 hodiernum
1775 1162 1911 1200 usque

283 1222 399 1260 diem
424 1236 531 1274 opus
553 1223 780 1270 ferbuerit,
805 1223 905 1261 hinc
926 1222 1030 1261 satis
1054 1228 1259 1261 constare
1281 1228 1446 1273 potest,
1470 1221 1587 1273 quod
1615 1228 1806 1270 centum,
1830 1234 1913 1260 nec

284 1307 380 1332 raro
417 1301 594 1334 centum
617 1302 661 1334 et
684 1295 852 1347 uiginti,
883 1296 955 1332 uix
987 1307 1174 1345 unquam
1206 1294 1346 1332 minus
1377 1293 1690 1348 quinquaginta
1725 1294 1910 1344 operarij

283 1367 458 1407 fuerint.
501 1368 658 1419 Neque
680 1368 763 1406 iam
786 1368 839 1406 ab
864 1366 1130 1405 effodiendis
1151 1366 1367 1418 lapidibus
1390 1371 1601 1413 cessatur,
1625 1367 1726 1417 quin
1748 1366 1789 1403 in
1812 1365 1912 1404 dua-

283 1441 362 1478 bus
383 1439 625 1491 lapidicinis
655 1440 697 1478 in
731 1440 974 1491 proximam
997 1444 1212 1478 aestatem
1245 1452 1331 1477 non
1362 1439 1489 1489 pauci
1517 1438 1682 1490 lapides
1707 1437 1912 1476 excidun-

283 1518 368 1559 tur3
404 1518 449 1550 ut
480 1512 616 1563 (quod
648 1511 729 1550 Dei
761 1512 952 1550 confisus
986 1523 1069 1562 ope
1107 1512 1153 1549 P.
1192 1511 1392 1562 Baptista
1426 1511 1677 1561 pollicetur)
1712 1510 1911 1561 proximo

283 1597 395 1623 anno
419 1584 652 1623 ecclesiam
676 1597 773 1623 cum
805 1584 943 1622 altera
973 1588 1097 1634 parte
1119 1583 1227 1620 tanti
1261 1582 1437 1633 collegij
1463 1588 1709 1621 extructam
1744 1583 1912 1633 conspi—

284 1657 462 1695 ciamus.
502 1655 601 1705 Quo
637 1661 654 1680 e
684 1656 730 1693 R.
755 1655 987 1706 episcopus
1018 1660 1170 1692 noster
1195 1660 1203 1679 ¹
1236 1654 1340 1692 nihil
1372 1654 1511 1705 magis
1542 1655 1583 1692 in
1616 1654 1732 1691 uotis
1761 1654 1909 1698 habet,

283 1728 354 1778 qui
374 1728 606 1766 Biliomum
638 1739 686 1765 se
718 1732 951 1765 uenturum
982 1725 1179 1777 negauit,
1203 1727 1306 1776 quin
1327 1726 1445 1777 prius
1467 1732 1609 1764 totum
1634 1739 1742 1776 opus
1764 1737 1912 1776 perac-

284 1805 372 1838 tum
396 1800 463 1838 sit.
487 1798 618 1848 Quod
641 1805 686 1837 ut
709 1811 762 1837 eo
787 1799 1024 1849 superstite
1045 1799 1135 1845 fiat,
1168 1799 1295 1837 nullis
1319 1798 1542 1836 laboribus
1564 1797 1772 1848 parcitur.

337 1881 372 1920 5.
434 1870 600 1909 Solitae
624 1870 862 1908 conciones
885 1870 1202 1922 doctrinaeque
1226 1870 1489 1909 christianae
1512 1868 1644 1906 lectio
1674 1881 1760 1906 non
1791 1868 1912 1906 omit-

283 1948 446 1981 tuntur.
472 1943 584 1981 Hinc
614 1942 661 1980 fit
684 1948 742 1988 ut,
767 1941 944 1992 aliquot
970 1941 1063 1992 pijs
1094 1941 1324 1980 matronis
1350 1938 1768 1990 perseueramibus,
1805 1952 1913 1977 non-

283 2014 401 2053 nulli
420 2013 559 2054 eriam
580 2012 848 2052 scholastici
869 2012 888 2038 ‘¹
910 2013 1092 2064 singulis
1123 2025 1236 2063 pene
1268 2011 1560 2050 hebdomadis
1591 2011 1818 2049 nobiscum
1851 2023 1913 2048 sa-

283 2099 401 2125 crum
424 2086 587 2124 Christi
609 2091 779 2123 sumant
797 2097 955 2135 corpus
972 2092 1007 2131 ‘³3
1030 2084 1201 2135 plurimi
1223 2090 1370 2122 autem
1402 2082 1741 2121 solemnioribus
1772 2083 1908 2121 festis.

283 2157 517 2209 Siquando
534 2157 670 2208 (quod
687 2170 774 2195 non
792 2156 927 2194 toties
944 2157 1006 2203 fit,
1023 2160 1204 2207 propter
1219 2155 1550 2206 occupationeS,
1566 2155 1740 2204 quoties
1758 2167 1912 2205 rogan-

283 2234 369 2279 tur)
393 2231 438 2268 P.
464 2229 602 2267 nostri
629 2229 683 2267 ad
715 2229 879 2267 uicinas
911 2228 1041 2266 urbes
1063 2240 1114 2266 ac
1136 2240 1274 2279 pagos
1298 2232 1414 2273 eant,
1447 2239 1534 2264 non
1565 2226 1612 2263 fit
1640 2226 1732 2263 sine
1755 2226 1912 2264 anima—

283 2315 376 2340 rum
400 2302 706 2340 consolatione
734 2313 785 2339 ac
821 2301 963 2339 fructu
1008 2299 1032 2337 f.
1070 2300 1226 2351 Neque
1248 2299 1319 2337 hic
1347 2298 1521 2337 silentio
1544 2297 1911 2348 praetereundum

285 2380 366 2422 est,
405 2374 522 2425 quod
557 2374 696 2425 primo
734 2375 832 2413 loco
871 2373 1034 2411 dictum
1074 2372 1283 2422 oportuit.
1322 2370 1681 2422 Lugdunensium
1718 2382 1911 2407 summae

283 2445 405 2484 aedis
428 2445 641 2492 canonici,
670 2444 865 2484 Domino
900 2443 1172 2483 Montrotier
1196 2449 1208 2467 ²
1250 2442 1428 2493 partim
1458 2440 1749 2487 sollicitante,
1780 2453 1911 2491 quen-

283 2517 381 2555 dam
405 2530 501 2555 cum
524 2517 661 2555 literis
682 2517 736 2554 ad
757 2529 837 2554 nos
860 2517 1086 2562 miserunt,
1110 2515 1266 2565 quibus
1288 2513 1591 2563 significabant
1615 2513 1848 2563 collegium
1871 2513 1911 2550 in

283 2602 369 2641 quo
405 2591 606 2639 ‹Juatuor
640 2589 907 2639 profitentur
935 2595 957 2620 g
992 2588 1155 2634 literas,
1193 2586 1406 2624 Societati
1443 2585 1557 2623 uelle
1594 2585 1611 2609 ¹¹
1649 2584 1825 2628 donare,
1863 2597 1913 2622 ac

331 2759 349 2777 a
382 2751 592 2788 foeliciter.
649 2751 713 2774 —b
731 2754 956 2796 paternam.
1013 2768 1054 2772 -—
1074 2755 1089 2773 ς
1128 2746 1313 2783 Emend.
1345 2757 1394 2782 ex
1420 2745 1537 2792 quod.
1579 2744 1644 2770 -d
1674 2757 1750 2780 non
1779 2745 1909 2790 pauci.

284 2820 347 2837 -θ
369 2823 512 2858 corpus
526 2811 569 2847 In
598 2821 734 2855 marg.
789 2810 844 2833 —f
876 2808 1010 2845 Prius
1028 2808 1171 2844 salute.
1228 2814 1294 2839 —g
1327 2806 1624 2852 profiterentur.
1755 2805 1819 2828 *¹¹
1853 2817 1909 2840 se.

333 2971 339 2989 ¹
393 2967 625 3005 Guilelmus
644 2978 667 3001 a
687 2964 810 3001 Prato
831 2964 899 3007 (du
927 2964 1052 3009 Prat).

329 3030 341 3048 ²
399 3027 570 3071 loannes
589 3025 638 3061 de
663 3023 892 3060 Vnurelles.
913 3022 1259 3070 CtFouqnerczy.
1281 3021 1309 3062 Ι,
1332 3020 1502 3056 457-458.
1529 3019 1632 3056 Vide
1667 3017 1786 3054 etiam
1810 3018 1908 3055 Lai—

285 3089 350 3125 m‘i
368 3087 575 3125 Montana,
601 3083 674 3126 IV.
705 3084 781 3120 171.
