2038 3400
510 284 836 323 342.——SEGole
860 278 1132 332 29JANUAR11
1162 284 1250 321 1560
1570 283 1639 321 513

66 391 186 425 tanta
207 388 333 438 copia
353 393 482 438 atque
507 388 739 439 elegantia,
765 393 811 425 ut
832 387 1120 426 Salmanticae
1142 391 1216 424 aut
1238 387 1456 437 Compluti
1478 387 1603 434 (citra
1626 388 1685 425 hi-

65 459 310 508 perbolem)
329 459 549 509 frequenti
571 458 839 497 eruditorum
862 459 1035 496 theatro
1058 470 1155 495 cum
1178 457 1476 495 satisfactione
1497 459 1685 496 omnium

64 536 245 579 possent
266 530 455 568 recitari.
478 530 588 568 Sunt
611 536 654 568 et
675 531 744 579 alij
768 531 854 568 duo
875 533 1188 580 praeceptores
1211 529 1521 580 grammaticae
1543 529 1585 566 in
1606 530 1686 567 hac

66 600 189 647 urbe,
212 613 395 651 quorum
418 600 615 651 discipuli
639 614 805 647 omneS,
828 605 976 651 preter
1003 599 1156 651 viginti
1187 599 1240 637 ad
1269 613 1497 645 summum,
1522 598 1575 636 ad
1606 612 1687 637 nos

67 670 341 709 defecerunt.
366 671 578 709 Existimo
611 677 654 710 et
684 671 802 722 ipsos
831 671 954 709 breui
985 676 1059 709 aut
1089 671 1190 709 hinc
1218 670 1428 717 abituros,
1462 676 1536 708 aut
1565 676 1686 708 certe

67 742 192 780 aliam
221 742 399 781 viuendi
428 743 643 781 rationem
674 750 920 790 secutur0s3
945 748 988 781 et
1010 748 1110 780 sunt
1130 742 1306 793 quidem
1327 741 1407 792 ipsi
1429 741 1688 779 eruditionis

65 825 153 851 non
168 813 483 864 aspernandae;
501 813 580 852 sed
596 813 851 852 incredibile
869 813 987 852 dictu
1006 820 1072 852 est
1088 826 1215 864 quam
1232 812 1285 850 sit
1302 814 1387 851 hoc
1402 813 1689 850 instituendo—

67 897 159 922 rum
174 897 410 935 puerorum
425 886 710 923 ministerium
721 886 956 925 Societatis
972 885 1172 923 omnibus
1187 890 1369 936 gratum.
1387 890 1430 922 et
1447 889 1688 934 acceptum.

68 956 270 1007 Magnum
300 956 460 1006 aliquid
490 969 537 995 se
568 955 754 1008 adeptos
783 962 950 1008 putant,
977 962 1020 995 et
1041 957 1231 1007 ingenue
1253 957 1333 1007 ipsi
1354 956 1560 1002 fatentur,
1585 969 1690 1006 quo-

68 1040 161 1065 rum
183 1027 305 1065 liberi
336 1026 450 1078 apud
480 1040 560 1066 nos
590 1028 728 1066 literis
761 1028 885 1066 simul
917 1033 962 1066 et
992 1027 1188 1066 moribus
1210 1027 1476 1064 imbuuntur.
1500 1027 1595 1064 Nec
1615 1026 1690 1064 fal-

68 1099 212 1137 luntur
241 1097 413 1137 interim
444 1097 666 1149 opinione3
699 1099 835 1137 multo
868 1099 982 1137 enim
1012 1099 1150 1149 magis
1185 1097 1298 1148 apud
1330 1110 1410 1136 nos
1441 1110 1528 1135 vno
1559 1110 1688 1145 anno,

68 1183 195 1220 quarn
217 1169 330 1221 apud
350 1170 458 1208 alios
479 1170 612 1220 longo
635 1176 835 1221 tempore
856 1170 1106 1221 proficiunt;
1128 1170 1227 1219 quia
1247 1182 1335 1206 non
1355 1168 1537 1219 perinde
1555 1169 1691 1206 refert

69 1253 195 1292 quarn
217 1240 414 1279 eruditos
440 1240 601 1279 habeat
631 1241 784 1291 aliquis
814 1246 1142 1291 praeceptores,
1175 1252 1226 1278 ac
1256 1251 1340 1289 qua
1370 1239 1539 1277 ratione
1568 1241 1692 1290 pueri

69 1312 362 1350 instituantur.

124 1393 161 1432 5.
221 1383 404 1422 Feriatis
424 1388 631 1434 preterea
651 1383 806 1422 diebus
828 1396 906 1422 sex
927 1388 1124 1422 nostrum
1145 1382 1324 1430 diuersi,
1348 1383 1456 1420 alius
1477 1382 1531 1421 ad
1566 1383 1691 1421 aliam

69 1454 291 1493 basilicam
321 1455 430 1493 imus
451 1454 738 1493 decantantes
760 1460 953 1493 sanctam
975 1455 1220 1493 doctrinam
1243 1459 1286 1491 et
1307 1466 1568 1492 numerosos
1589 1467 1693 1505 prae

70 1526 196 1565 nobis
216 1539 452 1577 puerorum
473 1532 657 1578 agentes
679 1539 856 1578 greges.
880 1528 980 1565 Non
1001 1525 1117 1565 aliud
1138 1527 1179 1564 in
1201 1529 1295 1564 tota
1316 1526 1497 1564 ciuitate
1527 1527 1693 1577 gratius

72 1603 140 1637 est
178 1598 497 1649 spectaculum.
539 1599 639 1637 Non
680 1602 854 1637 cessant
893 1611 977 1636 nec
1021 1599 1221 1637 homines
1260 1610 1344 1637 nec
1388 1598 1607 1636 foeminae
1653 1599 1695 1637 in

71 1673 406 1720 praetereuntes
436 1683 517 1708 nos
547 1669 886 1708 benedictiones
923 1681 1185 1721 congerere;
1216 1681 1268 1707 ac
1298 1669 1379 1707 sibi
1408 1670 1693 1720 gratulantur,

74 1745 117 1778 et
148 1742 243 1779 Deo
274 1740 376 1792 Opt.
409 1742 571 1792 gratias
600 1746 749 1792 agunt,
782 1741 900 1791 quod
935 1747 1102 1779 tantum
1132 1741 1385 1791 acceperint
1415 1741 1692 1780 beneficium.

71 1811 268 1849 Insolens
291 1812 404 1850 enim
427 1818 521 1850 erat
540 1812 651 1851 haec
672 1812 827 1850 ciuitas
848 1813 998 1851 harum
1022 1812 1212 1852 omnium
1234 1828 1394 1863 rerum,
1419 1814 1519 1866 quin
1538 1819 1581 1851 et
1602 1813 1695 1850 fere

72 1881 126 1920 de
155 1882 272 1920 nulla
299 1883 380 1921 alia
410 1896 457 1921 re
489 1896 632 1922 sermo
657 1890 740 1931 est3
764 1885 849 1922 uici
870 1897 921 1923 ac
941 1885 1113 1935 plateae
1142 1885 1214 1923 diu
1236 1892 1280 1924 et
1300 1892 1435 1926 noctu
1461 1899 1696 1937 puerorum

71 1953 254 1992 uocibus
274 1954 386 1992 haec
407 1955 573 1993 cantica
592 1954 919 1994 decantantium
940 1963 1194 2006 personant,
1216 1958 1282 1995 his
1304 1971 1351 1996 se
1374 1956 1602 1996 cantilenis
1626 1969 1696 1994 an-

75 2024 199 2062 cillae
221 2037 245 2062 a
265 2023 510 2064 domestico
532 2026 683 2064 labore
704 2032 909 2074 auocant3
932 2027 1015 2064 hae
1038 2033 1139 2065 sunt
1159 2028 1252 2067 fere
1280 2029 1409 2078 hujus
1439 2028 1587 2078 populi
1617 2027 1697 2065 las-

76 2095 200 2133 ciuae
231 2097 558 2147 amatoriaeque
590 2098 835 2145 cantiones3
866 2098 949 2136 hac
979 2112 1064 2137 una
1093 2112 1140 2137 re
1171 2100 1360 2138 solamur
1391 2100 1613 2138 tristiciam
1647 2099 1700 2148 (si

76 2171 221 2204 tamen
242 2179 312 2204 res
332 2170 420 2205 tam
441 2168 602 2206 acerba
622 2169 755 2206 ullum
777 2168 964 2206 admittit
987 2170 1207 2220 solatium)
1229 2184 1355 2221 quam
1386 2169 1513 2209 nobis
1544 2170 1682 2220 impor

76 2242 140 2275 tat
172 2237 360 2287 perditio
400 2239 652 2286 animarum,
695 2252 801 2290 quas
836 2240 922 2278 late
960 2253 1139 2291 serpens
1175 2242 1402 2280 haeretica
1435 2241 1625 2292 pravitas
1659 2239 1701 2278 in

78 2308 367 2347 damnationis
389 2314 598 2348 tartarum
621 2309 854 2361 demergit.
879 2310 990 2348 Nam
1013 2311 1045 2348 si
1068 2311 1169 2350 alibi
1199 2325 1360 2350 nomen
1392 2312 1472 2350 Dei
1503 2312 1701 2362 blasphe-

78 2383 232 2427 matur,
256 2379 326 2418 hic
354 2369 384 2418 >a
412 2381 560 2431 pueris
591 2382 792 2420 certatim
821 2380 1112 2430 benedicitur,
1146 2389 1192 2422 ut
1214 2383 1316 2422 illud
1346 2384 1575 2434 impleatur
1604 2396 1702 2434 pro-

77 2451 314 2501 pheticum:
348 2464 402 2489 ex
435 2465 511 2490 ore
532 2452 758 2491 infantium
782 2458 825 2491 et
846 2454 1115 2502 lactentium,
1141 2460 1227 2494 etc.
1254 2455 1279 2494 ¹.
1304 2457 1391 2493 Itur
1414 2456 1544 2493 etiam
1567 2453 1620 2492 ad
1643 2455 1702 2492 vi-

80 2522 196 2560 cinas
218 2523 355 2569 uillas,
380 2523 495 2561 unde
518 2536 571 2563 eo
594 2524 730 2563 maior
753 2525 930 2562 metitur
951 2525 1133 2572 fructus,
1157 2539 1242 2576 quo
1266 2527 1404 2577 magis
1425 2528 1507 2565 hac
1537 2526 1702 2577 indige-

79 2592 184 2630 bant
207 2606 305 2644 ope.

132 2663 170 2701 6.
230 2664 471 2715 Episcopus
501 2666 514 2686 ²
543 2666 616 2716 qui
646 2667 800 2706 morbo
822 2667 1104 2719 praepeditus
1124 2668 1320 2706 nondum
1342 2668 1396 2706 ad
1418 2669 1529 2706 hanc
1551 2669 1701 2705 urbem

80 2740 345 2782 accesserat,
384 2748 479 2773 eam
514 2735 622 2785 adijt
657 2737 813 2775 abhinc
847 2739 926 2776 XX
964 2738 1134 2785 diebus,
1176 2740 1247 2789 qui
1287 2751 1414 2789 quam
1456 2738 1610 2776 charus
1651 2738 1704 2775 sit

82 2806 280 2843 omnibus
315 2807 453 2844 omnis
489 2807 753 2846 conditionis
783 2809 1032 2847 hominibus
1061 2823 1139 2859 pro
1176 2810 1263 2848 suis
1294 2810 1491 2848 maximis
1522 2810 1702 2855 meritis,

79 2876 328 2927 frequentia
347 2878 510 2928 populi,
534 2878 606 2928 qui
628 2891 675 2918 se
696 2879 952 2919 aduenienti
975 2881 1148 2918 obuiam
1171 2881 1340 2928 effudit,
1371 2881 1600 2919 manifeste
1632 2880 1703 2916 de-

131 3037 140 3056 ¹
191 3036 257 3074 Ps.
280 3035 391 3081 VIII,
410 3037 445 3074 3.

129 3095 142 3115 ²
193 3094 432 3133 Franciscus
453 3095 693 3143 Benavides‚
715 3096 763 3135 O.
786 3097 828 3135 S.
849 3097 965 3135 Hier.

224 3178 387 3204 Lm-vmua
407 3179 764 3212 Qt·.x1›nmzsrnns.-T.
788 3181 838 3206 Vl.
