2038 3400
371 234 441 270 456
838 237 1058 275 LITTERAE
1085 239 1441 285 QUADfflMEsTREs

376 336 414 374 6.
476 336 641 376 Iisdem
654 337 759 389 fere
781 338 948 387 (liebus,
981 354 1182 392 magnus
1212 355 1430 381 numerus
1463 356 1682 383 uasorum
1714 358 1766 384 ac
1795 346 1951 384 scutel-

325 407 480 446 larum
511 421 563 447 ex
591 411 757 447 stanno
786 410 873 449 linc
893 425 945 450 ex
965 412 1188 451 Boliemia
1211 415 1273 451 est
1302 415 1519 453 aduectus
1545 414 1777 455 viennensi
1797 419 1952 454 nostro

326 479 520 530 collegio
539 482 920 530 pernecessarius.
957 483 1121 522 Viliori
1140 485 1258 523 enim
1276 485 1430 535 precio
1453 486 1591 525 etiam
1611 487 1807 526 meliora
1833 489 1954 525 stan-

327 563 411 588 nea
449 563 578 598 uasa,
618 554 663 589 lit
700 554 955 602 complures
985 554 1106 594 aliae
1128 568 1213 601 res,
1248 554 1561 596 in-Bohemiae
1582 570 1727 609 regno
1750 571 1886 608 qnam
1908 558 1952 596 in

327 622 519 661 Anstria
542 626 770 662 emuntur.

381 705 417 743 7.
479 697 675 733 Fratrum
707 697 747 734 in
780 697 950 735 CHRO.
985 702 1233 737 nostrorum
1264 713 1485 747 numerus,
1518 707 1703 751 quatuor
1731 701 1957 751 tyronibus

327 768 495 805 auctior
519 774 599 814 est,
624 781 751 818 quam
772 769 866 807 fuit:
891 783 1073 820 quorum
1096 771 1217 809 simul
1242 776 1332 810 tres
1353 773 1538 823 ingressi
1561 778 1673 820 sunt,
1696 773 1810 824 frugi
1839 773 1958 812 iuue-

327 852 420 885 nes,
447 845 491 877 et
513 839 566 877 de
590 840 745 890 quibus
768 854 887 891 spem
910 843 1138 880 maximam
1168 844 1402 893 concipere
1426 844 1543 882 licet.
1570 845 1631 882 Ex
1654 845 1719 883 his
1748 849 1852 882 natu
1874 857 1958 882 ma-

330 924 468 948 ximus
490 912 645 949 artium
667 913 909 951 liberalium
932 914 1139 964 magister
1162 919 1229 952 est
1251 919 1295 952 et
1317 924 1365 963 25
1387 915 1567 954 forsitan
1589 929 1746 954 annum
1768 916 1958 967 attingit3

328 982 435 1019 alius
457 983 596 1020 minor
619 983 838 1034 aliquanto
861 985 1040 1035 insignis
1071 989 1162 1023 arte
1200 987 1378 1034 musica,
1402 993 1535 1037 poeta
1565 988 1813 1035 mediocris,
1838 1000 1959 1038 grae-

330 1066 475 1091 rarum
511 1054 730 1092 literarum
772 1069 857 1094 non
895 1057 1069 1094 omnino
1111 1057 1250 1103 rudis3
1291 1058 1447 1096 tertius
1483 1059 1728 1097 eruditione
1765 1059 1957 1105 inferior,

328 1126 490 1175 pietate
514 1139 603 1176 par,
627 1126 921 1176 simplicitate
942 1128 1167 1178 superior.
1194 1129 1286 1166 Hos
1316 1142 1403 1167 non
1434 1130 1493 1168 ita
1514 1131 1649 1169 multo
1671 1135 1770 1181 post
1792 1131 1961 1168 iuuenis

328 1197 500 1247 quidam
536 1198 702 1236 flander
738 1205 1003 1237 consecutus
1039 1205 1120 1246 est,
1158 1213 1370 1250 procerae
1406 1201 1596 1252 quidem,
1635 1203 1712 1241 sed
1747 1203 1959 1240 honestae

329 1269 647 1319 magnitudinis.
671 1270 810 1317 fortis,
844 1271 1004 1318 hilaris,
1038 1284 1229 1321 poeseos
1260 1277 1479 1324 utcunque
1504 1286 1663 1325 gnarus
1686 1278 1730 1312 et
1751 1273 1866 1311 haud
1888 1287 1960 1311 ex-

329 1354 429 1391 pers
452 1342 657 1388 musicae,
682 1343 865 1393 impiger
895 1343 1120 1393 (quantum
1152 1356 1237 1394 ego
1269 1343 1443 1394 quidem
1479 1345 1642 1395 iudico)
1678 1346 1719 1383 in
1756 1345 1961 1384 obedien-

329 1412 384 1450 do
410 1414 434 1450 ¹.
460 1413 664 1451 Fuerunt
685 1413 813 1451 nobis
835 1413 978 1452 oblati
999 1416 1089 1453 tres
1113 1415 1181 1453 uel
1204 1416 1405 1464 quatuor
1421 1416 1557 1466 pueri
1579 1415 1740 1466 quibus
1775 1417 1962 1466 praeter

331 1483 499 1522 iustam
522 1486 715 1523 aetatem
738 1499 797 1523 an¹
830 1485 1008 1536 aliquid
1030 1486 1279 1535 quidquam
1302 1487 1502 1538 desuerit
1522 1501 1608 1537 quo
1631 1487 1783 1526 minus
1804 1486 1852 1526 in
1883 1486 1962 1526 So-

329 1555 532 1594 cietatem
548 1556 904 1606 szasczperezzz‘zlr,
931 1557 1046 1596 nihil
1068 1557 1298 1607 explorati
1319 1558 1465 1598 dicere
1483 1562 1683 1610 possum.
1709 1558 1796 1599 Sed
1818 1561 1868 1598 de
1891 1558 1962 1597 his

331 1627 561 1666 hactenns.
588 1628 710 1666 Nam
732 1628 1059 1667 minutioribus
1078 1629 1300 1677 insistere,
1320 1644 1399 1670 nec
1420 1643 1519 1670 *mea
1533 1630 1699 1682 ferunt
1719 1630 1890 1677 stadia,
1924 1632 1963 1669 et

333 1698 482 1736 maius
504 1698 723 1748 quiddam
745 1713 772 1737 a
796 1713 876 1747 me,
902 1713 1039 1750 qaam
1064 1703 1110 1738 nt
1133 1701 1227 1740 illis
1250 1701 1484 1749 immorer,
1517 1702 1561 1740 T.
1595 1702 1647 1740 R.
1677 1703 1722 1740 P.
1747 1701 1960 1753 exposcit.

336 1770 532 1810 Proinde
561 1771 761 1810 breuiter
792 1772 863 1810 his
899 1785 1012 1822 qaae
1043 1773 1126 1811 lioc
1157 1772 1408 1824 Septembri
1439 1776 1570 1826 gesta
1603 1776 1708 1812 sant
1729 1773 1960 1824 expositis,

335 1845 394 1881 acl
414 1856 466 1882 ea
487 1856 554 1881 me
577 1842 831 1895 conferam,
853 1857 967 1893 qnae
988 1857 1134 1883 mense
1159 1844 1345 1884 Octobri
1366 1845 1612 1897 contigere.

386 1916 426 1953 8.
487 1915 549 1953 Ac
566 1914 771 1964 primum
795 1915 910 1953 illud
944 1916 996 1954 R.
1030 1915 1073 1953 T.
1108 1915 1157 1953 P.
1191 1915 1239 1954 in
1269 1929 1437 1968 genere
1468 1917 1645 1964 habeat,
1681 1918 1774 1955 tam
1803 1916 1964 1954 Patres

340 1999 476 2035 quam
500 1985 686 2037 fratres
715 1994 733 2012 ἃ
768 1988 963 2038 quotidie
995 1989 1035 2026 in
1074 1990 1292 2028 xenochio
1325 1989 1441 2028 ciuili
1477 1994 1653 2027 strenue
1686 1992 1964 2033 exercentur,

333 2072 417 2109 quo
456 2060 495 2097 in
537 2061 751 2099 exercitio
790 2061 969 2099 crebrae
1008 2061 1339 2100 cohortationes
1374 2061 1427 2099 ad
1462 2061 1671 2111 pietatem
1707 2073 1730 2097 a
1767 2059 1965 2097 Patribus

334 2130 624 2183 fratribusque
647 2133 757 2170 fiunt
788 2138 832 2171 et
863 2133 983 2170 multi
1015 2146 1117 2172 sane
1151 2147 1281 2183 saepe
1315 2138 1414 2170 sunt
1435 2132 1507 2182 (sit
1538 2132 1657 2170 Deus
1687 2132 1965 2180 benedictus)

333 2202 481 2240 adiuti.
526 2204 790 2242 Eorumdem
830 2209 975 2243 autem
1015 2217 1254 2255 pauperum
1295 2209 1338 2243 et
1378 2203 1662 2250 infirmorum,
1704 2216 1789 2254 quo
1830 2204 1965 2241 maior

335 2275 444 2311 ratio
481 2276 733 2323 haberetur,
769 2277 920 2314 Patres
955 2277 1092 2314 nostri
1122 2277 1339 2327 principes
1371 2275 1559 2314 ciuitatis
1590 2275 1821 2325 aliquoties
1851 2274 1966 2313 adie-

335 2350 447 2392 runt,
473 2347 794 2385 contendentes
824 2361 877 2385 ne
901 2352 1021 2385 tanta
1051 2360 1194 2386 rerum
1226 2350 1426 2398 egestate
1459 2345 1610 2384 miseri
1630 2345 1693 2383 illi
1720 2358 1966 2396 premeren-

337 2418 413 2454 tar
434 2418 468 2463 ἲ),
494 2422 583 2455 tum
606 2418 809 2465 maxime,
834 2423 879 2456 ut
903 2431 956 2456 eo
981 2418 1133 2456 ordine
1155 2424 1251 2457 tota
1285 2417 1397 2456 illius
1420 2417 1685 2466 xenodochij
1724 2415 1833 2455 ratio
1867 2429 1966 2455 con-

337 2489 610 2536 stitueretur,
638 2495 683 2527 ut
704 2503 751 2528 eo
775 2491 905 2528 modo
927 2491 968 2528 in
992 2490 1142 2541 spiritu
1167 2497 1183 2515 0
1204 2492 1243 2529 et
1266 2489 1425 2528 anima
1446 2490 1716 2535 iuuarentur,
1739 2488 1855 2539 quod
1878 2489 1966 2539 qui-

337 2560 436 2598 dem
466 2561 709 2611 negotium,
734 2563 833 2612 quia
864 2562 1008 2613 magni
1039 2562 1252 2600 momenti
1283 2573 1382 2599 esse
1414 2560 1593 2607 ducunt,
1626 2560 1661 2598 si
1692 2560 1865 2610 spiritus
1896 2559 1967 2597 ille

383 2723 402 2742 ²¹
453 2723 662 2759 nostri.—b
684 2722 850 2759 miseros
869 2722 961 2760 illos
980 2723 1108 2770 premi
1126 2722 1321 2760 sinerent.
1378 2727 1441 2746 —0
1460 2720 1580 2756 simul
1599 2724 1639 2757 et
1658 2731 1838 2766 corpore.

388 2882 396 2901 ¹
450 2879 657 2926 Quantum
678 2891 727 2916 ex
746 2879 934 2925 catalogo
954 2878 1131 2924 collegii,
1152 2877 1221 2925 qui
1239 2876 1279 2913 in
1298 2876 1383 2913 cod.
1416 2875 1556 2917 Germ,
1585 2873 1674 2915 131,
1704 2873 1743 2910 ff.
1774 2873 1842 2910 207
1857 2895 1870 2900 -
1885 2873 1966 2920 210,

337 2940 407 2977 213
424 2940 665 2981 continetur,
687 2943 727 2975 et
745 2938 794 2974 ad
810 2938 883 2974 hoe
899 2944 1057 2984 tempus
1072 2937 1277 2984 pertinere
1293 2935 1466 2980 videtur,
1483 2933 1620 2980 colligi
1635 2938 1779 2980 potest,
1795 2940 1969 2979 quatuor

340 2998 671 3047 praecedentium
691 2997 852 3034 nomina
873 3002 989 3033 erant
1008 2995 1238 3042 Gregorius
1255 2993 1525 3038 Wolfschedl,
1546 2991 1751 3039 Georgius
1777 2990 1966 3039 Scherer‚

342 3058 549 3107 Georgius
568 3057 777 3103 Pesoerer,
798 3063 838 3092 et
858 3055 1063 3094 Antonius
1083 3056 1111 3090 F
1117 3055 1271 3092 lander.
