2038 3400
350 225 397 262 38
820 226 1040 264 LlT'sERAE
1068 227 1427 272 QUADRIMESTRES

304 322 468 371 ngenio
496 330 513 346 a
538 323 664 372 hujus
689 322 988 361 vniversitatis
1026 323 1234 362 collocari
1270 323 1353 361 sint
1390 324 1522 375 digni.
1562 328 1692 376 =S'pem
1729 328 1940 366 habemus

305 405 456 431 eorum
476 393 516 431 in
539 394 811 432 Societatem
829 395 1045 445 ingresus.
1066 394 1283 433 Illuminet
1304 395 1476 434 illorum
1496 397 1629 435 corda
1647 399 1872 445 Dominus,
1895 406 1938 437 vt

305 465 551 516 intelligant
569 466 687 517 quod
705 467 818 504 bene
842 465 1048 517 placitum
1069 472 1134 503 est
1153 466 1207 504 ei.
1232 467 1349 505 Intra
1365 473 1550 517 quatuor
1570 470 1649 507 hos
1672 483 1846 508 menses
1868 470 1939 508 ad-

305 534 423 574 missi
440 542 538 575 sunt
556 538 763 588 quinque,
779 550 962 588 quorum
981 537 1067 575 duo
1087 538 1235 575 laurea
1252 539 1614 578 bachalaureatus
1632 540 1824 592 insigniti
1843 548 1939 581 sunt

303 607 344 645 in
367 607 593 659 pontificio
615 609 730 658 jure;
756 615 799 647 et
835 610 989 648 horum
1012 623 1122 647 vnus
1144 611 1162 635 b
1183 609 1415 660 presbiter,
1445 612 1517 662 qui
1547 625 1634 651 non
1670 613 1938 653 mediocrem

295 677 511 729 fructum
534 686 551 704 0
572 678 676 718 fecit
712 680 752 717 in
787 680 924 718 literis
960 679 1118 727 latinis3
1156 681 1425 730 caeterijuri
1461 683 1577 721 ciuili
1611 684 1937 731 incumbebant,

305 752 428 789 artes
449 757 551 789 ante
575 764 673 790 cum
698 751 956 789 didicissent
979 752 1013 789 d.
1038 752 1124 790 Det
1151 752 1233 790 illis
1256 753 1375 791 Deus
1393 753 1447 791 de
1470 754 1622 805 spiritu
1645 769 1739 803 suo,
1764 770 1819 795 ne
1842 770 1938 796 cum

303 835 475 861 manum
498 823 551 861 acl
574 829 763 861 aratrum
782 823 1019 873 posuerint
1041 832 1074 871 e,
1107 829 1225 862 retro
1258 823 1494 875 respiciant
1527 826 1549 864 ¹.
1588 827 1818 873 {Precibus
1853 831 1939 869 col-

302 893 477 945 legium
488 894 657 945 juvari
672 894 813 945 pctit.l

383 967 694 1014 Salmanticae,
720 967 853 1005 tertio
884 967 985 1005 Idus
1002 968 1207 1018 Januarii,
1233 981 1345 1007 anno
1373 978 1472 1018 1559
1498 970 1521 1008 f.
1546 970 1755 1022 Indignus
1776 973 1888 1011 filius

1528 1055 1720 1094 XnuENEz
1750 1057 1776 1094 ².

385 1133 490 1172 Alia
516 1147 705 1172 manu...
732 1134 987 1173 Emendata.
1013 1135 1199 1186 Copiata
1221 1148 1297 1186 per
1321 1141 1434 1175 tutte
1456 1138 1496 1176 le
1519 1139 1643 1188 parti.

1067 1278 1181 1328 230

622 1395 679 1442 P.
734 1396 1265 1445 ALPHONSUS
1319 1399 1623 1448 ROMAN

705 1516 1067 1543 CAESARAUGUSTA
1099 1506 1141 1543 13
1166 1517 1363 1554 JANUARJI
1393 1509 1483 1546 1559
1508 1510 1533 1547 ³.

299 1601 334 1639 i.
380 1599 626 1640 Sociorum
669 1615 899 1646 numerus,
938 1605 1164 1651 valetudo,
1208 1606 1477 1646 domesticae
1516 1610 1940 1651 exercitationes.—

379 1665 465 1705 2-3.
493 1667 755 1707 Ministeria
777 1682 895 1721 ergar
916 1669 1170 1720 proximos.
1199 1670 1412 1711 Carceris
1438 1673 1657 1713 visitatio.
1691 1677 1829 1717 Faces
1858 1678 1940 1717 ini-

382 1736 465 1773 tae.
496 1734 853 1774 C0112t1'0fnes.»4.
882 1736 1061 1775 Civium
1084 1736 1276 1789 affectio
1299 1751 1417 1790 erga
1438 1738 1723 1781 Societatem.

357 1859 389 1886 1.
451 1851 479 1898 ἢ·
514 1849 595 1898 llis,
622 1850 722 1900 Muy
756 1850 863 1889 Rdo.
902 1852 974 1889 Re
996 1864 1090 1890 nro.
1132 1864 1184 1890 en
1220 1852 1353 1891 Chro.
1378 1853 1531 1893 Gratia
1554 1861 1597 1894 et
1627 1869 1711 1907 pax
1733 1858 1851 1897 Chri.
1872 1861 1940 1911 Je-

299 1933 347 1958 su
371 1925 456 1959 etc.
482 1921 597 1960 Dare
622 1934 675 1960 en
699 1928 795 1961 esta
815 1936 839 1961 a
860 1924 910 1961 V.
938 1923 1033 1961 [³:²⁶¹
1049 1922 1170 1963 auiso
1194 1924 1265 1963 del
1287 1925 1419 1965 modo
1443 1926 1497 1965 de
1520 1929 1738 1978 proceder
1759 1936 1938 1970 nuestro

358 2075 423 2093 —a
452 2067 678 2104 illustriora
698 2068 878 2115 ingenia.
944 2070 1011 2094 —b
1034 2074 1095 2106 est
1115 2077 1179 2096 -0
1212 2082 1487 2117 progressum.
1554 2073 1621 2098 —d
1647 2086 1738 2110 cum
1766 2075 1941 2121 philoso-

297 2126 435 2173 phiam
475 2132 570 2165 ante
598 2127 847 2166 didicissent.
901 2137 965 2154 --ssss
1018 2128 1238 2166 misserint.
1293 2131 1350 2155 —f
1396 2129 1818 2172 Salmanticae——1559
1847 2137 1939 2173 alia

299 2197 440 2224 manu
460 2182 622 2225 addita
641 2192 757 2226 sunt,

348 2324 353 2341 ¹
410 2321 788 2368 Cf.L1Jc..1X‚62.

344 2382 356 2401 ²
409 2381 620 2428 Epistolae
640 2388 782 2420 auctor
800 2382 925 2420 fuisse
944 2385 1106 2421 videtur
1124 2384 1273 2421 Petrus
1299 2383 1500 2422 Ximenez
1527 2387 1645 2430 (alias
1672 2387 1864 2434 Ximeno)
1892 2404 1939 2427 ex

297 2442 398 2479 urbe
429 2442 608 2486 Naxera,
638 2443 848 2490 ingressus
874 2444 1125 2482 Societatem
1144 2443 1440 2490 salmanticae,
1461 2458 1601 2484 mense
1620 2447 1814 2495 Augusto
1835 2450 1938 2493 1:354,

295 2509 340 2540 ut
366 2503 541 2540 habetur
569 2503 607 2539 in
635 2504 722 2540 cod.
752 2503 1069 2542 Salmanticen.
1096 2506 1131 2548 1,
1160 2504 1211 2541 ad
1237 2517 1332 2542 ann.
1364 2505 1467 2543 1554.
1494 2505 1539 2543 In
1564 2508 1753 2556 catalogo
1772 2510 1939 2558 collegii

296 2563 571 2600 vallisoletani
588 2563 770 2601 ineuntis
780 2563 967 2610 Januarii
986 2564 1077 2602 1565
1094 2565 1196 2609 (cod.
1216 2565 1327 2602 Cast.
1343 2565 1409 2610 13,
1426 2578 1464 2603 n.
1482 2566 1554 2609 XI,
1573 2566 1598 2604 f.
1615 2567 1674 2614 34,
1688 2568 1824 2606 deleto
1843 2571 1936 2614 171).

295 2624 397 2661 haec
416 2623 607 2669 legimus:
630 2623 805 2661 «Lector
823 2625 872 2661 de
892 2624 1157 2662 Artes.-P.e
1177 2623 1309 2662 Pedro
1328 2623 1542 2664 Gimenez.
1563 2626 1631 2664 Ha
1649 2640 1728 2675 que
1746 2635 1863 2667 entre
1888 2644 1938 2667 en

296 2685 336 2720 la
352 2682 520 2731 Comp.a
541 2683 585 2720 lO
602 2688 702 2720 afios
720 2697 744 2731 y
763 2683 786 2720 6
805 2697 938 2722 meses
958 2685 1035 2730 [ita
1060 2687 1157 2730 post
1185 2686 1509 2731 correctionem]
1541 2700 1565 2733 y
1597 2686 1620 2723 8
1648 2702 1673 2735 y
1700 2689 1833 2727 medio
1859 2703 1938 2737 que

308 2743 396 2780 hizo
414 2748 543 2780 uotos.
565 2742 621 2780 Es
640 2743 689 2781 de
709 2742 892 2790 Naigerau
914 2744 1106 2792 obispado
1124 2744 1173 2781 de
1194 2743 1414 2782 Calahora.
1436 2745 1572 2783 Antes
1590 2747 1639 2784 de
1658 2753 1800 2785 entrar
1818 2763 1867 2787 en
1899 2752 1938 2788 la

297 2803 465 2850 Comp.a
484 2815 555 2840 era
583 2803 813 2849 sumulista,
842 2818 867 2852 y
888 2804 1063 2852 despues
1090 2804 1140 2842 de
1167 2805 1336 2842 entrado
1363 2810 1441 2853 oyo
1468 2806 1507 2843 el
1534 2818 1651 2844 curso
1678 2807 1727 2844 de
1755 2807 1883 2847 Artes
1913 2825 1938 2858 y

295 2863 536 2910 Theologia.
559 2863 647 2900 Ase
667 2863 770 2901 dado
789 2865 829 2901 al
847 2864 994 2911 griego
1013 2878 1038 2912 y
1056 2864 1222 2910 hebreo,
1243 2879 1268 2912 y
1287 2864 1385 2902 hase
1401 2866 1609 2903 ordenado
1624 2866 1673 2904 de
1692 2867 1806 2906 todas
1825 2870 1938 2908 Orde-

294 2936 380 2969 nes,
401 2936 426 2971 y
445 2923 497 2960 ha
517 2923 624 2961 leido
645 2936 696 2960 vn
711 2936 829 2961 curso
848 2924 897 2961 de
918 2924 1059 2967 Artes,
1081 2938 1106 2972 y
1124 2924 1289 2972 predica
1309 2925 1483 2971 algunos
1510 2936 1733 2973 sermones;
1765 2942 1791 2975 y
1818 2941 1861 2966 es
1888 2931 1937 2967 de

294 2983 341 3021 27
358 2987 458 3020 afios
477 2995 501 3029 y
522 2983 593 3020 dos
612 2995 783 3020 meses.»

343 3043 355 3064 ³
406 3042 468 3081 Ex
489 3043 744 3091 autographo
764 3044 801 3081 in
822 3045 908 3082 cod¹
931 3044 1060 3092 Hisp.
1084 3044 1150 3090 96,
1171 3044 1194 3081 2
1211 3044 1268 3091 fh,
1291 3058 1354 3083 nn.
1377 3045 1459 3089 271,
1479 3045 1560 3091 272,
1582 3046 1694 3094 prius
1711 3046 1792 3092 361,
