2038 3400
519 220 904 258 328.—V1N00130NA
937 222 949 256 1
977 219 1176 265 JANuARn
1208 221 1295 256 1560
1599 223 1665 257 437

97 330 312 370 seruetur,
348 337 431 373 quo
465 323 741 361 xenodochia
771 322 986 371 (Domino
1009 323 1118 361 llaec
1141 323 1254 360 boma
1277 324 1467 361 consiliu
1495 325 1709 362 minirum

96 396 280 443 propter
309 393 574 432 aninzarmn
596 393 836 443 praecipue
863 395 1134 431 nostrarum
1156 406 1209 431 ac
1232 393 1416 431 illoram
1444 395 1712 433 miserorzmz

95 465 288 503 salntem
325 467 619 515 suggerente)
659 471 758 502 sunt
797 464 1007 510 instituta,
1049 476 1267 513 nunquam
1307 463 1529 509 deserent,
1573 465 1713 503 dom-c

97 535 266 574 CHRO.
286 536 417 586 JESV
439 537 553 574 bene
585 536 771 586 propitio
804 535 857 573 ad
890 535 1098 573 effectum
1130 547 1221 572 rem
1253 547 1306 571 ex
1337 535 1463 572 animi
1498 538 1713 574 sententia

96 606 328 645 deducant.
351 607 569 645 Effectum
592 613 823 657 praeterea
844 606 958 657 apud
974 606 1104 644 Caes.
1131 607 1183 643 M.
1211 611 1291 652 est,
1318 611 1363 643 ut
1386 613 1625 651 cantorum,
1646 610 1713 653 (de

96 676 254 726 quibus
276 676 396 715 alias
417 679 479 716 est
494 677 631 729 facta
654 677 840 725 mentio)
862 684 880 702 a
902 679 1059 716 exacta
1084 677 1178 714 iam
1200 676 1305 727 fere
1336 676 1550 726 stipendia
1580 679 1711 715 muni—

97 748 270 786 ficentia
301 750 500 788 Caesaris
530 749 883 787 sztbleziarentur
916 749 950 786 b.
986 747 1116 797 Quod
1147 747 1319 786 abunde
1351 748 1714 785 clementissimus

95 819 294 870 princeps
315 818 550 869 praestitit,
575 820 801 869 noluitque
825 824 870 856 ut
899 831 991 857 non
1019 819 1168 856 solnm
1197 817 1282 856 illa
1318 821 1617 869 augerentur,
1640 822 1714 857 sed

97 892 143 926 zat
162 900 241 937 250
262 892 300 928 et
331 889 528 940 aztzplizts
551 890 744 941 florenis
775 890 1052 928 soluerentur
1089 901 1309 940 expensae
1341 890 1579 940 praeterito
1603 902 1713 927 anno

94 962 135 998 in
159 968 175 986 c
198 962 380 1012 gratiam
405 961 619 1001 Caesaris
640 976 718 1013 pro
742 963 761 986 d
783 960 1049 1000 cantoribus
1064 962 1424 1012 praememoratis
1441 961 1597 999 factae.
1619 961 1715 1009 Qua

98 1035 271 1071 l'atrum
292 1036 541 1070 nostrorum
564 1033 834 1071 humanitate
864 1045 914 1070 ac
948 1033 1238 1083 frequentiori
1273 1032 1493 1082 colloquio
1529 1032 1715 1082 permoti

95 1105 277 1142 iuuenes
307 1104 378 1142 isti
398 1104 647 1154 pacatiores
669 1103 842 1151 redditi,
867 1117 917 1142 ac
939 1104 993 1142 ad
1025 1105 1235 1155 pietatem
1257 1104 1566 1155 promptiores,
1590 1116 1715 1154 quam

96 1182 232 1223 erant,
254 1175 470 1213 uidentur.
491 1175 745 1226 Magnificus
763 1175 963 1214 dominus
981 1177 1258 1214 Gusmannus
1276 1184 1293 1201 θ
1316 1177 1444 1215 Caes.
1466 1176 1519 1213 M.
1541 1175 1716 1214 cubicu-

96 1246 246 1284 larius
266 1249 503 1296 supremus
524 1248 588 1296 (ut
605 1247 708 1284 nihil
731 1247 785 1285 de
808 1248 989 1285 aliorum
1011 1247 1053 1285 in
1074 1260 1154 1285 nos
1177 1247 1384 1298 singulari
1405 1247 1716 1285 beneuolentia

96 1319 254 1367 (licam)
271 1319 312 1356 in
335 1318 586 1368 Hispaniam
609 1318 858 1365 discedens,
883 1319 1017 1356 multa
1041 1317 1254 1358 utensilia
1286 1319 1311 1365 f,
1336 1319 1395 1357 M.
1423 1318 1547 1357 Caes.
1581 1318 1714 1357 etiam

96 1391 333 1435 (minuente,
357 1389 483 1427 nobis
506 1389 683 1440 legauit
712 1396 748 1428 g.
769 1391 861 1441 Jam
883 1389 1000 1439 quod
1022 1388 1075 1428 ad
1097 1391 1379 1428 autoritatem
1410 1391 1583 1427 Patrum
1619 1402 1715 1426 nos-

94 1466 259 1498 trorum
282 1459 454 1506 attinet,
489 1459 597 1509 quid
627 1460 784 1498 multis
814 1462 925 1510 opus
954 1460 1038 1499 est?
1067 1460 1131 1498 Ex
1154 1460 1278 1498 unius
1301 1460 1500 1499 Caesaris
1522 1459 1697 1498 testimo

94 1532 180 1578 nio,
206 1533 372 1582 quanta
395 1531 413 1555 ¹¹
436 1532 489 1568 sit
511 1530 625 1582 apud
657 1537 860 1569 caeteros
898 1531 1027 1570 facile
1063 1537 1130 1570 est
1160 1532 1327 1579 uidere,
1360 1534 1404 1570 vt
1439 1532 1509 1583 qui
1544 1537 1717 1570 nostros

95 1603 261 1654 magnis
280 1608 323 1641 et
344 1602 592 1641 difficilibus
615 1601 702 1641 suis
723 1603 765 1641 in
787 1603 980 1654 negotijs
1002 1603 1056 1641 ad
1078 1616 1124 1641 se
1142 1616 1229 1642 non
1247 1604 1384 1642 semel
1400 1603 1649 1650 accersiuit3
1675 1611 1716 1640 et

94 1674 210 1725 quod
226 1673 268 1711 in
285 1686 455 1725 quaque
473 1686 520 1711 re
535 1673 668 1725 facto
688 1676 798 1724 opus
818 1675 926 1713 esset
954 1674 980 1721 i,
1003 1673 1291 1713 libentissime
1309 1673 1488 1721 audiuit,
1508 1675 1716 1725 pluraque

94 1744 228 1783 (absit
262 1744 492 1784 electionis
525 1744 740 1795 suspicio)
776 1745 830 1783 de
867 1757 1018 1783 eorum
1055 1746 1274 1784 sententia
1308 1746 1457 1797 (JESV
1493 1746 1716 1785 Seruatori

94 1824 244 1855 nostro
268 1817 321 1855 sit
343 1817 434 1854 laus
457 1823 501 1854 et
522 1817 681 1865 honor)
702 1817 908 1868 perfecit.

145 1899 183 1937 9.
247 1888 484 1927 Caeterum
519 1901 571 1926 ne
606 1887 694 1935 hie,
733 1890 852 1938 quod
881 1889 1087 1927 maxima
1118 1888 1200 1928 Dei
1219 1891 1282 1928 est
1313 1889 1505 1936 bonitas,
1537 1888 1717 1928 silentio

94 1958 391 2010 transigatur
412 1958 460 1997 in
479 1958 575 2009 ipsa
594 1958 604 1990 J'
636 1960 825 1997 omnium
847 1965 1095 1998 sanctorum
1118 1960 1390 2007 celebritate,
1411 1962 1521 1998 ultra
1544 1965 1717 1999 centum

95 2030 344 2068 uenerabile
376 2030 525 2069 CHRI.
551 2042 708 2080 corpus
739 2030 901 2068 deuote
933 2036 1233 2081 susceperunt.
1258 2032 1426 2070 Eodem
1448 2045 1596 2070 mense
1622 2044 1716 2069 cum

99 2102 191 2140 lx'.d0
216 2103 311 2140 Pre.
338 2102 391 2139 M.
417 2102 648 2140 Francisco
671 2102 876 2152 Scipione
899 2103 1081 2141 iuuenes
1102 2109 1288 2154 quatuor
1310 2104 1351 2141 111
1374 2104 1605 2154 collegium
1623 2117 1718 2154 ger-

96 2173 307 2210 manicum
343 2176 565 2223 spectatae
602 2174 666 2221 (ut
702 2186 786 2224 ego
824 2174 984 2223 sentio)
1013 2175 1242 2224 probitatis
1278 2175 1394 2212 missi
1430 2180 1543 2221 sunt3
1574 2176 1719 2224 plures

95 2244 347 2294 propediem
369 2244 582 2291 mittendi,
607 2245 639 2281 si
662 2257 745 2294 qua
767 2258 811 2282 se
832 2246 1006 2283 occasio
1029 2246 1207 2283 Romam
1231 2246 1359 2284 eundi
1392 2247 1611 2284 obtulerit.
1637 2247 1718 2283 Per

95 2317 207 2355 idem
228 2322 415 2366 tempus,
439 2317 611 2366 quidam
642 2317 797 2354 artium
819 2316 1058 2354 liberalium
1081 2317 1302 2367 magister,
1339 2317 1514 2355 natione
1537 2317 1715 2363 flander,

94 2388 292 2426 doctrina
313 2400 364 2425 ac
384 2388 548 2437 pietate
580 2401 666 2426 non
698 2388 902 2438 uulgaris,
937 2392 981 2425 et
1002 2387 1114 2426 inter
1148 2393 1324 2425 nostros
1356 2389 1455 2426 olim
1487 2389 1647 2425 Romae
1678 2388 1717 2424 in

95 2460 344 2509 germanico
368 2459 387 2482 k
418 2459 606 2509 collegio
637 2459 862 2505 educatus,
882 2459 1197 2508 typographiae
1217 2465 1442 2498 corrector
1461 2464 1503 2498 et
1524 2459 1717 2509 praefec-

95 2536 163 2567 tus
184 2531 278 2577 fuit,
303 2531 571 2580 approbante
595 2542 789 2576 caesare,
813 2543 837 2568 a
870 2529 1030 2568 nostris
1066 2531 1287 2569 institutus
1311 2537 1336 2577 ¹3
1368 2532 1402 2568 is
1442 2531 1576 2581 probe
1614 2543 1714 2567 sane

141 2665 157 2683 ²¹
210 2665 277 2709 qui
296 2664 401 2711 apud
420 2678 491 2701 nos
511 2665 776 2702 instituuntur
795 2666 833 2700 in
854 2665 1000 2702 litteris
1019 2679 1065 2703 ac
1093 2666 1284 2703 moribus.
1355 2668 1417 2691 -ὓ
1451 2670 1715 2711 augerentur.

97 2732 160 2749 —0
181 2723 278 2760 eius.
332 2724 399 2748 —d
433 2723 502 2760 eis.
570 2732 633 2749 -e
665 2723 897 2771 praefectus
928 2725 1115 2762 cubiculi.
1182 2725 1239 2750 -f
1277 2725 1547 2771 supellectilia
1579 2724 1716 2760 domus

95 2795 205 2820 suae.
275 2790 344 2815 ——g
364 2782 539 2830 reliquit.
607 2784 672 2808 —h
693 2795 809 2831 quae.
886 2785 942 2809 -i
968 2777 1178 2821 sentirent.
1247 2785 1303 2816 —J'
1332 2785 1369 2820 in
1391 2785 1488 2831 ipsa.
1541 2784 1607 2808 —k
1629 2796 1716 2829 ger-

96 2842 227 2878 manio
243 2852 322 2878 ms.

145 2969 152 2986 ¹
206 2966 243 3002 Is
262 2965 335 3002 fuit
354 2965 584 3003 Guilelmus
606 2965 805 3003 Columna
826 2965 1047 3010 (Sulenius,
1076 2966 1231 3010 Saule).
1261 2967 1322 3004 Cf.
1358 2967 1713 3010 Baium-suffles&

98 3028 122 3063 l.
144 3039 194 3069 c.,
214 3024 295 3062 572.
