2038 3400
338 255 407 294 646
832 257 1050 294 LITTERAE
1079 258 1436 303 QUADRIMESTRES

292 359 543 399 ficationem
567 361 802 412 pertinent,
826 361 953 400 nobis
974 363 1043 400 hic
1067 363 1240 400 silentio
1272 369 1370 401 sunt
1405 364 1713 414 pretereunda,
1750 377 1805 402 ne
1835 364 1920 415 epi-

293 431 433 469 stolae
470 433 644 471 modum
679 433 961 472 excedamus,
995 434 1083 472 Sed
1112 441 1344 485 antequam
1376 435 1594 474 scribendi
1623 436 1756 474 finem
1787 436 1921 486 impo-

286 514 462 550 namus,
506 504 627 542 lubet
668 505 719 541 ad
755 506 989 542 multorum
1024 506 1348 544 edificationem
1380 507 1563 556 paucula
1593 507 1801 558 quedam,
1844 508 1921 546 sed

292 579 428 621 certa,
466 575 674 613 miracula
710 589 1042 624 connumerare,
1085 590 1265 627 quorum
1302 591 1382 616 nos
1418 583 1558 616 testes
1597 579 1921 629 quodammodo

291 643 376 683 diei
406 658 651 695 possumus.
685 648 756 698 qui
792 648 894 685 talia
930 661 983 685 ex
1008 661 1083 685 ore
1117 661 1268 686 eorum
1305 650 1560 699 excepimus
1595 651 1749 700 quibus
1787 651 1921 689 conti-

291 722 463 766 gerunt.

343 798 380 836 9.
442 789 539 826 Fuit
576 790 812 827 Rauennae
848 791 889 827 in
926 797 1049 828 vasta
1087 791 1272 841 quadam
1312 791 1497 830 fluminis
1537 793 1818 831 inundatione
1859 794 1923 832 vir

291 857 463 909 quidam
487 867 504 884 a
527 860 595 897 cui
618 873 641 898 a
663 861 958 900 fundamentis
980 861 1164 901 abscidit
1186 875 1325 913 aquae
1346 863 1534 914 impetus
1570 870 1707 902 totam
1729 865 1921 913 domum,

292 941 388 967 cum
422 943 506 980 qua
535 943 646 969 vxor
678 939 721 969 et
753 932 876 970 liberi
910 940 953 970 et
988 938 1083 971 tota
1112 933 1272 971 familia
1292 934 1483 985 periere3
1505 935 1598 985 ipse
1621 949 1728 974 vero
1751 937 1924 987 saepius

291 1002 533 1040 vorticibus
556 1004 852 1042 semiobrutus
874 1005 947 1042 vix
970 1011 1163 1043 mentem
1193 1005 1246 1043 ad
1278 1007 1419 1044 Deum
1448 1012 1623 1057 poterat
1653 1008 1844 1046 eleuare.
1879 1009 1924 1046 In

295 1074 427 1112 tantis
449 1075 581 1125 igitur
612 1076 824 1126 angustiis
856 1076 1122 1115 constitutus
1158 1090 1203 1114 se
1235 1076 1514 1116 beatissimae
1545 1078 1709 1130 Virgini
1741 1080 1925 1118 laureta·

289 1158 371 1183 nae
395 1158 450 1183 ex
473 1146 616 1184 animo
640 1147 982 1195 commendauit,
1008 1154 1053 1186 et
1074 1161 1176 1186 mox
1199 1149 1252 1186 ad
1276 1149 1462 1187 vicinam
1485 1150 1703 1197 arborem,
1723 1163 1832 1200 quae
1853 1151 1924 1188 vix

290 1217 508 1256 radicibus
542 1219 673 1256 humo
709 1219 908 1266 herebat,
943 1219 1162 1270 delapsus,
1201 1220 1294 1258 eius
1316 1223 1586 1259 ramusculos
1617 1221 1826 1271 arripiens
1847 1234 1924 1272 per

290 1290 479 1340 quinque
504 1290 734 1328 continuas
755 1291 885 1329 horas
917 1304 1055 1342 aquae
1084 1292 1261 1330 iniurias
1297 1291 1514 1331 sustinuit.
1549 1293 1744 1331 Tandem
1777 1293 1923 1331 diuino

291 1362 498 1400 miraculo
521 1362 601 1399 fuit
624 1362 798 1402 omnino
822 1363 1045 1401 liberatus

348 1444 406 1472 10.
470 1433 689 1472 Mercator
722 1435 854 1472 etiam
879 1435 1003 1473 diues
1024 1448 1101 1486 per
1124 1435 1234 1473 duos
1256 1447 1392 1473 annos
1424 1436 1657 1474 continuos
1687 1436 1747 1474 ita
1776 1436 1925 1474 mulie-

290 1506 325 1543 ri
349 1505 519 1544 cuidam
542 1506 621 1543 fuit
643 1505 864 1553 addictus,
889 1512 935 1544 vt
962 1519 1181 1557 nunquam
1203 1507 1256 1545 ab
1279 1507 1370 1544 eius
1392 1507 1703 1546 recordatione
1733 1511 1926 1546 mentem

292 1577 518 1616 diuertere
554 1584 722 1629 posset,
749 1591 877 1629 quarn
917 1578 1173 1616 fascinatam
1206 1585 1248 1616 et
1272 1578 1484 1629 cupidinis
1514 1580 1927 1619 flammisexustam

291 1649 516 1688 credebat.
543 1649 704 1688 Incidit
727 1651 761 1687 is
785 1651 826 1688 in
848 1650 1059 1700 grandem
1082 1650 1299 1701 quendam
1330 1651 1546 1695 morbnm;
1571 1664 1758 1701 cumque
1786 1664 1810 1689 a
1839 1664 1927 1689 me-

292 1720 400 1759 dicis
419 1726 462 1759 et
485 1722 538 1759 ab
557 1722 673 1759 omni
694 1733 839 1759 rerum
858 1722 1140 1760 humanarum
1165 1723 1477 1773 expectatione
1496 1723 1734 1761 destitutus
1754 1722 1924 1769 fuisset,

293 1792 428 1831 corde
450 1792 504 1830 ad
527 1791 718 1830 diuinum
758 1792 965 1831 auxilium
991 1798 1034 1830 et
1056 1793 1109 1831 ad
1140 1794 1331 1844 Virginis
1352 1790 1619 1832 lauretanae
1636 1795 1925 1845 patrocinium

293 1876 551 1910 conuersus,
591 1868 742 1901 uotum
774 1865 919 1902 emisit
941 1863 1181 1903 inuisurum
1205 1877 1252 1902 se
1288 1866 1399 1903 hanc
1421 1866 1576 1904 almam
1612 1865 1804 1913 domum,
1843 1878 1926 1904 nec

296 1936 395 1974 inde
421 1948 715 1980 reuersurum,
741 1937 844 1986 quin
878 1937 996 1987 prius
1019 1937 1196 1974 salutari
1216 1938 1460 1988 penitentia
1496 1944 1540 1976 et
1563 1951 1685 1976 sacra
1720 1937 1926 1976 dominici

293 2008 490 2058 corporis
514 2009 824 2046 communione
848 2008 1073 2046 remissam
1109 2008 1189 2046 sibi
1212 2013 1377 2047 tantam
1399 2009 1673 2059 iniquitatem
1710 2014 1921 2060 speraret.

291 2080 462 2121 Statim.
501 2085 608 2117 voto
649 2079 827 2126 emisso,
854 2079 1003 2117 diuino
1035 2079 1244 2118 miraculo
1282 2079 1429 2131 coepit
1464 2081 1696 2131 respirare,
1722 2085 1765 2118 et
1794 2081 1922 2130 paulo

291 2157 390 2201 post
412 2151 558 2189 itineri
596 2164 642 2188 se
666 2151 918 2202 accingere.
959 2152 1195 2201 Postquam
1217 2155 1364 2189 autem
1386 2151 1515 2190 diuae
1552 2152 1742 2203 Virginis
1776 2152 1924 2203 imagi-

289 2235 390 2261 nem
412 2222 577 2269 inuisit,
621 2235 794 2260 omnem
826 2222 985 2260 mentis
1021 2227 1065 2261 et
1093 2223 1290 2274 corporis
1313 2222 1608 2274 egritudinem
1645 2235 1691 2261 se
1730 2224 1923 2261 euasisse

293 2292 599 2344 deprehendit.

347 2376 406 2403 11.
465 2363 587 2402 Alius
609 2364 797 2414 quidam,
823 2370 1007 2415 accepto
1036 2366 1160 2416 graui
1190 2366 1372 2404 uulnere
1403 2365 1445 2403 in
1475 2378 1606 2416 genu,
1639 2366 1799 2404 bonam
1829 2378 1923 2416 par-

290 2442 379 2474 tem
401 2448 574 2473 suarum
598 2436 851 2473 facultatum
874 2436 915 2473 in
933 2434 1128 2474 medicos
1148 2438 1364 2488 erogauit,
1384 2449 1467 2475 nec
1482 2437 1582 2475 inde
1599 2449 1721 2487 spem
1739 2436 1922 2487 aliquam

290 2506 617 2558 recuperandae
641 2507 837 2544 sanitatis
866 2507 1101 2558 concipere
1121 2509 1280 2558 potuitg
1303 2508 1493 2559 quinimo
1516 2513 1589 2546 aut
1612 2508 1786 2546 omnino
1811 2509 1923 2546 clau-

291 2578 407 2625 dum,
432 2583 505 2616 aut
526 2577 724 2615 fortassis
747 2577 847 2615 inde
870 2579 1128 2617 moriturum
1152 2592 1304 2618 omnes
1325 2578 1588 2618 iudicabant.
1618 2579 1747 2617 Omni
1776 2580 1922 2630 itaque

290 2652 477 2689 humana
507 2651 811 2689 consolatione
842 2651 1014 2699 amissa,
1048 2651 1102 2690 ad
1125 2652 1206 2690 Dei
1227 2652 1452 2702 genitricis
1473 2652 1778 2703 patrocinium,
1801 2664 1923 2702 spem

290 2724 567 2773 animumque
590 2723 802 2770 deflectit,
827 2737 877 2763 ac
899 2724 1024 2762 vouit
1054 2724 1292 2762 inuisurum
1325 2736 1370 2762 se
1404 2736 1500 2762 cum
1531 2725 1783 2762 muneribus
1813 2724 1924 2763 hanc

291 2794 512 2833 celebrem
551 2795 798 2832 ecclesiam.
835 2796 996 2834 Votum
1034 2796 1194 2833 sanitas
1230 2795 1437 2833 continuo
1469 2795 1679 2844 sequitur.
1714 2797 1921 2834 Ceterum

289 2879 419 2904 sanus
442 2866 645 2912 effectus,
683 2867 813 2904 nimia
834 2881 979 2906 rerum
1001 2868 1243 2906 foelicitate
1276 2867 1517 2905 obliuiosus
1538 2867 1693 2913 factus,
1726 2870 1921 2916 prestare

290 2937 471 2985 distulit,
505 2937 622 2987 quod
652 2939 952 2988 promisserat3
987 2951 1174 2989 cumque
1210 2939 1367 2977 iterum
1405 2943 1636 2977 anteactae
1671 2937 1789 2976 vitae
1818 2938 1921 2988 (que

336 3076 355 3095 a
405 3075 502 3112 Del.
523 3074 604 3121 qui.
