2038 3400
373 243 443 281 480
838 245 1058 283 LITTERAE
1085 245 1441 291 QUADRIMESTRES

381 363 418 400 3.
480 354 557 392 His
579 354 727 404 itaque
762 353 1028 392 rumoribus
1049 353 1257 393 extinctis
1278 355 1317 392 et
1339 353 1669 393 difficultatibus
1691 353 1847 392 divina
1880 356 1957 405 ope

327 425 557 475 superatis,
596 433 613 450 ³
644 438 731 463 non
761 426 953 464 minores
988 426 1200 463 habemus
1235 425 1378 463 uictus
1402 425 1436 472 b,
1460 438 1572 476 quae
1603 426 1702 475 quia
1724 425 1957 464 continuae

328 501 441 543 sunt,
481 509 533 534 eo
558 504 574 521 0
598 497 741 535 acrius
775 509 855 535 nos
893 499 1147 548 oppugnant
1172 496 1207 541 <¹3
1243 497 1522 535 nihilominus
1556 497 1639 535 Dei
1660 496 1959 535 misericordia

326 567 577 606 necessaria
598 575 616 593 θ
639 567 904 618 suppeditat:
928 568 1046 619 quod
1073 572 1157 618 per
1193 567 1318 605 nobis
1340 567 1494 607 mirum
1516 567 1657 606 videri
1686 566 1836 615 debet,
1861 581 1957 607 cum

327 639 497 677 coeteri
526 639 721 690 religiosi
750 639 761 663 f
787 639 917 678 etiam
952 652 1135 678 numero
1165 639 1398 690 pauciores
1428 639 1548 677 abire
1580 646 1809 691 cogantur,
1842 639 1958 690 quod

327 711 441 749 unde
466 712 616 750 uiuant
636 725 723 750 non
741 713 932 750 habeant
954 719 989 750 g.
1012 711 1225 760 Quadam
1244 711 1313 751 die
1336 712 1355 736 ¹¹
1376 711 1543 762 prandij
1568 713 1687 751 hora
1709 713 1718 737 i
1751 713 1956 759 instante,

327 784 473 822 uinum
507 783 676 822 deerat:
710 782 857 834 itaque
889 783 1202 823 libentissimis
1239 783 1440 821 omnibus
1471 782 1482 814 J'
1523 789 1566 821 et
1600 784 1642 822 in
1678 783 1958 822 tribulatione

324 854 635 905 gaudentibus,
660 856 871 905 mens[ae]
897 856 916 880 k
938 855 1316 901 accumbentibus,
1343 866 1449 892 ecce
1472 855 1625 892 mulier
1647 855 1735 892 uini
1756 867 1833 892 uas
1854 855 1959 893 satis

326 938 460 976 capax
483 927 641 965 attulit.
682 926 822 965 Nobis
844 939 949 965 sane
972 927 1091 965 uisae
1123 931 1223 964 sunt
1252 925 1429 976 nuptiae
1463 927 1639 965 Cannae
1673 926 1885 974 Galileae,
1917 926 1959 964 in

324 998 481 1048 quibus
503 997 730 1045 Dominus,
753 998 827 1048 qui
848 999 966 1037 solus
987 1002 1171 1036 naturae
1195 997 1348 1036 ordine
1371 1009 1458 1035 non
1481 997 1748 1049 astringitur,
1774 1010 1828 1036 ex
1850 1011 1960 1049 aqua

324 1069 471 1108 uinum
494 1069 700 1108 reddidit.
725 1069 846 1109 Hinc
868 1069 1099 1109 transiens
1126 1070 1136 1094 ¹
1159 1070 1287 1108 R.¹[¹³¹¹S
1310 1069 1594 1121 Augustanus
1618 1075 1625 1094 ¹
1655 1068 1784 1108 nobis
1805 1069 1958 1121 uigin-

324 1140 360 1179 ti
381 1149 411 1166 ¹1²
433 1154 592 1180 aureos
614 1141 917 1180 liberalissime
936 1148 1004 1179 est
1026 1149 1046 1166 ¹1
1072 1141 1297 1192 elargitus.
1331 1140 1535 1188 Plurima,
1568 1147 1587 1166 0
1623 1153 1737 1191 qnae
1770 1141 1840 1179 hic
1875 1140 1959 1179 dici

323 1218 520 1263 possent,
546 1226 660 1263 quae
690 1226 717 1251 α
745 1212 875 1252 nobis
905 1212 1138 1252 miracula
1170 1213 1467 1263 appellantur
1497 1219 1532 1259 Ρ,
1569 1212 1799 1251 breuitatis
1830 1225 1959 1251 causa

325 1290 573 1336 praetereo.
599 1286 797 1324 Matrona
818 1285 1031 1335 quaedam
1054 1291 1294 1324 sexcentos
1324 1297 1483 1324 aureos
1513 1297 1714 1323 nummos
1744 1284 1870 1323 nobis
1901 1284 1958 1322 le-

325 1358 461 1409 gauit,
499 1370 549 1396 ac
583 1357 810 1408 praedium
846 1370 960 1396 nunc
994 1358 1268 1397 fructuosum
1304 1370 1382 1409 pro
1406 1357 1596 1408 collegio
1621 1362 1827 1396 coemere
1850 1357 1956 1395 uult.

324 1430 449 1468 Alter
471 1430 544 1480 qui
564 1443 612 1469 se
642 1434 819 1469 nostrae
843 1429 1038 1468 adiunxit
1060 1429 1290 1477 Societati,
1316 1429 1493 1468 domum
1528 1428 1798 1480 fundumque
1821 1427 1956 1476 dedit,

324 1515 426 1552 quo,
452 1514 549 1540 cum
571 1502 681 1540 liber
705 1502 802 1549 erit,
827 1501 1063 1540 duodecim
1084 1501 1242 1539 fratres
1258 1500 1480 1540 sustineri
1500 1508 1518 1534 q
1540 1506 1764 1551 poterunt.
1784 1501 1958 1538 [nterea

326 1575 537 1613 Dominus
560 1581 574 1598 f
599 1573 865 1624 prouidebit.
902 1572 1003 1622 Qua
1035 1572 1216 1612 ratione
1246 1573 1365 1612 enim
1399 1573 1519 1612 Deus
1553 1572 1696 1620 nobis,
1735 1572 1814 1622 qui
1843 1574 1958 1611 totos

324 1645 533 1696 obsequio
569 1645 665 1684 eius
700 1645 1085 1696 mancipauz'mus,
1123 1657 1215 1683 non
1245 1646 1428 1695 praesto
1460 1644 1569 1683 erit?
1603 1657 1706 1683 eum
1742 1642 1956 1682 uolatilz'a

323 1717 437 1758 coeli
457 1716 778 1757 liberalissime
795 1717 980 1767 pascat?
1000 1718 1026 1755 ².

375 1802 413 1839 4.
474 1789 563 1828 Sed
586 1788 642 1827 de
663 1790 728 1827 his
751 1789 870 1836 satis,
895 1788 949 1827 ad
971 1788 1146 1828 scholas
1179 1801 1297 1826 nunc
1326 1788 1568 1835 ueniamus,
1601 1799 1713 1838 quae
1743 1788 1958 1826 hactenus

323 1862 570 1912 frequentia
601 1861 912 1911 discipulorum
944 1861 1202 1907 floruerunt,
1235 1860 1308 1911 qui
1339 1872 1443 1898 sane
1475 1864 1575 1898 sunt
1610 1860 1753 1898 bonae
1783 1859 1955 1907 indolis,

323 1933 540 1985 ualdeque
562 1933 720 1971 litteris
742 1946 794 1971 ac
815 1932 1049 1971 uirtutibus
1067 1931 1219 1979 dediti,
1241 1937 1285 1970 et
1304 1932 1396 1970 sine
1415 1932 1566 1970 labore
1587 1944 1611 1969 a
1633 1931 1750 1981 vitijs
1771 1943 1957 1969 auocan-

321 2011 406 2052 tur3
442 2005 729 2056 quamobrem
766 2004 903 2055 magis
939 2004 1165 2055 magisque
1202 2004 1243 2041 in
1279 2003 1373 2041 dies
1409 2004 1449 2041 in
1483 2003 1641 2041 litteris
1676 2002 1957 2053 moribusque

321 2076 569 2127 proficiunt,
595 2081 639 2114 ut
662 2077 761 2114 hinc
783 2075 991 2127 egregios
1013 2076 1108 2113 tore
1127 2075 1246 2113 uiros
1277 2087 1520 2125 speremus.
1544 2075 1706 2123 Auct[i]
1734 2073 1779 2125 [Ρ]
1804 2081 1818 2099 s
1841 2080 1955 2120 sunt,

321 2147 467 2186 habita
490 2149 688 2186 oratione
711 2149 753 2186 in
773 2152 926 2185 nostro
948 2147 1113 2198 templo
1138 2146 1192 2184 de
1214 2147 1494 2185 scientiarum
1513 2145 1784 2197 praestantia
1805 2151 1849 2183 et
1872 2145 1958 2183 dia-

368 2318 387 2336 a
439 2311 555 2347 alias.
622 2310 685 2333 —b
707 2308 814 2345 circa
833 2308 999 2344 uictum.
1067 2316 1129 2333 -C
1152 2320 1198 2344 eo
1218 2312 1355 2353 supra
1375 2317 1487 2343 vers.
1560 2327 1581 2330 κν
1603 2306 1623 2331 d
1644 2318 1882 2353 oppugnare
1901 2306 1956 2342 vi-

319 2370 478 2407 dentur.
532 2376 597 2395 -e
618 2380 792 2414 semper.
846 2368 905 2392 -f
931 2380 1036 2415 quae
1065 2371 1125 2403 est
1153 2366 1272 2403 huius
1300 2366 1409 2402 vrbis
1428 2365 1642 2402 calamitas
1673 2371 1712 2402 et
1744 2365 1953 2411 eges[ta]s.

322 2437 390 2462 —f'
411 2428 465 2466 In
486 2438 625 2474 marg.
649 2428 800 2474 aliqua
820 2427 927 2464 add.
952 2426 1187 2469 Polaucus,
1208 2436 1322 2473 quae
1338 2427 1413 2462 vix
1432 2426 1518 2471 legi
1529 2428 1728 2472 possunt:
1762 2437 1840 2461 non
1871 2430 1954 2461 tan-

321 2494 404 2526 tum
424 2488 465 2525 in
484 2487 589 2524 diem
610 2489 677 2523 Vel
697 2487 737 2523 in
758 2487 876 2523 horas
897 2486 959 2523 hic
980 2486 1152 2523 vidimus
1172 2486 1249 2530 (Ρ).
1317 2486 1382 2509 —h
1405 2483 1574 2522 Memini
1602 2497 1708 2522 cum.
1775 2485 1830 2510 -i
1858 2490 1955 2521 tem-

321 2561 429 2595 pore.
484 2548 539 2580 -J'
565 2548 683 2585 hilari
704 2547 924 2583 animo—k
949 2545 1219 2592 Consumpta
1238 2545 1405 2582 charta.
1461 2545 1518 2570 —1
1545 2557 1635 2581 cum
1663 2545 1767 2581 alias
1797 2545 1954 2580 nullum

320 2607 517 2654 pecuniae
536 2607 757 2644 subsidium
777 2607 881 2642 domi
904 2611 1025 2648 esset,
1042 2605 1136 2642 dum
1155 2617 1315 2642 sacrum
1335 2603 1489 2642 faceret
1509 2603 1577 2641 Pr.
1600 2604 1763 2645 Rector,
1782 2616 1876 2640 casu
1895 2603 1955 2639 illi

320 2666 502 2704 interfuit
536 2668 706 2704 Romam
739 2679 928 2713 pergens.
980 2674 1056 2691 —111
1078 2672 1117 2702 et
1145 2670 1301 2702 nostros
1332 2677 1572 2711 agnoscens,
1608 2665 1766 2701 multos.
1820 2671 1887 2688 —11
1915 2664 1954 2700 in

335 2727 640 2764 eleemosinam.
695 2733 759 2752 —0
781 2726 1021 2763 huiusmodi.
1075 2734 1141 2759 ——p
1163 2725 1326 2761 diuinae
1347 2737 1447 2771 erga
1463 2737 1534 2761 nos
1550 2724 1830 2771 prouidentiae
1845 2724 1951 2759 testi-

320 2786 467 2831 monia,
487 2799 608 2833 quae.
657 2793 721 2820 —q
744 2787 811 2822 ali.
868 2794 928 2811 ——1
950 2791 1067 2833 prout
1085 2787 1202 2822 solet.
1259 2792 1317 2811 —S
1343 2785 1610 2830 Consumpta
1631 2783 1783 2821 charta
1815 2783 1885 2820 lzic
1916 2785 1956 2818 et

319 2845 441 2892 infra
460 2845 505 2883 in
525 2847 729 2883 extremis
748 2846 958 2882 versibus.

371 3006 375 3023 ¹
432 3002 528 3041 Otto
547 3002 788 3039 Truchsess.

368 3064 381 3082 ²
433 3062 496 3100 Cf.
520 3061 707 3105 MATTH„
729 3059 881 3105 V1,26.
