2038 3400
359 283 429 323 564
834 282 1054 321 LITTERAE
1083 284 1439 328 QUADfflMESTREs

314 387 478 426 liariter
520 386 788 425 tractandos.
835 388 975 426 Curae
1022 385 1195 423 interim
1243 389 1310 423 est
1350 384 1552 423 Patribus
1597 382 1850 431 Soeietatis,
1899 390 1945 422 ut

317 472 470 498 omnes
500 459 659 498 subditi
680 459 868 510 proprijs
897 458 1145 509 pastoribus
1177 462 1221 495 et
1250 457 1476 507 pari-ochis
1507 457 1591 494 sint
1621 469 1749 506 quam
1782 458 1944 507 optime

315 531 480 570 affecti.
512 532 610 581 Quo
644 531 795 568 mirum
827 530 869 568 in
899 529 1077 568 modum
1108 534 1199 566 tum
1231 528 1521 575 subditorum,
1559 533 1649 566 tum
1687 529 1818 566 etiam
1852 540 1945 578 par-

315 604 551 641 roehorum
583 603 664 641 sibi
698 603 866 641 animos
898 601 1146 648 conciliant,
1182 606 1226 638 et
1258 600 1459 638 omnibus
1489 600 1630 647 amici,
1665 612 1715 638 ae
1746 599 1946 638 omnibus

323 675 467 713 omnia
487 675 606 723 facti,
630 688 758 726 quam
780 675 925 725 plures
947 674 1113 711 amicos
1136 672 1310 712 Christo
1333 671 1624 710 lucrifaciunt.

396 748 570 786 Vtinam
605 747 779 786 noualia
813 747 924 785 haec
958 746 1136 793 Christi,
1160 757 1270 796 quae
1308 746 1402 783 {am
1436 744 1655 782 foeliciter
1687 747 1945 793 coeperunt,

316 820 518 858 foelicius
554 826 769 866 crescant,
807 818 1091 857 foelieissime
1127 822 1462 864 conseruentur,
1498 822 1542 854 et
1572 815 1748 853 tandem
1780 826 1947 852 summo

315 892 596 943 perficiantur
618 897 874 942 augmento.
900 892 954 929 Et
976 892 1067 937 fiet,
1092 901 1333 941 speramus,
1365 890 1398 927 si
1430 895 1491 936 tu,
1525 889 1573 926 R.
1608 889 1673 935 P„
1706 886 1947 936 reliquique

318 963 590 1002 dilectissimi
614 965 767 1002 Patres
804 969 848 1001 et
882 963 1040 1001 fratres
1073 963 1116 1000 in
1153 963 1329 1002 Christo
1367 959 1620 1007 charissimi,
1657 959 1744 997 hoc
1778 971 1802 996 a
1837 958 1948 1003 Deo,

319 1036 511 1074 omnium
542 1035 757 1074 bonorum
789 1035 928 1081 fonte,
961 1034 1122 1073 vestris
1154 1033 1379 1082 sacrificijs
1412 1037 1455 1070 et
1479 1031 1750 1070 orationibus
1773 1033 1950 1068 conten-

319 1107 431 1145 datis
451 1107 702 1157 impetrare.
728 1108 818 1145 Pax
850 1107 1030 1153 Christi,
1062 1118 1175 1157 quae
1207 1110 1422 1156 exuperat
1445 1116 1619 1141 omnem
1642 1115 1833 1148 sensum,
1859 1113 1953 1138 eus-

317 1179 458 1218 todiat
487 1180 621 1218 corda
646 1185 797 1218 nostra
826 1184 869 1217 et
896 1179 1211 1229 intelligentias
1250 1183 1439 1216 nostras.
1477 1177 1632 1215 Amen.
1666 1175 1731 1212 Ex
1761 1172 1951 1223 collegio

320 1252 441 1289 Iesus
476 1251 519 1289 in
554 1251 786 1290 Bethleem
821 1251 925 1299 (hoo
956 1250 1071 1288 enim
1101 1263 1262 1288 nomen
1295 1254 1362 1287 est
1393 1248 1495 1286 huie
1527 1247 1716 1297 collegio
1752 1243 1953 1293 inditum)

321 1323 646 1373 bellymarensi,
671 1323 822 1374 quinto
846 1322 939 1359 Kal.
965 1323 1069 1371 Apr.
1099 1322 1212 1370 1560.
1237 1321 1362 1359 Iussu
1384 1322 1430 1358 P.
1453 1320 1565 1370 Mag.
1587 1318 1828 1369 Baptistae,
1861 1328 1953 1353 ree-

321 1394 444 1442 toris,
468 1400 569 1433 tuus
590 1394 794 1445 indignus
815 1394 857 1432 in
880 1394 1058 1433 Christo
1082 1392 1193 1431 filius
1216 1399 1261 1432 et
1282 1393 1445 1431 inutilis
1468 1404 1622 1430 seruus

1229 1497 1484 1534 BALTHASAR
1515 1494 1779 1544 QUADRATUS
1812 1498 1837 1530 ¹.

1094 1689 1209 1740 356

714 1801 773 1846 P.
829 1795 1232 1858 JOANNES
1285 1794 1566 1843 LOPEZ

790 1941 1078 1968 VALLISOLETO
1103 1929 1145 1966 31
1176 1938 1321 1965 MARTn
1352 1926 1442 1963 1560
1469 1927 1493 1963 ².

326 2033 359 2070 1.
394 2030 641 2070 Sociorum
669 2041 902 2075 numerus,
936 2028 1164 2073 valetudo,
1199 2038 1252 2064 ac
1288 2024 1565 2075 regularum
1597 2020 1960 2061 observantia.—

405 2097 444 2137 2.
471 2095 753 2136 Litterariae
784 2093 1145 2134 exercitationes.
1180 2092 1340 2131 Cunus
1370 2089 1554 2128 divinus
1585 2087 1961 2139 amplificatus.—

404 2164 492 2205 3-4.
530 2163 790 2203 Concursus
823 2162 882 2198 ad
916 2161 1223 2198 sacramenta.
1258 2157 1308 2195 P.
1347 2155 1541 2196 rectoris
1575 2154 1819 2194 contiones.
1853 2151 1961 2190 Alia

406 2227 666 2270 ministeria
691 2226 737 2264 in
759 2238 942 2265 carcere
969 2226 1008 2263 et
1036 2237 1137 2263 cnm
1164 2221 1392 2274 infirnus.
1426 2221 1721 2270 Explanatur
1749 2217 1959 2256 docz'rina

407 2291 778 2336 christianas-5.
813 2290 965 2341 Signa
996 2292 1180 2328 mutuae
1213 2286 1542 2328 benevolentiae
1575 2286 1693 2324 infer
1720 2286 1902 2323 nostros
1923 2284 1963 2322 et

407 2361 654 2413 religiosos
676 2357 880 2397 aliorum
903 2356 1133 2394 ordinum.
1166 2354 1323 2392 Patris
1353 2352 1699 2392 Valderrabano
1730 2348 1964 2389 sollemnis

403 2426 647 2480 professio.
668 2425 833 2463 Recens
855 2421 1047 2461 admissi
1069 2422 1115 2459 in
1133 2420 1418 2459 Societatem.
1440 2418 1596 2457 Novae
1617 2415 1960 2456 exstructiones.

385 2547 418 2575 1.
478 2538 506 2586 †
534 2535 620 2572 Ihs.
645 2533 747 2582 Muy
770 2531 868 2570 R.<10
900 2532 970 2568 Be
999 2543 1094 2568 nro,
1121 2542 1174 2567 en
1195 2529 1271 2567 X.O
1292 2527 1446 2567 Gratia
1467 2532 1511 2564 et
1538 2538 1622 2576 pax
1652 2524 1829 2563 Christi.
1855 2524 1962 2561 Des-

330 2609 385 2648 de
409 2609 447 2646 el
468 2606 658 2658 primero
682 2604 738 2642 de
760 2603 995 2642 Dicienbre
1017 2614 1073 2640 no
1096 2614 1143 2639 se
1166 2601 1220 2637 ha
1242 2599 1355 2637 dado
1379 2603 1538 2637 euenta
1558 2599 1679 2648 larga
1700 2609 1725 2635 a
1745 2597 1797 2634 V.
1824 2596 1869 2633 P.
1908 2594 1961 2632 de

377 2743 384 2762 ¹
438 2740 482 2778 In
517 2739 705 2784 catalogo
732 2735 899 2782 collegii
926 2733 1156 2780 burgensis,
1190 2732 1342 2769 mensis
1369 2729 1557 2768 Octobris
1588 2727 1689 2772 1564,
1722 2728 1824 2764 haec
1854 2727 1965 2762 inve—

328 2803 494 2839 niuntur
513 2799 561 2836 de
589 2797 785 2844 epistolae
813 2801 992 2831 auctore:
1027 2792 1098 2829 «El
1126 2792 1191 2829 Re
1213 2791 1406 2828 Baltasar
1433 2788 1666 2835 Quadrado,
1696 2787 1745 2823 de
1775 2785 1820 2823 32
1852 2790 1962 2827 ahos,

329 2861 489 2899 natural
510 2860 558 2896 de
578 2856 826 2896 Santivafiez
845 2854 1054 2901 [obispado
1073 2854 1122 2889 de
1141 2852 1327 2898 Astorga
1346 2850 1453 2887 add.
1474 2851 1554 2886 cat.
1580 2847 1723 2892 1565].
1749 2845 1842 2883 Seis
1868 2849 1965 2882 afios

328 2923 378 2959 de
398 2917 578 2965 compa,
608 2931 630 2953 a
649 2916 752 2963 oydo
770 2915 864 2952 bien
883 2915 943 2950 las
962 2918 1071 2950 artes
1091 2927 1115 2959 y
1134 2925 1182 2949 su
1201 2923 1318 2949 curso
1338 2910 1387 2946 de
1408 2909 1629 2954 theologia3
1652 2907 1761 2943 tiene
1780 2906 1887 2942 buen
1907 2905 1966 2940 la-

328 2986 400 3027 tin;
420 2978 595 3016 confiesa
614 2991 637 3024 y
657 2976 821 3024 predica
840 2987 914 3011 con
933 2975 1088 3019 alguna
1106 2971 1343 3019 aceptacion
1375 2983 1399 3016 y
1431 2967 1724 3006 satisfaccion.›
1758 2965 1803 3002 In
1829 2964 1966 3001 codice

334 3041 443 3078 Cast.
466 3037 529 3083 13,
551 3037 619 3074 fol.
639 3035 700 3080 63,
722 3035 845 3071 delet.
866 3033 951 3070 210.

377 3100 389 3119 ²
440 3098 503 3135 Ex
521 3095 711 3144 originali
730 3095 769 3131 in
789 3094 925 3131 codice
946 3093 1073 3139 Ht'sp.
1098 3093 1166 3135 97,
1187 3093 1208 3128 2
1222 3091 1279 3135 ff..
1302 3104 1366 3127 nn.
1388 3089 1511 3135 96-973
1534 3089 1644 3136 prius
1663 3085 1722 3123 22.
