2038 3400
451 272 772 310 ‘EQ-Comum
805 274 847 310 13
873 273 1134 311 SEP'rEMssfflS
1163 274 1252 311 1559
1563 276 1625 311 541

61 373 268 412 Geldriae
294 381 299 398 ¹
334 388 448 413 nunc
480 376 716 413 Societatis
749 389 924 426 operam
956 376 996 414 in
1027 377 1207 415 (ieldria
1238 378 1464 427 efflagitat.
1499 380 1684 416 Senatus

61 447 383 494 neomagensis,
409 447 549 483 missis
570 446 623 484 ad
649 448 702 484 M.
729 447 965 485 Henricum
989 447 1139 494 literis,
1164 448 1250 485 ludi
1284 449 1461 497 literarij
1487 448 1683 487 modera—

61 522 201 554 torem
224 517 364 567 petijt.
390 518 590 555 Societas
613 517 801 569 denique
824 518 1018 557 doctoris
1041 526 1058 543 ὃ
1082 519 1240 569 Canisij
1266 520 1443 557 domum
1463 533 1592 558 nunc
1620 529 1684 558 est

63 587 275 625 habitura.
312 589 531 637 Quantum
567 602 653 627 non
689 589 729 627 in
766 589 947 629 Geldria
981 591 1136 637 solum,
1173 591 1252 629 sed
1288 592 1328 629 in
1364 597 1456 629 tota
1492 592 1684 629 inferiori

61 658 296 696 Germania
316 659 587 708 inualesclatl
613 661 631 685 b
654 660 864 707 haeresis,
901 673 1032 699 nemo
1067 674 1154 699 non
1185 663 1323 709 nouit,
1348 663 1419 712 qui
1456 664 1610 701 saltem
1645 664 1683 701 in

61 743 113 767 ea
151 736 464 769 commoratur.
490 730 534 769 Si
569 744 784 782 personae
816 731 989 779 desunt,
1027 733 1283 771 coloniense
1320 746 1367 771 se
1400 734 1531 771 offert
1554 728 1684 772 colle-

62 802 230 852 giluml.
250 804 425 852 Juuahit
454 803 730 854 Neomagum
752 805 952 851 Colonia,
976 817 1053 854 per
1075 804 1192 854 quod
1215 805 1306 855 ipsa
1327 805 1474 843 adiuta
1495 806 1590 844 fuit.

110 873 148 911 6.
210 875 338 911 Pater
363 875 492 912 etiam
517 875 661 913 fratris
690 875 828 913 nostri
851 874 1039 914 Gerardi
1061 875 1293 914 Gerardini
1314 883 1331 901 c
1352 876 1528 914 domum
1559 890 1678 915 suam

60 958 155 983 cum
174 946 463 995 suppellectili
481 946 694 984 Societati
713 946 934 985 obtulerat
951 948 977 994 ²,
997 959 1148 985 verum
1168 948 1209 985 in
1228 947 1375 998 vigilia
1392 948 1436 986 S.
1458 948 1685 986 Bartholo-

58 1017 171 1056 maei
193 1017 393 1068 migrauit
416 1017 469 1055 ad
506 1018 752 1056 Dominum.
779 1018 894 1068 Quid
925 1019 1139 1057 Societati
1170 1019 1400 1070 legauerit‚
1425 1019 1548 1057 breui
1570 1013 1684 1057 forte

12 1102 17 1107 ·
59 1101 396 1139 cognoscemus
430 1089 497 1127 De·
527 1090 717 1140 collegio
751 1090 985 1128 treuirensi
1016 1090 1147 1128 Rflssffl
1171 1091 1221 1128 D.
1258 1092 1433 1128 Petrum
1466 1091 1685 1130 Canisium

59 1158 112 1197 ad
134 1161 189 1198 V.
235 1161 554 1199 Paternitatem
579 1160 805 1212 scripsisse
838 1162 1111 1200 arbitramur.
1137 1164 1291 1200 Pastor
1323 1163 1626 1213 popardiensis
1655 1162 1683 1209 ³,

59 1232 343 1270 concionator
367 1233 588 1283 egregius,
613 1233 736 1271 breui
760 1245 807 1271 se
840 1233 1000 1271 nostris
1037 1233 1263 1284 adiunget3
1297 1235 1343 1273 P.
1371 1234 1601 1272 Leo‘nardo
1626 1235 1685 1272 lo-

59 1308 185 1340 cutus
204 1308 285 1349 est,
304 1303 358 1340 ad
376 1303 454 1342 Dstl
478 1305 655 1341 Petrum
677 1304 896 1343 Canisium
915 1305 1101 1355 scripsit,
1122 1318 1284 1355 suaque
1305 1305 1448 1343 omnia
1465 1304 1682 1356 disponet.

59 1374 184 1413 Adsit
206 1375 284 1424 ipsi
307 1375 442 1413 Deus.
468 1374 535 1412 Ad
553 1376 687 1412 multa
710 1375 844 1413 credo
868 1375 908 1413 in
931 1375 1157 1414 Societate
1180 1376 1295 1414 vtilis
1319 1377 1414 1416 erit.
1441 1376 1593 1414 Adfuit
1611 1389 1685 1414 no-

58 1447 122 1484 bis
148 1447 260 1485 Rstlus
293 1447 344 1484 D.
369 1447 503 1485 abbas
525 1446 765 1484 laetiensis:
790 1448 842 1486 D.
867 1447 1086 1485 Loduicus
1110 1448 1298 1486 Blosius:
1324 1453 1367 1486 et
1390 1450 1440 1487 D.
1478 1449 1686 1487 Nicolaus

59 1518 274 1557 Aeschius
295 1523 323 1565 ⁴,
349 1519 421 1568 qui
445 1519 499 1556 ob
532 1518 834 1570 integritatem
857 1520 975 1558 vitae
997 1532 1182 1571 magnae
1205 1520 1318 1571 apud
1339 1521 1480 1558 bonos
1502 1521 1543 1558 in
1567 1521 1686 1558 Flan-

59 1589 150 1627 dria
171 1589 417 1628 autoritatis
441 1596 553 1628 sunt.
580 1591 804 1630 Consolati
828 1597 927 1628 sunt
949 1591 990 1629 in
1012 1592 1200 1629 Domino
1225 1591 1459 1642 collegium
1483 1591 1687 1629 videntes

61 1667 104 1698 et
135 1661 344 1710 juuenum
381 1660 716 1700 institutionem.
750 1663 986 1700 Inualescit
1018 1663 1212 1700 haeresis
1243 1663 1283 1700 in
1316 1663 1461 1700 multis
1490 1663 1610 1707 iocis,
1643 1668 1686 1700 et

59 1733 307 1783 complures
330 1733 410 1770 viri
442 1733 609 1783 egregij
635 1748 652 1766 e
686 1733 813 1771 nobis
845 1735 1172 1781 subtrahuntur,
1207 1739 1252 1771 ut
1275 1734 1429 1772 diebus
1452 1734 1686 1784 superiori=

57 1804 137 1841 bus
161 1803 210 1841 D.
236 1803 420 1841 Mathiar,
444 1802 840 1851 Bredenbaeehius,
864 1809 1012 1843 rector
1041 1805 1219 1843 scholae
1244 1805 1541 1850 embrieensis,
1565 1805 1686 1842 cuius

57 1874 241 1912 animam
265 1876 439 1912 Patrum
476 1887 528 1913 ac
562 1875 744 1913 fratrum
780 1876 983 1926 precibus
1019 1888 1281 1927 cuperemus
1318 1875 1682 1914 commendatam.

59 1947 260 1984 Summus
292 1945 405 1983 enim
436 1946 674 1984 Societatis
705 1946 869 1985 amicus
900 1947 979 1985 fuit
1009 1948 1074 1997 (ut
1106 1947 1236 1985 etiam
1269 1947 1361 1984 eius
1391 1953 1492 1992 sunt
1523 1947 1616 1996 filij)
1639 1952 1682 1985 et

59 2017 218 2054 multos
253 2017 395 2054 bonae
431 2017 524 2066 spei
556 2017 746 2066 juuenes
780 2018 907 2056 nobis
942 2018 1237 2056 instituendos
1273 2017 1463 2065 tradidit,
1502 2031 1685 2069 quorum

60 2101 182 2135 vnus,
207 2086 432 2126 Gerardus
455 2088 620 2135 Iseren‚
645 2089 729 2127 iam
752 2089 989 2128 Societatis
1012 2096 1094 2128 est.

111 2170 146 2208 7.
205 2161 379 2197 Patrum
412 2161 615 2211 exemplo
653 2160 707 2198 ad
742 2161 1013 2211 theologiam
1049 2161 1397 2211 amplectendam
1431 2167 1475 2199 et
1510 2162 1685 2199 concio-

58 2231 245 2269 nandum
268 2230 390 2269 multi
420 2231 732 2270 adolescentes
755 2232 889 2279 docti,
923 2237 966 2270 et
996 2232 1038 2270 in
1068 2231 1260 2283 politiori
1282 2233 1509 2270 literatura
1531 2243 1582 2271 ac
1612 2233 1685 2270 lin-

58 2302 154 2353 guis
176 2302 290 2340 bene
313 2303 491 2349 versati,
517 2303 778 2342 excitantur.
805 2305 901 2342 Duo
932 2309 1164 2354 praeterea
1186 2304 1399 2350 canonici,
1432 2304 1684 2354 theologiae

59 2373 283 2421 licentiati,
318 2375 493 2412 Patrum
517 2374 529 2399 f
552 2375 862 2414 exhortatione
892 2376 1081 2426 permoti
1112 2379 1210 2413 sunt
1240 2374 1294 2412 ad
1324 2375 1498 2425 publice
1521 2375 1682 2413 docen-

59 2445 175 2492 dum,
201 2451 245 2483 et
275 2444 450 2496 quidem
486 2447 621 2496 gratis
650 2447 813 2485 nullum
846 2452 1134 2498 expectantes
1165 2445 1443 2497 stipendium.
1478 2445 1545 2484 Ad
1575 2447 1685 2484 haec

105 2590 123 2608 a
145 2581 398 2619 Theodorici.
466 2584 531 2607 ——b
553 2583 714 2619 Attrita
735 2583 887 2619 charta
908 2583 953 2619 in
973 2586 1161 2620 extremo
1181 2593 1309 2619 versu
1336 2582 1405 2619 llic
1424 2585 1462 2618 et
1481 2581 1682 2627 inferius.

59 2648 123 2667 -0
156 2640 311 2678 Leodii.
376 2641 444 2667 —d
479 2641 701 2679 Mutatmn
744 2643 791 2678 in
824 2642 936 2678 Drm.
971 2645 1051 2679 aut
1077 2642 1228 2679 Dnum.
1294 2650 1359 2668 -e
1392 2653 1463 2688 per
1497 2646 1684 2679 mortem.

60 2701 118 2725 —f
143 2701 236 2746 δερ.
257 2700 340 2737 del.
363 2701 563 2747 exemplo.

108 2841 116 2859 ¹
170 2839 377 2875 Adrianus
397 2838 553 2875 Marius
574 2837 744 2876 Nicolai.
768 2838 960 2883 HANSEN,
981 2838 1089 2876 329⁴.

106 2898 119 2918 ²
173 2897 279 2934 Vide
298 2909 434 2943 supra,
454 2910 491 2944 p.
512 2897 596 2934 290.

105 2958 119 2977 ⁸
170 2956 314 2993 Petrus
334 2955 460 2993 Fahe.
483 2956 546 2993 Cf.
568 2956 926 3002 BRAUNSBERGER,
959 2956 1005 2993 B.
1029 2957 1073 2994 P.
1107 2958 1270 2995 szisii
1286 2959 1422 3003 epist„
1445 2957 1491 3004 II,
1511 2958 1580 2995 488
1597 2971 1681 3005 sqq.

106 3017 119 3036 ⁴
169 3015 264 3053 Van
283 3014 390 3052 Esch
411 3016 610 3062 (Essche).
629 3016 889 3064 Praepositus
903 3017 1037 3053 domui
1056 3018 1211 3064 piarum
1247 3016 1487 3054 feminarum
1519 3017 1686 3063 (Begui-

61 3077 183 3123 nage)
202 3074 243 3112 in
262 3075 361 3112 urbe
380 3075 513 3112 Diest.
