2038 3400
504 276 891 316 355s—BELL1MARE
915 273 961 314 28
988 275 1147 313 MARm
1176 276 1265 314 1560
1585 276 1655 316 503

81 385 197 430 pant,
218 387 344 431 prout
375 381 519 427 rebus,
552 381 751 431 personis
774 386 818 418 et
840 377 1110 430 temporibus
1133 378 1280 416 utilius
1302 379 1343 416 in
1377 379 1562 417 Domino
1596 380 1700 418 iudi—

83 458 195 490 cant.
220 453 314 490 Nec
343 453 455 502 perit
486 452 666 490 fructus.
701 453 810 490 Nam
844 452 973 501 aliqui
994 451 1195 501 parrochi
1228 452 1431 500 exemplo
1454 457 1700 489 nostrorum

83 523 373 561 vehementer
417 523 523 561 moti
554 524 665 561 haec
698 524 840 561 omnia
879 535 1034 572 magna
1069 535 1167 560 curn
1201 520 1475 559 subditorum
1517 522 1702 560 utilitate

82 606 208 644 quam
232 595 394 644 optime
416 600 654 644 praestant.
676 595 857 644 Insuper
876 599 920 631 et
942 594 1113 631 saculos
1130 599 1321 643 portant,
1346 605 1368 630 a
1390 592 1595 630 diuitibus
1619 593 1704 630 ele-

84 677 316 714 emosynas
356 666 554 715 flagitant
597 664 786 704 ostiatim
826 666 1035 715 petentes,
1071 676 1177 714 quas
1217 663 1400 701 subinde
1444 664 1705 714 pauperibus

84 736 258 781 Christi,
282 741 411 786 prout
451 735 608 786 cuique
632 749 740 786 opus
773 742 853 783 est,
879 741 1029 774 curant
1050 734 1376 785 impertiendas
1407 734 1530 772 Haec
1564 734 1705 771 fuerat

85 808 185 845 olim
217 808 478 858 episcopalis
514 807 786 854 constitutio,
823 807 907 845 iam
941 819 1055 857 pene
1089 805 1267 853 abolita,
1304 818 1417 856 quae
1457 811 1705 843 nostrorum

83 878 276 916 aduentu
307 879 620 929 aliquantulum
655 879 830 917 reuixit.
855 879 1089 929 Speramus
1111 878 1223 925 fore,
1261 878 1445 916 ducente
1466 884 1484 902 a
1505 877 1635 923 Dno.,
1661 882 1706 914 ut

82 949 236 1000 reliqui
274 950 490 1000 parrochi,
525 961 621 987 cum
670 949 868 997 istorum,
920 954 1010 987 tum
1042 949 1173 987 etiam
1202 953 1453 986 nostrorum
1484 948 1703 997 exemplo,

83 1021 192 1058 haec
214 1020 369 1058 eadem
393 1026 680 1071 exequantur.
707 1019 838 1070 Quod
855 1021 886 1058 si
905 1020 967 1067 fit,
1002 1033 1204 1071 magnum
1235 1018 1323 1058 erit
1343 1020 1362 1044 b
1392 1020 1433 1057 in
1450 1019 1532 1056 hac
1563 1019 1705 1068 regio-

81 1105 134 1130 ne
166 1091 366 1129 fidelibus
387 1092 548 1130 Christi
571 1098 615 1130 et
637 1104 870 1142 corporum
893 1098 937 1129 et
958 1092 1194 1129 animarum
1217 1092 1575 1129 emolumentum.
1596 1091 1705 1128 Nam

81 1163 370 1213 agricolarum
388 1163 642 1201 reformatio
666 1167 772 1209 tota,
797 1168 870 1200 aut
905 1168 921 1187 e
946 1162 1132 1200 maxima
1167 1162 1186 1186 d
1210 1167 1348 1212 parte,
1375 1174 1428 1199 ex
1452 1159 1707 1199 eorumdem

84 1240 305 1272 rectorum
327 1233 492 1284 pendet
514 1233 844 1271 reformatione.

136 1314 172 1352 5.
233 1305 526 1343 Disseminant
560 1305 698 1342 nostri
732 1306 915 1343 verbum
954 1305 1034 1342 Dei
1068 1317 1145 1355 per
1181 1303 1356 1342 diuersa
1390 1305 1502 1350 loca,
1544 1304 1705 1341 nullum

81 1388 258 1425 prorsus
280 1380 507 1426 sperantes
527 1377 771 1426 temporale
794 1375 1071 1426 stipendium.
1102 1376 1156 1413 Et
1186 1389 1240 1414 ne
1272 1374 1378 1412 dent
1408 1375 1537 1412 ullam
1571 1375 1707 1412 offen-

83 1446 252 1484 sionem
283 1448 420 1485 uerbo
452 1447 549 1493 Dei,
582 1447 834 1485 necessaria
865 1448 995 1485 etiam
1016 1447 1134 1485 vitae
1155 1447 1357 1497 accipere
1380 1451 1599 1484 recusant.
1623 1446 1707 1484 Co-

82 1525 243 1569 guntur
265 1531 412 1569 saepe,
438 1524 484 1556 ut
505 1519 659 1557 saltem
696 1519 891 1557 diurnam
926 1525 1096 1556 sumant
1118 1518 1425 1557 refectionem.
1450 1517 1539 1556 Sed
1560 1529 1703 1568 neque

83 1591 224 1628 coacti
245 1590 421 1641 quidem
443 1591 733 1629 refectionem
756 1596 930 1628 sumunt
962 1590 1164 1628 oblatam.
1192 1589 1323 1640 Quod
1344 1589 1541 1640 quamuis
1563 1593 1706 1626 auste-

82 1675 174 1699 rum
206 1667 250 1700 et
286 1662 422 1700 veluti
456 1675 543 1700 non
578 1662 817 1712 polyticum
852 1662 905 1699 ab
936 1662 1149 1712 aliquibus
1181 1660 1414 1707 iudicetur,
1452 1659 1706 1698 incredibile

82 1739 228 1771 tamen
249 1739 443 1783 praestat
475 1734 516 1771 in
553 1733 719 1772 eisdem
756 1734 892 1772 verbo
930 1733 1214 1771 disseminato
1246 1732 1559 1770 adiumentum.
1598 1731 1707 1770 Cum

84 1805 197 1842 enim
220 1804 373 1843 fideles
396 1811 672 1856 cognoscunt
692 1810 867 1843 nostros
890 1817 975 1843 non
997 1817 1075 1842 sua
1095 1816 1326 1854 quaerere,
1351 1803 1430 1842 sed
1451 1815 1561 1854 quae
1584 1803 1705 1842 Chri-

84 1877 137 1914 sti
160 1881 271 1922 sunt,
297 1881 341 1914 et
362 1877 553 1926 ipsorum
575 1876 767 1914 fidelium
791 1876 976 1914 salutem
998 1876 1250 1922 animarum,
1275 1888 1432 1926 magna
1454 1887 1551 1912 cum
1574 1873 1708 1912 auidi-

83 1953 175 1985 tate
212 1947 385 1985 insitum
422 1948 605 1985 verbum
650 1945 902 1998 suscipiunt,
940 1947 1131 1985 retinent
1165 1953 1296 1997 atque
1330 1946 1451 1996 operi
1488 1945 1707 1983 mandant.

84 2019 309 2069 Tantaque
330 2024 506 2056 nostros
528 2024 851 2069 prosequuntur
874 2018 1102 2064 charitate,
1136 2022 1181 2055 ut
1211 2017 1294 2055 illis
1320 2018 1474 2067 procul
1496 2016 1709 2054 venienti-

83 2091 163 2128 bus
186 2091 358 2128 obviam
395 2097 412 2114 θ
442 2090 633 2141 benigne
669 2091 874 2136 salutent,
907 2095 952 2128 et
986 2088 1027 2127 in
1064 2090 1143 2127 Dei
1179 2089 1330 2127 laudes
1367 2088 1422 2126 ob
1458 2094 1707 2126 nostrorum

85 2162 467 2200 conuersationem
501 2167 818 2212 prorrumpant.
860 2161 988 2199 Pueri
1022 2160 1197 2210 insuper
1233 2165 1278 2198 et
1308 2160 1506 2206 iuuenes,
1544 2159 1616 2208 qui
1638 2159 1708 2196 vel

83 2240 237 2271 natura
258 2233 349 2284 ipsa
371 2235 430 2271 ad
447 2233 631 2284 gandia
651 2233 663 2257 f
688 2233 901 2272 secularia
922 2233 1141 2283 proclives
1164 2237 1276 2279 sunt,
1311 2244 1408 2269 cum
1444 2235 1618 2268 nostros
1650 2230 1710 2267 vi-

85 2304 204 2350 dent,
228 2304 353 2342 ludos
375 2304 637 2355 relinquunt,
662 2305 823 2342 saltare
845 2308 1034 2350 cessant,
1069 2309 1274 2354 tympana
1305 2307 1513 2353 spernunt
1535 2302 1709 2352 (instru-

85 2381 232 2413 menta
261 2376 549 2426 agricolarum
580 2376 777 2425 musica),
813 2381 856 2414 et
887 2375 939 2414 ad
970 2381 1146 2413 nostros
1178 2375 1438 2413 unanimiter
1470 2374 1710 2419 confluunt3

85 2452 294 2497 tantoque
326 2447 541 2485 ducuntur
572 2460 716 2485 rerum
748 2447 989 2485 diuinarum
1021 2459 1186 2493 amore,
1224 2452 1268 2484 ut
1297 2447 1406 2484 alter
1435 2446 1619 2483 alterum
1656 2444 1708 2482 ad

85 2518 348 2556 audiendum
370 2520 552 2557 verbum
583 2518 775 2556 diuinum
805 2522 1037 2568 prouocet,
1069 2517 1187 2568 quod
1217 2530 1304 2555 non
1336 2516 1522 2554 audierit
1553 2528 1708 2566 expro-

85 2590 197 2636 bret,
223 2595 266 2627 et
287 2589 610 2628 inconsiderate
632 2590 847 2627 iurantem
868 2588 1174 2627 fraternaliter
1197 2595 1218 2621 g
1250 2593 1420 2639 arguat.

138 2661 176 2699 6.
236 2661 300 2698 Ex
334 2662 443 2699 locis
464 2662 568 2699 item
589 2661 797 2712 proximis
819 2673 945 2711 quam
970 2659 1139 2710 plurimi
1163 2660 1433 2698 conueniunt
1455 2660 1607 2697 Patres
1630 2659 1707 2697 So-

88 2732 258 2770 cietatis
279 2744 356 2770 sua
375 2732 511 2770 fasuri
533 2733 552 2757 h
581 2738 779 2783 peccata.
811 2731 1033 2770 patentur
1064 2731 1098 2778 i,
1131 2736 1175 2769 et
1206 2731 1387 2769 mirabili
1409 2730 1593 2781 quadam
1627 2729 1709 2766 suf-

85 2802 169 2840 fusi
203 2802 382 2850 laetitia,
419 2803 581 2854 gratias
616 2803 711 2841 Deo
743 2801 1005 2848 referentes,
1038 2802 1080 2839 in
1110 2802 1285 2852 propria
1314 2806 1527 2840 remeant.
1563 2801 1711 2837 Placet

88 2872 301 2921 omnibus,
326 2879 370 2912 et
391 2875 578 2913 maxime
601 2874 819 2925 agricolis,
852 2873 969 2924 quod
996 2873 1135 2911 nostri
1156 2886 1204 2911 se
1227 2872 1421 2911 offerunt
1442 2871 1570 2909 valde
1593 2870 1711 2908 fami-

135 3034 153 3052 a
185 3024 361 3062 fauente.
407 3026 472 3050 -b
492 3030 697 3072 sequetur.
762 3030 815 3049 -0
842 3028 965 3060 certe.
1016 3023 1084 3048 πᾶ
1106 3035 1169 3059 ex.
1223 3031 1287 3049 -e
1309 3027 1416 3058 eant.
1458 3021 1517 3046 —f
1542 3020 1591 3056 ad
1610 3020 1714 3055 sola-

88 3087 143 3122 tia
162 3087 208 3122 in
229 3096 366 3130 marg.
422 3092 488 3117 -ξ
508 3083 700 3120 fraterne.
757 3084 821 3108 —11
843 3081 1059 3119 confesuri.
1114 3103 1139 3107 —
1160 3084 1171 3109 i
1195 3081 1452 3118 confitentur.
