2038 3400
358 251 428 288 378
822 254 1042 291 L1TTERAE
1073 255 1427 300 Quaommasrffls

311 353 510 404 Denique
532 359 711 404 peracta
733 357 938 404 ecclesia,
965 363 1113 407 optata
1134 369 1211 406 per
1234 356 1403 407 aliquos
1423 371 1575 405 annos,
1602 364 1644 396 et
1667 359 1708 397 in
1732 371 1826 397 eam
1848 360 1938 411 qui-

311 424 409 462 dem
433 426 642 476 speciem,
667 439 778 476 quae
800 427 894 466 fere
919 428 1118 465 omnibus
1140 427 1432 478 placidissima
1452 435 1534 476 est,
1559 430 1628 468 die
1657 430 1841 480 quadam
1863 430 1937 468 do-

310 496 467 534 minica
488 497 649 535 mensis
681 497 888 536 Octobris
920 499 1050 536 inissa
1078 499 1252 548 publice
1286 505 1353 536 est
1384 500 1622 547 celebrata,
1648 513 1775 551 quam
1807 501 1940 539 abbas

309 567 494 616 quidam,
519 568 581 606 vir
603 569 762 607 nobilis
786 575 829 608 et
851 571 976 608 nobis
999 569 1203 616 deuotus,
1228 569 1496 619 decantauit‚
1522 570 1694 610 duobus
1716 573 1797 611 sibi
1814 572 1938 611 assis—

308 639 518 687 tentibus,
542 641 762 692 frequenti
783 642 994 680 nobilium
1018 654 1250 688 concursu,
1275 642 1669 694 praesentibusque
1686 645 1938 684 haereticae

307 710 534 760 prauitatis
556 713 887 764 inquisitoribus
905 713 1087 764 aliisque
1105 716 1345 764 permultis.
1359 717 1468 754 Tum
1487 717 1603 754 Rdus
1620 718 1749 755 Pater
1766 718 1938 768 prouin-

308 781 427 821 cialis
463 785 751 823 concionatus
783 791 865 832 est,
906 791 1037 835 atque
1068 786 1110 824 in
1147 799 1245 824 eum
1281 787 1457 826 modum
1493 788 1730 827 Societatis
1760 795 1937 827 nostrae

307 855 608 894 substantialia
639 869 692 895 eo
729 858 828 895 loco
868 857 1111 896 accomoda
1145 858 1400 908 prudenter,
1438 860 1659 898 humiliter
1696 862 1736 898 et
1768 861 1937 899 erudite

308 926 503 965 audienti
523 929 684 978 populo
709 928 965 976 declarauit‚
990 935 1037 968 ut
1059 929 1240 968 mirifice
1264 930 1463 969 omnibus
1486 932 1550 981 (ut
1582 944 1636 969 ex
1667 933 1811 970 multis
1833 932 1938 970 didi-

308 997 442 1036 cimus
459 1002 496 1048 a)
519 1000 799 1047 satisfecerit3
822 1013 906 1039 nec
927 1002 1067 1039 solum
1090 1002 1254 1049 amicis,
1280 1014 1432 1040 verum
1456 1008 1500 1040 et
1531 1004 1729 1051 aemulis3
1758 1004 1875 1054 quod
1898 1005 1938 1041 in

308 1070 373 1108 his
390 1071 409 1095 b
440 1071 592 1109 mirum
616 1078 632 1096 0
662 1072 803 1110 videri
839 1073 973 1111 debet
1009 1074 1156 1123 (prout
1178 1074 1323 1124 gentis
1358 1074 1551 1112 conditio
1576 1075 1675 1124 est).
1700 1075 1838 1126 Spero
1856 1075 1876 1100 d
1897 1076 1938 1113 in

308 1142 496 1180 Domino
518 1143 725 1190 futurum,
759 1149 807 1181 vt
838 1157 892 1182 ex
925 1144 1011 1183 hoc
1040 1143 1135 1195 ipso
1168 1146 1303 1183 multa
1333 1146 1570 1196 spiritualia
1599 1147 1937 1197 necessariaque

308 1214 422 1251 bona
449 1215 725 1264 proueniant.
760 1215 904 1266 Aliqui
932 1222 1034 1267 post
1069 1217 1180 1255 haec
1204 1224 1220 1242 e
1255 1223 1473 1255 venerunt
1500 1218 1554 1256 ad
1575 1231 1655 1256 nos
1678 1219 1935 1265 confessuri,

307 1286 379 1336 qui
400 1291 529 1324 antea
550 1299 638 1325 non
660 1294 891 1326 venerant.
918 1288 1064 1339 Atque
1086 1289 1199 1327 inter
1232 1301 1308 1327 eos
1339 1289 1527 1340 quidam,
1559 1290 1660 1328 olim
1690 1291 1816 1328 nobis
1838 1303 1938 1329 con-

308 1358 479 1405 trarius,
513 1358 585 1409 qui
616 1357 764 1397 audita
796 1360 936 1397 Patris
969 1360 1200 1407 concione,
1235 1360 1344 1399 dixit
1374 1361 1514 1399 amico
1551 1366 1703 1400 nostro
1735 1374 1783 1399 se
1813 1362 1938 1400 nobis

307 1429 403 1467 fore
426 1429 653 1478 deuotum,
678 1436 811 1482 atque
833 1432 1020 1483 aliquem
1044 1444 1091 1470 se
1115 1445 1169 1470 ex
1191 1434 1351 1471 nostris
1372 1433 1414 1471 in
1437 1433 1751 1472 confessarium
1784 1433 1797 1458 f
1825 1435 1938 1472 elec-

308 1506 465 1540 turum.
501 1502 633 1552 Quod
670 1509 713 1540 et
744 1503 850 1541 fecit
873 1505 938 1552 (ut
970 1504 1139 1554 credo),
1177 1517 1274 1543 nam
1305 1518 1382 1555 per
1412 1506 1629 1556 quendam
1662 1519 1716 1543 ex
1739 1506 1938 1544 Patribus

307 1573 456 1620 homo,
481 1573 560 1623 qui
581 1573 816 1625 confessus
838 1577 914 1622 est,
939 1588 963 1613 a
984 1576 1109 1613 nobis
1133 1577 1333 1614 omnibus
1355 1576 1409 1614 de
1441 1577 1627 1626 antiquis
1658 1576 1938 1615 detractioni-

307 1645 387 1683 bus
409 1644 581 1683 veniam
604 1646 857 1697 postulauit.
879 1647 1047 1685 Eodem
1070 1647 1140 1685 die
1164 1648 1302 1686 Patris
1320 1648 1507 1686 rectoris
1529 1649 1849 1699 professionem
1867 1648 1938 1687 ad-

310 1716 424 1754 misit
453 1724 489 1763 2‘2,
514 1717 631 1768 quod
653 1717 805 1768 vtique
827 1730 914 1755 non
935 1731 1085 1769 parum
1106 1719 1284 1769 profuit3
1306 1725 1350 1756 et
1371 1719 1484 1757 inter
1506 1719 1602 1765 alia,
1627 1720 1727 1770 quia
1747 1720 1870 1758 multi
1891 1732 1937 1757 se

309 1787 551 1826 credidisse
574 1788 780 1827 dicebant
802 1789 842 1827 in
866 1790 1081 1840 religione
1104 1796 1254 1829 nostra
1275 1790 1458 1828 liberum
1488 1803 1585 1829 esse
1617 1792 1773 1841 cuique
1795 1803 1938 1830 reces-

308 1873 416 1907 sum,
443 1873 539 1898 cum
562 1861 790 1899 voluisset.
811 1861 1007 1899 Tandem
1027 1862 1046 1885 h
1065 1863 1194 1900 Pater
1211 1863 1490 1913 prouincialis
1508 1876 1531 1901 a
1548 1863 1724 1910 nostris,
1748 1863 1820 1914 qui
1837 1864 1938 1901 Bar-

309 1931 466 1969 cinone
502 1937 615 1979 sunt,
654 1938 840 1971 vocatus
876 1934 1136 1985 soliciteque
1172 1939 1368 1985 rogatus,
1403 1947 1456 1972 eo
1492 1934 1563 1972 die
1593 1947 1678 1985 quo
1715 1934 1939 1984 profectus

308 2007 388 2049 est,
413 2016 581 2041 summo
611 2016 735 2041 mane
760 2005 1038 2043 renouationi
1070 2010 1273 2044 uotorum
1304 2011 1555 2044 nostrorum
1584 2007 1797 2054 interfuit,
1821 2012 1937 2056 post-

306 2087 434 2124 quam
469 2074 523 2113 ad
553 2088 634 2113 nos
666 2088 900 2114 sermonen
936 2077 1149 2115 habuerat
1180 2083 1223 2116 et
1260 2078 1472 2116 charitate
1504 2083 1546 2116 et
1577 2079 1820 2117 humilitate
1851 2080 1937 2129 ple-

306 2159 423 2193 num,
448 2147 747 2198 spiritualique
770 2148 982 2186 refertum
1005 2148 1218 2196 doctrina,
1243 2155 1375 2200 atque
1398 2150 1604 2188 remediis
1635 2154 1678 2188 et
1706 2150 1759 2188 ad
1780 2150 1937 2188 anima-

305 2230 398 2255 rum
421 2219 633 2257 curandas
655 2220 928 2258 infirmitates
947 2226 990 2258 et
1007 2220 1061 2258 ad
1080 2222 1264 2272 optimas
1281 2222 1468 2260 virtutes
1489 2221 1845 2270 introducendas,
1865 2223 1938 2260 ha-

306 2289 506 2340 bitasque
528 2289 744 2328 fouendas
767 2291 1096 2343 augendasque,
1122 2292 1311 2343 denique
1330 2293 1402 2331 tali
1425 2293 1518 2331 uiro
1542 2293 1736 2344 dignum,
1760 2294 1832 2344 qui
1856 2293 1865 2317 i
1895 2299 1938 2331 et

306 2361 435 2399 Pater
458 2362 604 2400 suauis
636 2368 678 2400 et
698 2361 708 2393 J'
736 2362 861 2401 fortis
878 2363 917 2410 k,
938 2364 1123 2414 zeloque
1148 2368 1190 2401 et
1211 2375 1361 2402 amore
1383 2364 1538 2415 plenus
1561 2377 1666 2416 erga
1686 2365 1815 2411 filios3
1847 2370 1920 2402 tan

307 2432 406 2471 dem
436 2433 662 2483 profectus
700 2441 781 2481 est,
819 2440 865 2472 ut
903 2447 956 2473 ex
993 2435 1126 2485 ipsius
1164 2436 1271 2474 Pris.
1298 2435 1465 2489 ⁴litteris
1496 2435 1713 2487 intelliget
1744 2436 1936 2474 Paterni·

307 2510 374 2542 tas
392 2510 479 2542 tua.

361 2587 398 2625 7.
459 2577 504 2615 In
530 2577 720 2616 ecclesia
741 2584 893 2617 nostra
915 2579 1095 2630 singulis
1117 2577 1346 2618 dominicis
1364 2580 1433 2618 Pr.
1453 2579 1589 2630 Magr.
1609 2580 1780 2618 Xuarez
1803 2581 1810 2599 ¹
1836 2592 1936 2618 con-

353 2708 372 2728 a
424 2709 607 2746 Emend.
644 2721 693 2746 ex
725 2709 969 2747 didiscimus.
1041 2710 1106 2735 —b
1140 2709 1325 2746 Emend.
1360 2720 1410 2746 ex
1440 2709 1516 2758 hijs
1548 2709 1592 2755 (P)
1659 2717 1722 2734 »Α
1759 2709 1935 2755 quidem.

306 2769 374 2794 ——d
394 2781 619 2814 speramus.
676 2777 737 2794 we
762 2769 908 2814 Supra
936 2780 1112 2806 versum
1141 2769 1228 2806 duo
1260 2773 1480 2815 postrema
1512 2770 1661 2812 verba,·
1689 2769 1857 2814 addila,
1890 2773 1939 2805 ut

306 2828 494 2870 videtur,
512 2828 665 2865 eadem
683 2840 835 2865 mmm.
882 2829 939 2853 -ssf
967 2841 1068 2865 esse.
1126 2837 1192 2862 —g
1214 2828 1398 2866 Emend.
1418 2839 1468 2866 ex
1487 2829 1679 2867 admissit.
1732 2829 1799 2854 —h
1821 2829 1936 2865 R.(¹1¹S

306 2890 365 2915 —i
393 2887 579 2925 Emend.
603 2898 654 2925 ex
671 2888 777 2934 quia.
832 2888 888 2921 -j
917 2888 1062 2925 animo.
1116 2889 1182 2913 —k
1205 2892 1277 2925 est.

356 3016 364 3035 ¹
417 3013 462 3051 P.
497 3012 677 3050 Didacus
704 3013 867 3060 Juarez‚
906 3013 972 3049 vel
1008 3012 1186 3058 Xuarez,
1225 3014 1291 3050 vel
1327 3014 1449 3051 etiam
1485 3013 1652 3051 Suarez.
1686 3013 1750 3051 Cf.
1789 3014 1939 3052 La1'm‘i

309 3075 520 3117 Monuni..
542 3073 624 3118 555,
646 3077 781 3110 annot.
802 3072 856 3109 14.
