<?xml version="1.0" encoding="UTF-8"?>
<!DOCTYPE html PUBLIC "-//W3C//DTD XHTML 1.0 Transitional//EN"
    "http://www.w3.org/TR/xhtml1/DTD/xhtml1-transitional.dtd">
<html xmlns="http://www.w3.org/1999/xhtml" xml:lang="en" lang="en">
 <head>
  <title>
</title>
<meta http-equiv="Content-Type" content="text/html;charset=utf-8" />
  <meta name='ocr-system' content='tesseract 3.04.00' />
  <meta name='ocr-capabilities' content='ocr_page ocr_carea ocr_par ocr_line ocrx_word'/>
</head>
<body>
  <div class='ocr_page' id='page_1' title='image "./litteraequadrime18lain_0362.png"; bbox 0 0 2038 3400; ppageno 0'>
   <div class='ocr_carea' id='block_1_1' title="bbox 376 254 1448 301">
    <p class='ocr_par' dir='ltr' id='par_1_1' title="bbox 376 254 1448 301">
     <span class='ocr_line' id='line_1_1' title="bbox 376 254 1448 301; baseline 0.005 -12"><span class='ocrx_word' id='word_1_1' title='bbox 376 254 444 289; x_wconf 69' lang='lat'>344</span> <span class='ocrx_word' id='word_1_2' title='bbox 841 255 1448 301; x_wconf 34' lang='lat' dir='ltr'>L1‘1·‘1·ER.a.-..v,·‚QUADMMESTRES</span> 
     </span>
    </p>
   </div>
   <div class='ocr_carea' id='block_1_2' title="bbox 319 355 1961 2918">
    <p class='ocr_par' dir='ltr' id='par_1_2' title="bbox 322 355 1952 476">
     <span class='ocr_line' id='line_1_2' title="bbox 322 355 1952 410; baseline 0.005 -18"><span class='ocrx_word' id='word_1_3' title='bbox 322 355 543 404; x_wconf 84' lang='lat' dir='ltr'>proferam</span> <span class='ocrx_word' id='word_1_4' title='bbox 569 358 833 408; x_wconf 80' lang='lat' dir='ltr'>exemplum,</span> <span class='ocrx_word' id='word_1_5' title='bbox 859 370 913 395; x_wconf 87' lang='lat' dir='ltr'>ex</span> <span class='ocrx_word' id='word_1_6' title='bbox 936 371 1022 408; x_wconf 88' lang='lat' dir='ltr'>quo</span> <span class='ocrx_word' id='word_1_7' title='bbox 1045 359 1173 396; x_wconf 84' lang='lat' dir='ltr'>facile</span> <span class='ocrx_word' id='word_1_8' title='bbox 1194 358 1297 409; x_wconf 88' lang='lat' dir='ltr'>quid</span> <span class='ocrx_word' id='word_1_9' title='bbox 1319 360 1488 398; x_wconf 90' lang='lat' dir='ltr'>coeteri</span> <span class='ocrx_word' id='word_1_10' title='bbox 1510 359 1756 399; x_wconf 79' lang='lat' dir='ltr'>molliantur</span> <span class='ocrx_word' id='word_1_11' title='bbox 1793 362 1952 410; x_wconf 88' lang='lat' dir='ltr'>conijci</span> 
     </span>
     <span class='ocr_line' id='line_1_3' title="bbox 323 426 476 476; baseline 0.007 -12"><span class='ocrx_word' id='word_1_12' title='bbox 323 426 476 476; x_wconf 78' lang='lat' dir='ltr'><strong>possit.</strong></span> 
     </span>
    </p>

    <p class='ocr_par' dir='ltr' id='par_1_3' title="bbox 321 499 1960 1270">
     <span class='ocr_line' id='line_1_4' title="bbox 376 499 1953 554; baseline 0.003 -17"><span class='ocrx_word' id='word_1_13' title='bbox 376 510 413 538; x_wconf 87' lang='lat'>2.</span> <span class='ocrx_word' id='word_1_14' title='bbox 477 499 664 549; x_wconf 75' lang='lat' dir='ltr'>Quidam</span> <span class='ocrx_word' id='word_1_15' title='bbox 695 500 866 538; x_wconf 89' lang='lat' dir='ltr'>iuuenis</span> <span class='ocrx_word' id='word_1_16' title='bbox 897 501 969 551; x_wconf 92' lang='lat' dir='ltr'>qui</span> <span class='ocrx_word' id='word_1_17' title='bbox 999 505 1129 540; x_wconf 86' lang='lat' dir='ltr'>antea</span> <span class='ocrx_word' id='word_1_18' title='bbox 1159 502 1303 539; x_wconf 89' lang='lat' dir='ltr'>multis</span> <span class='ocrx_word' id='word_1_19' title='bbox 1335 507 1428 539; x_wconf 87' lang='lat' dir='ltr'>erat</span> <span class='ocrx_word' id='word_1_20' title='bbox 1460 503 1730 541; x_wconf 86' lang='lat' dir='ltr'>secularibus</span> <span class='ocrx_word' id='word_1_21' title='bbox 1760 503 1953 554; x_wconf 78' lang='lat' dir='ltr'>negotijs</span> 
     </span>
     <span class='ocr_line' id='line_1_5' title="bbox 322 572 1954 625; baseline 0.002 -17"><span class='ocrx_word' id='word_1_22' title='bbox 322 572 568 618; x_wconf 88' lang='lat' dir='ltr'>immersus,</span> <span class='ocrx_word' id='word_1_23' title='bbox 594 572 717 609; x_wconf 88' lang='lat' dir='ltr'>breui</span> <span class='ocrx_word' id='word_1_24' title='bbox 740 576 942 623; x_wconf 87' lang='lat' dir='ltr'>tempore</span> <span class='ocrx_word' id='word_1_25' title='bbox 964 585 1050 623; x_wconf 91' lang='lat' dir='ltr'>quo</span> <span class='ocrx_word' id='word_1_26' title='bbox 1070 572 1183 623; x_wconf 91' lang='lat' dir='ltr'>apud</span> <span class='ocrx_word' id='word_1_27' title='bbox 1205 585 1285 611; x_wconf 92' lang='lat' dir='ltr'>nos</span> <span class='ocrx_word' id='word_1_28' title='bbox 1306 572 1639 612; x_wconf 71' lang='lat' dir='ltr'>familiarissime</span> <span class='ocrx_word' id='word_1_29' title='bbox 1662 582 1680 598; x_wconf 60' lang='grc' dir='ltr'><strong>ἃ</strong></span> <span class='ocrx_word' id='word_1_30' title='bbox 1701 575 1806 625; x_wconf 86' lang='lat' dir='ltr'>agit,</span> <span class='ocrx_word' id='word_1_31' title='bbox 1831 580 1954 612; x_wconf 81' lang='lat' dir='ltr'>tanto</span> 
     </span>
     <span class='ocr_line' id='line_1_6' title="bbox 323 643 1956 694; baseline 0.002 -13"><span class='ocrx_word' id='word_1_32' title='bbox 323 649 391 681; x_wconf 81' lang='lat' dir='ltr'>est</span> <span class='ocrx_word' id='word_1_33' title='bbox 407 643 644 681; x_wconf 83' lang='lat' dir='ltr'>Societatis</span> <span class='ocrx_word' id='word_1_34' title='bbox 662 656 811 682; x_wconf 89' lang='lat' dir='ltr'>amore</span> <span class='ocrx_word' id='word_1_35' title='bbox 830 649 997 694; x_wconf 88' lang='lat' dir='ltr'>captus,</span> <span class='ocrx_word' id='word_1_36' title='bbox 1018 649 1063 681; x_wconf 91' lang='lat' dir='ltr'>ut</span> <span class='ocrx_word' id='word_1_37' title='bbox 1079 657 1166 682; x_wconf 92' lang='lat' dir='ltr'>non</span> <span class='ocrx_word' id='word_1_38' title='bbox 1185 643 1316 683; x_wconf 90' lang='lat' dir='ltr'>modo</span> <span class='ocrx_word' id='word_1_39' title='bbox 1336 646 1513 683; x_wconf 87' lang='lat' dir='ltr'>Patrem</span> <span class='ocrx_word' id='word_1_40' title='bbox 1531 651 1751 683; x_wconf 90' lang='lat' dir='ltr'>rectorem</span> <span class='ocrx_word' id='word_1_41' title='bbox 1773 646 1956 684; x_wconf 75' lang='lat' dir='ltr'>assiduis</span> 
     </span>
     <span class='ocr_line' id='line_1_7' title="bbox 322 715 1955 768; baseline 0.001 -15"><span class='ocrx_word' id='word_1_42' title='bbox 322 716 529 754; x_wconf 86' lang='lat' dir='ltr'>sollicitet</span> <span class='ocrx_word' id='word_1_43' title='bbox 565 715 784 765; x_wconf 90' lang='lat' dir='ltr'>precibus,</span> <span class='ocrx_word' id='word_1_44' title='bbox 818 715 897 754; x_wconf 90' lang='lat' dir='ltr'>sed</span> <span class='ocrx_word' id='word_1_45' title='bbox 933 719 1213 767; x_wconf 84' lang='lat' dir='ltr'>protectores</span> <span class='ocrx_word' id='word_1_46' title='bbox 1250 716 1381 754; x_wconf 88' lang='lat' dir='ltr'>etiam</span> <span class='ocrx_word' id='word_1_47' title='bbox 1416 716 1544 766; x_wconf 86' lang='lat' dir='ltr'>hujus</span> <span class='ocrx_word' id='word_1_48' title='bbox 1580 717 1774 768; x_wconf 72' lang='lat' dir='ltr'>collegii,</span> <span class='ocrx_word' id='word_1_49' title='bbox 1805 729 1856 755; x_wconf 92' lang='lat' dir='ltr'>ac</span> <span class='ocrx_word' id='word_1_50' title='bbox 1879 730 1955 755; x_wconf 84' lang='lat' dir='ltr'>eos</span> 
     </span>
     <span class='ocr_line' id='line_1_8' title="bbox 324 786 1957 838; baseline 0.001 -14"><span class='ocrx_word' id='word_1_51' title='bbox 324 799 476 825; x_wconf 88' lang='lat' dir='ltr'>omnes</span> <span class='ocrx_word' id='word_1_52' title='bbox 492 799 603 837; x_wconf 84' lang='lat' dir='ltr'>quos</span> <span class='ocrx_word' id='word_1_53' title='bbox 626 786 745 824; x_wconf 81' lang='lat' dir='ltr'>Patri</span> <span class='ocrx_word' id='word_1_54' title='bbox 767 788 932 825; x_wconf 80' lang='lat' dir='ltr'>rectori</span> <span class='ocrx_word' id='word_1_55' title='bbox 954 787 1189 825; x_wconf 80' lang='lat' dir='ltr'>familiares</span> <span class='ocrx_word' id='word_1_56' title='bbox 1213 799 1310 825; x_wconf 91' lang='lat' dir='ltr'>esse</span> <span class='ocrx_word' id='word_1_57' title='bbox 1332 792 1472 838; x_wconf 86' lang='lat' dir='ltr'>putat;</span> <span class='ocrx_word' id='word_1_58' title='bbox 1495 801 1679 838; x_wconf 87' lang='lat' dir='ltr'>quorum</span> <span class='ocrx_word' id='word_1_59' title='bbox 1701 787 1846 827; x_wconf 91' lang='lat' dir='ltr'>medio</span> <span class='ocrx_word' id='word_1_60' title='bbox 1871 788 1957 826; x_wconf 86' lang='lat' dir='ltr'>eni-</span> 
     </span>
     <span class='ocr_line' id='line_1_9' title="bbox 324 856 1958 910; baseline 0.001 -14"><span class='ocrx_word' id='word_1_61' title='bbox 324 856 500 896; x_wconf 85' lang='lat' dir='ltr'>xissime</span> <span class='ocrx_word' id='word_1_62' title='bbox 520 858 562 896; x_wconf 89' lang='lat' dir='ltr'>in</span> <span class='ocrx_word' id='word_1_63' title='bbox 584 857 860 897; x_wconf 81' lang='lat' dir='ltr'>Societatem</span> <span class='ocrx_word' id='word_1_64' title='bbox 878 871 1005 909; x_wconf 89' lang='lat' dir='ltr'>quam</span> <span class='ocrx_word' id='word_1_65' title='bbox 1027 859 1212 910; x_wconf 88' lang='lat' dir='ltr'>primum</span> <span class='ocrx_word' id='word_1_66' title='bbox 1230 857 1399 896; x_wconf 79' lang='lat' dir='ltr'>admitti</span> <span class='ocrx_word' id='word_1_67' title='bbox 1417 858 1659 897; x_wconf 84' lang='lat' dir='ltr'>contendit.</span> <span class='ocrx_word' id='word_1_68' title='bbox 1678 859 1766 897; x_wconf 86' lang='lat' dir='ltr'>Sed</span> <span class='ocrx_word' id='word_1_69' title='bbox 1784 873 1881 898; x_wconf 90' lang='lat' dir='ltr'>cum</span> <span class='ocrx_word' id='word_1_70' title='bbox 1898 860 1958 898; x_wconf 90' lang='lat' dir='ltr'>ni-</span> 
     </span>
     <span class='ocr_line' id='line_1_10' title="bbox 322 929 1960 982; baseline 0.002 -15"><span class='ocrx_word' id='word_1_71' title='bbox 322 930 557 968; x_wconf 82' lang='lat' dir='ltr'>hilominus</span> <span class='ocrx_word' id='word_1_72' title='bbox 579 930 620 968; x_wconf 88' lang='lat' dir='ltr'>in</span> <span class='ocrx_word' id='word_1_73' title='bbox 642 929 737 968; x_wconf 90' lang='lat' dir='ltr'>dies</span> <span class='ocrx_word' id='word_1_74' title='bbox 761 935 930 969; x_wconf 89' lang='lat' dir='ltr'>tantum</span> <span class='ocrx_word' id='word_1_75' title='bbox 966 930 1229 969; x_wconf 89' lang='lat' dir='ltr'>beneficium</span> <span class='ocrx_word' id='word_1_76' title='bbox 1260 930 1342 968; x_wconf 85' lang='lat' dir='ltr'>sibi</span> <span class='ocrx_word' id='word_1_77' title='bbox 1373 929 1540 968; x_wconf 88' lang='lat' dir='ltr'>differri</span> <span class='ocrx_word' id='word_1_78' title='bbox 1560 931 1791 982; x_wconf 87' lang='lat' dir='ltr'>intelligat,</span> <span class='ocrx_word' id='word_1_79' title='bbox 1817 931 1960 970; x_wconf 75' lang='lat' dir='ltr'>ueluti</span> 
     </span>
     <span class='ocr_line' id='line_1_11' title="bbox 321 1000 1957 1054; baseline 0.001 -14"><span class='ocrx_word' id='word_1_80' title='bbox 321 1001 479 1040; x_wconf 65' lang='lat' dir='ltr'>(imino</span> <span class='ocrx_word' id='word_1_81' title='bbox 498 1003 696 1052; x_wconf 74' lang='lat' dir='ltr'>quodam</span> <span class='ocrx_word' id='word_1_82' title='bbox 707 1002 886 1054; x_wconf 73' lang='lat' dir='ltr'>furore</span> <span class='ocrx_word' id='word_1_83' title='bbox 906 1004 1161 1054; x_wconf 53' lang='lat' dir='ltr'>correpta&amp;</span> <span class='ocrx_word' id='word_1_84' title='bbox 1186 1000 1318 1041; x_wconf 91' lang='lat' dir='ltr'>modo</span> <span class='ocrx_word' id='word_1_85' title='bbox 1338 1002 1660 1053; x_wconf 76' lang='lat' dir='ltr'>cogitabundus</span> <span class='ocrx_word' id='word_1_86' title='bbox 1682 1003 1754 1041; x_wconf 82' lang='lat' dir='ltr'>uix</span> <span class='ocrx_word' id='word_1_87' title='bbox 1772 1008 1866 1042; x_wconf 89' lang='lat' dir='ltr'>tota</span> <span class='ocrx_word' id='word_1_88' title='bbox 1887 1002 1957 1042; x_wconf 86' lang='lat' dir='ltr'>die</span> 
     </span>
     <span class='ocr_line' id='line_1_12' title="bbox 321 1073 1958 1126; baseline 0.001 -15"><span class='ocrx_word' id='word_1_89' title='bbox 321 1079 518 1112; x_wconf 87' lang='lat' dir='ltr'>nostrum</span> <span class='ocrx_word' id='word_1_90' title='bbox 541 1074 779 1125; x_wconf 83' lang='lat' dir='ltr'>collegium</span> <span class='ocrx_word' id='word_1_91' title='bbox 805 1074 1048 1126; x_wconf 86' lang='lat' dir='ltr'>egreditur,</span> <span class='ocrx_word' id='word_1_92' title='bbox 1073 1073 1205 1113; x_wconf 91' lang='lat' dir='ltr'>modo</span> <span class='ocrx_word' id='word_1_93' title='bbox 1237 1074 1411 1113; x_wconf 90' lang='lat' dir='ltr'>scholas</span> <span class='ocrx_word' id='word_1_94' title='bbox 1441 1073 1546 1121; x_wconf 84' lang='lat' dir='ltr'>adit,</span> <span class='ocrx_word' id='word_1_95' title='bbox 1571 1074 1702 1113; x_wconf 89' lang='lat' dir='ltr'>modo</span> <span class='ocrx_word' id='word_1_96' title='bbox 1736 1075 1843 1113; x_wconf 89' lang='lat' dir='ltr'>mira</span> <span class='ocrx_word' id='word_1_97' title='bbox 1871 1076 1958 1115; x_wconf 84' lang='lat' dir='ltr'>ani-</span> 
     </span>
     <span class='ocr_line' id='line_1_13' title="bbox 322 1145 1959 1195; baseline 0.001 -11"><span class='ocrx_word' id='word_1_98' title='bbox 322 1147 378 1185; x_wconf 89' lang='lat' dir='ltr'>mi</span> <span class='ocrx_word' id='word_1_99' title='bbox 400 1146 691 1185; x_wconf 84' lang='lat' dir='ltr'>submissione</span> <span class='ocrx_word' id='word_1_100' title='bbox 716 1147 892 1185; x_wconf 86' lang='lat' dir='ltr'>Patrem</span> <span class='ocrx_word' id='word_1_101' title='bbox 920 1151 1141 1185; x_wconf 88' lang='lat' dir='ltr'>rectorem</span> <span class='ocrx_word' id='word_1_102' title='bbox 1164 1146 1374 1195; x_wconf 88' lang='lat' dir='ltr'>adoritur,</span> <span class='ocrx_word' id='word_1_103' title='bbox 1399 1145 1530 1185; x_wconf 91' lang='lat' dir='ltr'>modo</span> <span class='ocrx_word' id='word_1_104' title='bbox 1554 1147 1607 1185; x_wconf 93' lang='lat' dir='ltr'>ad</span> <span class='ocrx_word' id='word_1_105' title='bbox 1639 1160 1686 1185; x_wconf 93' lang='lat' dir='ltr'>se</span> <span class='ocrx_word' id='word_1_106' title='bbox 1718 1160 1959 1186; x_wconf 88' lang='lat' dir='ltr'>conuersus</span> 
     </span>
     <span class='ocr_line' id='line_1_14' title="bbox 322 1217 1956 1270; baseline -0.001 -12"><span class='ocrx_word' id='word_1_107' title='bbox 322 1219 363 1258; x_wconf 89' lang='lat' dir='ltr'>in</span> <span class='ocrx_word' id='word_1_108' title='bbox 385 1218 573 1268; x_wconf 89' lang='lat' dir='ltr'>aliquem</span> <span class='ocrx_word' id='word_1_109' title='bbox 596 1230 697 1256; x_wconf 92' lang='lat' dir='ltr'>sese</span> <span class='ocrx_word' id='word_1_110' title='bbox 721 1219 928 1270; x_wconf 83' lang='lat' dir='ltr'>angulum</span> <span class='ocrx_word' id='word_1_111' title='bbox 953 1218 1163 1265; x_wconf 87' lang='lat' dir='ltr'>detrudit,</span> <span class='ocrx_word' id='word_1_112' title='bbox 1188 1218 1261 1256; x_wconf 91' lang='lat' dir='ltr'>ubi</span> <span class='ocrx_word' id='word_1_113' title='bbox 1281 1217 1323 1256; x_wconf 87' lang='lat' dir='ltr'>in</span> <span class='ocrx_word' id='word_1_114' title='bbox 1344 1218 1539 1269; x_wconf 89' lang='lat' dir='ltr'>ingentia</span> <span class='ocrx_word' id='word_1_115' title='bbox 1558 1218 1743 1270; x_wconf 89' lang='lat' dir='ltr'>erumpit</span> <span class='ocrx_word' id='word_1_116' title='bbox 1761 1219 1956 1270; x_wconf 81' lang='lat' dir='ltr'>suspiria.</span> 
     </span>
    </p>

    <p class='ocr_par' dir='ltr' id='par_1_4' title="bbox 319 1288 1961 2058">
     <span class='ocr_line' id='line_1_15' title="bbox 376 1288 1958 1341; baseline 0 -13"><span class='ocrx_word' id='word_1_117' title='bbox 376 1300 413 1338; x_wconf 84' lang='lat'>3.</span> <span class='ocrx_word' id='word_1_118' title='bbox 474 1290 571 1329; x_wconf 88' lang='lat' dir='ltr'>Fuit</span> <span class='ocrx_word' id='word_1_119' title='bbox 595 1295 639 1328; x_wconf 89' lang='lat' dir='ltr'>et</span> <span class='ocrx_word' id='word_1_120' title='bbox 661 1290 770 1328; x_wconf 85' lang='lat' dir='ltr'>alius</span> <span class='ocrx_word' id='word_1_121' title='bbox 791 1288 966 1340; x_wconf 83' lang='lat' dir='ltr'>quidam</span> <span class='ocrx_word' id='word_1_122' title='bbox 990 1291 1026 1337; x_wconf 78' lang='lat' dir='ltr'>b,</span> <span class='ocrx_word' id='word_1_123' title='bbox 1050 1290 1123 1340; x_wconf 90' lang='lat' dir='ltr'>qui</span> <span class='ocrx_word' id='word_1_124' title='bbox 1143 1290 1250 1328; x_wconf 90' lang='lat' dir='ltr'>inito</span> <span class='ocrx_word' id='word_1_125' title='bbox 1274 1302 1372 1328; x_wconf 91' lang='lat' dir='ltr'>cum</span> <span class='ocrx_word' id='word_1_126' title='bbox 1394 1289 1566 1328; x_wconf 90' lang='lat' dir='ltr'>duobus</span> <span class='ocrx_word' id='word_1_127' title='bbox 1587 1290 1836 1341; x_wconf 77' lang='lat' dir='ltr'>eJ&#39;ussociis</span> <span class='ocrx_word' id='word_1_128' title='bbox 1858 1303 1958 1329; x_wconf 89' lang='lat' dir='ltr'>con-</span> 
     </span>
     <span class='ocr_line' id='line_1_16' title="bbox 323 1362 1958 1414; baseline 0 -14"><span class='ocrx_word' id='word_1_129' title='bbox 323 1363 434 1409; x_wconf 89' lang='lat' dir='ltr'>silio,</span> <span class='ocrx_word' id='word_1_130' title='bbox 460 1367 547 1400; x_wconf 89' lang='lat' dir='ltr'>tam</span> <span class='ocrx_word' id='word_1_131' title='bbox 569 1374 729 1414; x_wconf 89' lang='lat' dir='ltr'>magno</span> <span class='ocrx_word' id='word_1_132' title='bbox 752 1362 997 1413; x_wconf 85' lang='lat' dir='ltr'>relligionis</span> <span class='ocrx_word' id='word_1_133' title='bbox 1018 1362 1177 1401; x_wconf 87' lang='lat' dir='ltr'>ardore</span> <span class='ocrx_word' id='word_1_134' title='bbox 1198 1363 1426 1414; x_wconf 87' lang='lat' dir='ltr'>flagrabat,</span> <span class='ocrx_word' id='word_1_135' title='bbox 1452 1368 1498 1400; x_wconf 91' lang='lat' dir='ltr'>ut</span> <span class='ocrx_word' id='word_1_136' title='bbox 1519 1363 1662 1401; x_wconf 89' lang='lat' dir='ltr'>nullae</span> <span class='ocrx_word' id='word_1_137' title='bbox 1684 1362 1813 1412; x_wconf 87' lang='lat' dir='ltr'>hujus</span> <span class='ocrx_word' id='word_1_138' title='bbox 1835 1374 1958 1400; x_wconf 75' lang='lat' dir='ltr'>secu-</span> 
     </span>
     <span class='ocr_line' id='line_1_17' title="bbox 323 1433 1960 1485; baseline 0 -13"><span class='ocrx_word' id='word_1_139' title='bbox 323 1435 351 1473; x_wconf 91' lang='lat' dir='ltr'>li</span> <span class='ocrx_word' id='word_1_140' title='bbox 372 1434 611 1473; x_wconf 87' lang='lat' dir='ltr'>illecebrae</span> <span class='ocrx_word' id='word_1_141' title='bbox 634 1447 734 1473; x_wconf 90' lang='lat' dir='ltr'>eum</span> <span class='ocrx_word' id='word_1_142' title='bbox 756 1434 967 1475; x_wconf 80' lang='lat' dir='ltr'>remorari</span> <span class='ocrx_word' id='word_1_143' title='bbox 988 1434 1229 1485; x_wconf 87' lang='lat' dir='ltr'>potuerint,</span> <span class='ocrx_word' id='word_1_144' title='bbox 1253 1435 1484 1485; x_wconf 89' lang='lat' dir='ltr'>quominus</span> <span class='ocrx_word' id='word_1_145' title='bbox 1519 1433 1674 1473; x_wconf 91' lang='lat' dir='ltr'>relicto</span> <span class='ocrx_word' id='word_1_146' title='bbox 1703 1435 1870 1481; x_wconf 86' lang='lat' dir='ltr'>seculo,</span> <span class='ocrx_word' id='word_1_147' title='bbox 1909 1447 1960 1472; x_wconf 88' lang='lat' dir='ltr'>ac</span> 
     </span>
     <span class='ocr_line' id='line_1_18' title="bbox 323 1505 1957 1557; baseline -0.001 -12"><span class='ocrx_word' id='word_1_148' title='bbox 323 1506 576 1557; x_wconf 86' lang='lat' dir='ltr'>parentibus</span> <span class='ocrx_word' id='word_1_149' title='bbox 599 1506 840 1557; x_wconf 88' lang='lat' dir='ltr'>amicisque</span> <span class='ocrx_word' id='word_1_150' title='bbox 864 1506 1068 1544; x_wconf 89' lang='lat' dir='ltr'>omnibus</span> <span class='ocrx_word' id='word_1_151' title='bbox 1090 1506 1322 1557; x_wconf 85' lang='lat' dir='ltr'>neglectis,</span> <span class='ocrx_word' id='word_1_152' title='bbox 1346 1506 1442 1544; x_wconf 93' lang='lat' dir='ltr'>Deo</span> <span class='ocrx_word' id='word_1_153' title='bbox 1467 1518 1514 1544; x_wconf 89' lang='lat' dir='ltr'>se</span> <span class='ocrx_word' id='word_1_154' title='bbox 1536 1510 1752 1556; x_wconf 88' lang='lat' dir='ltr'>perpetuo</span> <span class='ocrx_word' id='word_1_155' title='bbox 1776 1505 1957 1544; x_wconf 89' lang='lat' dir='ltr'>dicaret.</span> 
     </span>
     <span class='ocr_line' id='line_1_19' title="bbox 323 1577 1960 1629; baseline 0 -14"><span class='ocrx_word' id='word_1_156' title='bbox 323 1579 413 1616; x_wconf 90' lang='lat' dir='ltr'>Imo</span> <span class='ocrx_word' id='word_1_157' title='bbox 438 1578 566 1617; x_wconf 79' lang='lat' dir='ltr'>illius</span> <span class='ocrx_word' id='word_1_158' title='bbox 587 1586 603 1604; x_wconf 80' lang='lat'><em>0</em></span> <span class='ocrx_word' id='word_1_159' title='bbox 625 1578 758 1629; x_wconf 89' lang='lat' dir='ltr'>patris</span> <span class='ocrx_word' id='word_1_160' title='bbox 791 1577 1018 1625; x_wconf 87' lang='lat' dir='ltr'>industria,</span> <span class='ocrx_word' id='word_1_161' title='bbox 1055 1577 1272 1616; x_wconf 86' lang='lat' dir='ltr'>subrectis</span> <span class='ocrx_word' id='word_1_162' title='bbox 1294 1577 1353 1616; x_wconf 91' lang='lat' dir='ltr'>illi</span> <span class='ocrx_word' id='word_1_163' title='bbox 1383 1589 1460 1628; x_wconf 91' lang='lat' dir='ltr'>per</span> <span class='ocrx_word' id='word_1_164' title='bbox 1490 1583 1668 1616; x_wconf 88' lang='lat' dir='ltr'>noctem</span> <span class='ocrx_word' id='word_1_165' title='bbox 1701 1577 1876 1624; x_wconf 88' lang='lat' dir='ltr'>calceis,</span> <span class='ocrx_word' id='word_1_166' title='bbox 1915 1582 1960 1615; x_wconf 88' lang='lat' dir='ltr'>ut</span> 
     </span>
     <span class='ocr_line' id='line_1_20' title="bbox 322 1647 1960 1700; baseline -0.001 -12"><span class='ocrx_word' id='word_1_167' title='bbox 322 1650 407 1688; x_wconf 91' lang='lat' dir='ltr'>hoc</span> <span class='ocrx_word' id='word_1_168' title='bbox 438 1649 569 1688; x_wconf 91' lang='lat' dir='ltr'>modo</span> <span class='ocrx_word' id='word_1_169' title='bbox 592 1648 718 1688; x_wconf 90' lang='lat' dir='ltr'>nudis</span> <span class='ocrx_word' id='word_1_170' title='bbox 739 1648 928 1700; x_wconf 87' lang='lat' dir='ltr'>pedibus</span> <span class='ocrx_word' id='word_1_171' title='bbox 949 1661 1027 1699; x_wconf 92' lang='lat' dir='ltr'>per</span> <span class='ocrx_word' id='word_1_172' title='bbox 1054 1649 1208 1687; x_wconf 91' lang='lat' dir='ltr'>urbem</span> <span class='ocrx_word' id='word_1_173' title='bbox 1230 1647 1439 1687; x_wconf 90' lang='lat' dir='ltr'>incedere</span> <span class='ocrx_word' id='word_1_174' title='bbox 1463 1649 1746 1696; x_wconf 90' lang='lat' dir='ltr'>erubescens,</span> <span class='ocrx_word' id='word_1_175' title='bbox 1771 1648 1890 1687; x_wconf 90' lang='lat' dir='ltr'>domi</span> <span class='ocrx_word' id='word_1_176' title='bbox 1912 1661 1960 1687; x_wconf 90' lang='lat' dir='ltr'>se</span> 
     </span>
     <span class='ocr_line' id='line_1_21' title="bbox 319 1720 1950 1772; baseline 0 -14"><span class='ocrx_word' id='word_1_177' title='bbox 319 1723 494 1772; x_wconf 72' lang='lat' dir='ltr'>pudore</span> <span class='ocrx_word' id='word_1_178' title='bbox 510 1721 750 1772; x_wconf 67' lang='lat' dir='ltr'>perculsus</span> <span class='ocrx_word' id='word_1_179' title='bbox 772 1721 1040 1768; x_wconf 88' lang='lat' dir='ltr'>contineret;</span> <span class='ocrx_word' id='word_1_180' title='bbox 1063 1725 1187 1759; x_wconf 86' lang='lat' dir='ltr'>tanto</span> <span class='ocrx_word' id='word_1_181' title='bbox 1219 1720 1372 1771; x_wconf 86' lang='lat' dir='ltr'>spiritu</span> <span class='ocrx_word' id='word_1_182' title='bbox 1395 1721 1569 1759; x_wconf 90' lang='lat' dir='ltr'>Domini</span> <span class='ocrx_word' id='word_1_183' title='bbox 1592 1733 1645 1759; x_wconf 91' lang='lat' dir='ltr'>eo</span> <span class='ocrx_word' id='word_1_184' title='bbox 1678 1720 1749 1759; x_wconf 91' lang='lat' dir='ltr'>die</span> <span class='ocrx_word' id='word_1_185' title='bbox 1773 1720 1950 1767; x_wconf 85' lang='lat' dir='ltr'>exarsit,</span> 
     </span>
     <span class='ocr_line' id='line_1_22' title="bbox 324 1790 1961 1843; baseline 0 -13"><span class='ocrx_word' id='word_1_186' title='bbox 324 1798 369 1830; x_wconf 86' lang='lat' dir='ltr'>ut</span> <span class='ocrx_word' id='word_1_187' title='bbox 400 1793 518 1831; x_wconf 89' lang='lat' dir='ltr'>misis</span> <span class='ocrx_word' id='word_1_188' title='bbox 550 1792 726 1839; x_wconf 91' lang='lat' dir='ltr'>calceis,</span> <span class='ocrx_word' id='word_1_189' title='bbox 762 1797 1031 1843; x_wconf 87' lang='lat' dir='ltr'>exporrecto</span> <span class='ocrx_word' id='word_1_190' title='bbox 1063 1791 1224 1839; x_wconf 87' lang='lat' dir='ltr'>fronte,</span> <span class='ocrx_word' id='word_1_191' title='bbox 1257 1790 1471 1842; x_wconf 88' lang='lat' dir='ltr'>hilarique</span> <span class='ocrx_word' id='word_1_192' title='bbox 1502 1791 1625 1830; x_wconf 91' lang='lat' dir='ltr'>uultu</span> <span class='ocrx_word' id='word_1_193' title='bbox 1658 1790 1710 1830; x_wconf 89' lang='lat' dir='ltr'>ad</span> <span class='ocrx_word' id='word_1_194' title='bbox 1742 1796 1961 1830; x_wconf 86' lang='lat' dir='ltr'>monaste-</span> 
     </span>
     <span class='ocr_line' id='line_1_23' title="bbox 325 1862 1961 1914; baseline 0 -12"><span class='ocrx_word' id='word_1_195' title='bbox 325 1864 433 1902; x_wconf 88' lang='lat' dir='ltr'>rium</span> <span class='ocrx_word' id='word_1_196' title='bbox 465 1864 509 1903; x_wconf 89' lang='lat' dir='ltr'>S.</span> <span class='ocrx_word' id='word_1_197' title='bbox 548 1863 781 1911; x_wconf 88' lang='lat' dir='ltr'>Dominici,</span> <span class='ocrx_word' id='word_1_198' title='bbox 806 1862 933 1902; x_wconf 89' lang='lat' dir='ltr'>nudis</span> <span class='ocrx_word' id='word_1_199' title='bbox 971 1864 1102 1902; x_wconf 90' lang='lat' dir='ltr'>etiam</span> <span class='ocrx_word' id='word_1_200' title='bbox 1132 1863 1319 1914; x_wconf 89' lang='lat' dir='ltr'>pedibus</span> <span class='ocrx_word' id='word_1_201' title='bbox 1350 1862 1596 1911; x_wconf 77' lang='lat' dir='ltr'>aduolaret3</span> <span class='ocrx_word' id='word_1_202' title='bbox 1634 1863 1705 1901; x_wconf 92' lang='lat' dir='ltr'>ubi</span> <span class='ocrx_word' id='word_1_203' title='bbox 1736 1862 1790 1902; x_wconf 88' lang='lat' dir='ltr'>ad</span> <span class='ocrx_word' id='word_1_204' title='bbox 1822 1864 1961 1902; x_wconf 87' lang='lat' dir='ltr'>Patris</span> 
     </span>
     <span class='ocr_line' id='line_1_24' title="bbox 322 1934 1958 1987; baseline -0.001 -12"><span class='ocrx_word' id='word_1_205' title='bbox 322 1936 477 1987; x_wconf 89' lang='lat' dir='ltr'>prioris</span> <span class='ocrx_word' id='word_1_206' title='bbox 499 1936 637 1987; x_wconf 90' lang='lat' dir='ltr'>pedes</span> <span class='ocrx_word' id='word_1_207' title='bbox 661 1936 923 1987; x_wconf 90' lang='lat' dir='ltr'>prouolutus</span> <span class='ocrx_word' id='word_1_208' title='bbox 954 1941 1123 1974; x_wconf 89' lang='lat' dir='ltr'>tantum</span> <span class='ocrx_word' id='word_1_209' title='bbox 1153 1934 1388 1985; x_wconf 87' lang='lat' dir='ltr'>lachrymis</span> <span class='ocrx_word' id='word_1_210' title='bbox 1418 1940 1463 1973; x_wconf 93' lang='lat' dir='ltr'>et</span> <span class='ocrx_word' id='word_1_211' title='bbox 1483 1935 1688 1986; x_wconf 86' lang='lat' dir='ltr'>precibus</span> <span class='ocrx_word' id='word_1_212' title='bbox 1721 1935 1886 1983; x_wconf 84' lang='lat' dir='ltr'>effecit,</span> <span class='ocrx_word' id='word_1_213' title='bbox 1912 1942 1958 1974; x_wconf 86' lang='lat' dir='ltr'>ut</span> 
     </span>
     <span class='ocr_line' id='line_1_25' title="bbox 325 2006 1131 2058; baseline -0.002 -12"><span class='ocrx_word' id='word_1_214' title='bbox 325 2021 378 2047; x_wconf 93' lang='lat' dir='ltr'>eo</span> <span class='ocrx_word' id='word_1_215' title='bbox 401 2006 473 2047; x_wconf 91' lang='lat' dir='ltr'>die</span> <span class='ocrx_word' id='word_1_216' title='bbox 496 2007 590 2046; x_wconf 89' lang='lat' dir='ltr'>uoti</span> <span class='ocrx_word' id='word_1_217' title='bbox 612 2019 797 2058; x_wconf 90' lang='lat' dir='ltr'>compos</span> <span class='ocrx_word' id='word_1_218' title='bbox 819 2007 962 2045; x_wconf 88' lang='lat' dir='ltr'>factus</span> <span class='ocrx_word' id='word_1_219' title='bbox 984 2006 1131 2045; x_wconf 87' lang='lat' dir='ltr'>fuerit.</span> 
     </span>
    </p>

    <p class='ocr_par' dir='ltr' id='par_1_5' title="bbox 323 2076 1961 2918">
     <span class='ocr_line' id='line_1_26' title="bbox 376 2076 1961 2128; baseline -0.001 -11"><span class='ocrx_word' id='word_1_220' title='bbox 376 2090 415 2128; x_wconf 82' lang='lat'>4.</span> <span class='ocrx_word' id='word_1_221' title='bbox 475 2078 558 2128; x_wconf 83' lang='lat' dir='ltr'>Alij</span> <span class='ocrx_word' id='word_1_222' title='bbox 583 2078 668 2117; x_wconf 90' lang='lat' dir='ltr'>duo</span> <span class='ocrx_word' id='word_1_223' title='bbox 701 2077 1017 2116; x_wconf 87' lang='lat' dir='ltr'>adolescentes</span> <span class='ocrx_word' id='word_1_224' title='bbox 1049 2090 1103 2116; x_wconf 86' lang='lat' dir='ltr'>ex</span> <span class='ocrx_word' id='word_1_225' title='bbox 1136 2077 1291 2116; x_wconf 87' lang='lat' dir='ltr'>eadem</span> <span class='ocrx_word' id='word_1_226' title='bbox 1323 2078 1540 2116; x_wconf 90' lang='lat' dir='ltr'>societate</span> <span class='ocrx_word' id='word_1_227' title='bbox 1573 2076 1821 2128; x_wconf 84' lang='lat' dir='ltr'>eodemque</span> <span class='ocrx_word' id='word_1_228' title='bbox 1844 2077 1961 2116; x_wconf 91' lang='lat' dir='ltr'>ducti</span> 
     </span>
     <span class='ocr_line' id='line_1_27' title="bbox 323 2149 1958 2200; baseline 0 -12"><span class='ocrx_word' id='word_1_229' title='bbox 323 2149 522 2197; x_wconf 85' lang='lat' dir='ltr'>consilio,</span> <span class='ocrx_word' id='word_1_230' title='bbox 560 2149 710 2199; x_wconf 88' lang='lat' dir='ltr'>inscijs</span> <span class='ocrx_word' id='word_1_231' title='bbox 747 2161 903 2188; x_wconf 90' lang='lat' dir='ltr'>eorum</span> <span class='ocrx_word' id='word_1_232' title='bbox 938 2150 1145 2200; x_wconf 83' lang='lat' dir='ltr'>patribus,</span> <span class='ocrx_word' id='word_1_233' title='bbox 1182 2149 1202 2174; x_wconf 72' lang='lat'>&lt;¹</span> <span class='ocrx_word' id='word_1_234' title='bbox 1237 2151 1412 2188; x_wconf 86' lang='lat' dir='ltr'>Fratres</span> <span class='ocrx_word' id='word_1_235' title='bbox 1447 2149 1655 2196; x_wconf 82' lang='lat' dir='ltr'>minores,</span> <span class='ocrx_word' id='word_1_236' title='bbox 1680 2161 1790 2199; x_wconf 87' lang='lat' dir='ltr'>quos</span> <span class='ocrx_word' id='word_1_237' title='bbox 1826 2149 1958 2200; x_wconf 90' lang='lat' dir='ltr'>uulgo</span> 
     </span>
     <span class='ocr_line' id='line_1_28' title="bbox 324 2220 1961 2273; baseline 0 -13"><span class='ocrx_word' id='word_1_238' title='bbox 324 2222 572 2273; x_wconf 88' lang='lat' dir='ltr'>Capucinos</span> <span class='ocrx_word' id='word_1_239' title='bbox 603 2227 780 2268; x_wconf 87' lang='lat' dir='ltr'>uocant,</span> <span class='ocrx_word' id='word_1_240' title='bbox 815 2220 984 2270; x_wconf 79' lang='lat' dir='ltr'>adiere3</span> <span class='ocrx_word' id='word_1_241' title='bbox 1007 2235 1192 2272; x_wconf 89' lang='lat' dir='ltr'>quorum</span> <span class='ocrx_word' id='word_1_242' title='bbox 1223 2222 1334 2260; x_wconf 85' lang='lat' dir='ltr'>alter</span> <span class='ocrx_word' id='word_1_243' title='bbox 1364 2221 1511 2269; x_wconf 90' lang='lat' dir='ltr'>finem,</span> <span class='ocrx_word' id='word_1_244' title='bbox 1545 2221 1667 2260; x_wconf 89' lang='lat' dir='ltr'>cuius</span> <span class='ocrx_word' id='word_1_245' title='bbox 1698 2221 1838 2271; x_wconf 87' lang='lat' dir='ltr'>gratia</span> <span class='ocrx_word' id='word_1_246' title='bbox 1872 2221 1961 2260; x_wconf 89' lang='lat' dir='ltr'>iue-</span> 
     </span>
     <span class='ocr_line' id='line_1_29' title="bbox 325 2293 1960 2346; baseline 0 -15"><span class='ocrx_word' id='word_1_247' title='bbox 325 2299 434 2341; x_wconf 85' lang='lat' dir='ltr'>rant,</span> <span class='ocrx_word' id='word_1_248' title='bbox 459 2300 720 2346; x_wconf 87' lang='lat' dir='ltr'>assequutus</span> <span class='ocrx_word' id='word_1_249' title='bbox 743 2296 840 2344; x_wconf 76' lang='lat' dir='ltr'>fuit3</span> <span class='ocrx_word' id='word_1_250' title='bbox 865 2295 975 2333; x_wconf 91' lang='lat' dir='ltr'>alter</span> <span class='ocrx_word' id='word_1_251' title='bbox 1007 2307 1115 2333; x_wconf 89' lang='lat' dir='ltr'>uero</span> <span class='ocrx_word' id='word_1_252' title='bbox 1139 2294 1212 2332; x_wconf 91' lang='lat' dir='ltr'>diu</span> <span class='ocrx_word' id='word_1_253' title='bbox 1241 2293 1495 2345; x_wconf 87' lang='lat' dir='ltr'>parentibus</span> <span class='ocrx_word' id='word_1_254' title='bbox 1526 2295 1783 2342; x_wconf 82' lang='lat' dir='ltr'>reluctatus,</span> <span class='ocrx_word' id='word_1_255' title='bbox 1807 2294 1879 2345; x_wconf 87' lang='lat' dir='ltr'>qui</span> <span class='ocrx_word' id='word_1_256' title='bbox 1914 2307 1960 2332; x_wconf 84' lang='lat' dir='ltr'>re</span> 
     </span>
     <span class='ocr_line' id='line_1_30' title="bbox 326 2365 1959 2416; baseline 0.001 -14"><span class='ocrx_word' id='word_1_257' title='bbox 326 2366 517 2415; x_wconf 85' lang='lat' dir='ltr'>cognita,</span> <span class='ocrx_word' id='word_1_258' title='bbox 553 2366 608 2405; x_wconf 88' lang='lat' dir='ltr'>ad</span> <span class='ocrx_word' id='word_1_259' title='bbox 639 2368 907 2406; x_wconf 89' lang='lat' dir='ltr'>coenobium</span> <span class='ocrx_word' id='word_1_260' title='bbox 931 2379 1059 2416; x_wconf 86' lang='lat' dir='ltr'>quam</span> <span class='ocrx_word' id='word_1_261' title='bbox 1091 2365 1300 2404; x_wconf 88' lang='lat' dir='ltr'>citissime</span> <span class='ocrx_word' id='word_1_262' title='bbox 1333 2370 1634 2413; x_wconf 89' lang='lat' dir='ltr'>cucurrerunt,</span> <span class='ocrx_word' id='word_1_263' title='bbox 1658 2365 1762 2404; x_wconf 88' lang='lat' dir='ltr'>illud</span> <span class='ocrx_word' id='word_1_264' title='bbox 1785 2365 1959 2404; x_wconf 88' lang='lat' dir='ltr'>tandem</span> 
     </span>
     <span class='ocr_line' id='line_1_31' title="bbox 324 2436 1961 2490; baseline 0.001 -16"><span class='ocrx_word' id='word_1_265' title='bbox 324 2450 348 2475; x_wconf 89' lang='lat' dir='ltr'>a</span> <span class='ocrx_word' id='word_1_266' title='bbox 371 2436 474 2475; x_wconf 91' lang='lat' dir='ltr'>uiris</span> <span class='ocrx_word' id='word_1_267' title='bbox 496 2437 579 2476; x_wconf 91' lang='lat' dir='ltr'>illis</span> <span class='ocrx_word' id='word_1_268' title='bbox 614 2438 835 2490; x_wconf 89' lang='lat' dir='ltr'>religiosis</span> <span class='ocrx_word' id='word_1_269' title='bbox 875 2450 1061 2477; x_wconf 85' lang='lat' dir='ltr'>exorare</span> <span class='ocrx_word' id='word_1_270' title='bbox 1096 2438 1254 2489; x_wconf 89' lang='lat' dir='ltr'>potuit,</span> <span class='ocrx_word' id='word_1_271' title='bbox 1292 2441 1337 2475; x_wconf 91' lang='lat' dir='ltr'>ut</span> <span class='ocrx_word' id='word_1_272' title='bbox 1373 2438 1577 2487; x_wconf 86' lang='lat' dir='ltr'>quoniam</span> <span class='ocrx_word' id='word_1_273' title='bbox 1615 2450 1668 2476; x_wconf 93' lang='lat' dir='ltr'>eo</span> <span class='ocrx_word' id='word_1_274' title='bbox 1705 2450 1855 2475; x_wconf 91' lang='lat' dir='ltr'>mense</span> <span class='ocrx_word' id='word_1_275' title='bbox 1891 2438 1961 2475; x_wconf 90' lang='lat' dir='ltr'>uel</span> 
     </span>
     <span class='ocr_line' id='line_1_32' title="bbox 327 2507 1961 2561; baseline 0.001 -15"><span class='ocrx_word' id='word_1_276' title='bbox 327 2507 501 2547; x_wconf 83' lang='lat' dir='ltr'>duobus</span> <span class='ocrx_word' id='word_1_277' title='bbox 522 2509 673 2549; x_wconf 84' lang='lat' dir='ltr'>forsan</span> <span class='ocrx_word' id='word_1_278' title='bbox 697 2511 986 2561; x_wconf 86' lang='lat' dir='ltr'>sequentibus</span> <span class='ocrx_word' id='word_1_279' title='bbox 1008 2509 1243 2548; x_wconf 87' lang='lat' dir='ltr'>admittere</span> <span class='ocrx_word' id='word_1_280' title='bbox 1264 2508 1507 2556; x_wconf 83' lang='lat' dir='ltr'>nollebant‚</span> <span class='ocrx_word' id='word_1_281' title='bbox 1532 2509 1574 2547; x_wconf 91' lang='lat' dir='ltr'>id</span> <span class='ocrx_word' id='word_1_282' title='bbox 1597 2509 1821 2561; x_wconf 88' lang='lat' dir='ltr'>temporis,</span> <span class='ocrx_word' id='word_1_283' title='bbox 1845 2509 1961 2560; x_wconf 89' lang='lat' dir='ltr'>quic—</span> 
     </span>
     <span class='ocr_line' id='line_1_33' title="bbox 323 2579 1961 2633; baseline 0 -15"><span class='ocrx_word' id='word_1_284' title='bbox 323 2579 426 2630; x_wconf 92' lang='lat' dir='ltr'>quid</span> <span class='ocrx_word' id='word_1_285' title='bbox 455 2586 589 2628; x_wconf 88' lang='lat' dir='ltr'>esset,</span> <span class='ocrx_word' id='word_1_286' title='bbox 624 2580 739 2631; x_wconf 90' lang='lat' dir='ltr'>apud</span> <span class='ocrx_word' id='word_1_287' title='bbox 759 2586 970 2633; x_wconf 87' lang='lat' dir='ltr'>parentes</span> <span class='ocrx_word' id='word_1_288' title='bbox 994 2594 1047 2619; x_wconf 85' lang='lat' dir='ltr'>ex</span> <span class='ocrx_word' id='word_1_289' title='bbox 1086 2580 1340 2619; x_wconf 82' lang='lat' dir='ltr'>obedientia</span> <span class='ocrx_word' id='word_1_290' title='bbox 1375 2580 1529 2618; x_wconf 89' lang='lat' dir='ltr'>saltem</span> <span class='ocrx_word' id='word_1_291' title='bbox 1563 2581 1842 2632; x_wconf 85' lang='lat' dir='ltr'>transigeret.</span> <span class='ocrx_word' id='word_1_292' title='bbox 1868 2581 1961 2618; x_wconf 87' lang='lat' dir='ltr'>Hac</span> 
     </span>
     <span class='ocr_line' id='line_1_34' title="bbox 324 2650 1961 2707; baseline -0.001 -17"><span class='ocrx_word' id='word_1_293' title='bbox 324 2652 456 2703; x_wconf 87' lang='lat' dir='ltr'>igitur</span> <span class='ocrx_word' id='word_1_294' title='bbox 478 2652 579 2703; x_wconf 90' lang='lat' dir='ltr'>lege</span> <span class='ocrx_word' id='word_1_295' title='bbox 602 2652 779 2691; x_wconf 91' lang='lat' dir='ltr'>domum</span> <span class='ocrx_word' id='word_1_296' title='bbox 797 2665 1020 2700; x_wconf 91' lang='lat' dir='ltr'>reuersus,</span> <span class='ocrx_word' id='word_1_297' title='bbox 1045 2651 1160 2704; x_wconf 90' lang='lat' dir='ltr'>apud</span> <span class='ocrx_word' id='word_1_298' title='bbox 1180 2657 1330 2703; x_wconf 89' lang='lat' dir='ltr'>patres</span> <span class='ocrx_word' id='word_1_299' title='bbox 1352 2663 1540 2702; x_wconf 89' lang='lat' dir='ltr'>corpore</span> <span class='ocrx_word' id='word_1_300' title='bbox 1559 2650 1861 2707; x_wconf 82' lang='lat' dir='ltr'>quidemagit,</span> <span class='ocrx_word' id='word_1_301' title='bbox 1883 2651 1961 2689; x_wconf 90' lang='lat' dir='ltr'>sed</span> 
     </span>
     <span class='ocr_line' id='line_1_35' title="bbox 326 2721 1961 2775; baseline -0.001 -15"><span class='ocrx_word' id='word_1_302' title='bbox 326 2722 498 2774; x_wconf 85' lang='lat' dir='ltr'>spiritus</span> <span class='ocrx_word' id='word_1_303' title='bbox 517 2729 636 2762; x_wconf 90' lang='lat' dir='ltr'>totus</span> <span class='ocrx_word' id='word_1_304' title='bbox 658 2730 845 2774; x_wconf 87' lang='lat' dir='ltr'>quantus</span> <span class='ocrx_word' id='word_1_305' title='bbox 868 2729 1054 2775; x_wconf 90' lang='lat' dir='ltr'>quantus</span> <span class='ocrx_word' id='word_1_306' title='bbox 1073 2728 1155 2771; x_wconf 90' lang='lat' dir='ltr'>est,</span> <span class='ocrx_word' id='word_1_307' title='bbox 1175 2724 1307 2761; x_wconf 89' lang='lat' dir='ltr'>rebus</span> <span class='ocrx_word' id='word_1_308' title='bbox 1325 2728 1452 2761; x_wconf 87' lang='lat' dir='ltr'>uacat</span> <span class='ocrx_word' id='word_1_309' title='bbox 1474 2721 1750 2773; x_wconf 87' lang='lat' dir='ltr'>spiritalibus,</span> <span class='ocrx_word' id='word_1_310' title='bbox 1771 2727 1816 2760; x_wconf 90' lang='lat' dir='ltr'>ut</span> <span class='ocrx_word' id='word_1_311' title='bbox 1834 2722 1961 2761; x_wconf 84' lang='lat' dir='ltr'>facile</span> 
     </span>
     <span class='ocr_line' id='line_1_36' title="bbox 327 2794 1961 2846; baseline -0.001 -13"><span class='ocrx_word' id='word_1_312' title='bbox 327 2799 393 2834; x_wconf 88' lang='lat' dir='ltr'>est</span> <span class='ocrx_word' id='word_1_313' title='bbox 411 2794 564 2833; x_wconf 89' lang='lat' dir='ltr'>uidere</span> <span class='ocrx_word' id='word_1_314' title='bbox 596 2808 649 2833; x_wconf 82' lang='lat' dir='ltr'>ex</span> <span class='ocrx_word' id='word_1_315' title='bbox 682 2795 774 2834; x_wconf 88' lang='lat' dir='ltr'>eius</span> <span class='ocrx_word' id='word_1_316' title='bbox 807 2795 973 2835; x_wconf 89' lang='lat' dir='ltr'>crebris</span> <span class='ocrx_word' id='word_1_317' title='bbox 1006 2795 1375 2842; x_wconf 77' lang='lat' dir='ltr'>confessionibus3</span> <span class='ocrx_word' id='word_1_318' title='bbox 1406 2794 1621 2846; x_wconf 88' lang='lat' dir='ltr'>siquidem</span> <span class='ocrx_word' id='word_1_319' title='bbox 1653 2799 1696 2833; x_wconf 87' lang='lat' dir='ltr'>et</span> <span class='ocrx_word' id='word_1_320' title='bbox 1732 2794 1961 2833; x_wconf 89' lang='lat' dir='ltr'>dominicis</span> 
     </span>
     <span class='ocr_line' id='line_1_37' title="bbox 326 2865 1959 2918; baseline -0.001 -13"><span class='ocrx_word' id='word_1_321' title='bbox 326 2865 537 2918; x_wconf 88' lang='lat' dir='ltr'>festisque</span> <span class='ocrx_word' id='word_1_322' title='bbox 561 2867 761 2905; x_wconf 90' lang='lat' dir='ltr'>omnibus</span> <span class='ocrx_word' id='word_1_323' title='bbox 782 2867 953 2915; x_wconf 78' lang='lat' dir='ltr'>diebus,</span> <span class='ocrx_word' id='word_1_324' title='bbox 977 2880 1028 2906; x_wconf 91' lang='lat' dir='ltr'>ac</span> <span class='ocrx_word' id='word_1_325' title='bbox 1049 2867 1091 2906; x_wconf 91' lang='lat' dir='ltr'>in</span> <span class='ocrx_word' id='word_1_326' title='bbox 1108 2867 1421 2906; x_wconf 68' lang='lat' dir='ltr'>hebdomadae</span> <span class='ocrx_word' id='word_1_327' title='bbox 1454 2877 1776 2917; x_wconf 88' lang='lat' dir='ltr'>nonnumquam</span> <span class='ocrx_word' id='word_1_328' title='bbox 1798 2865 1959 2904; x_wconf 87' lang='lat' dir='ltr'>nostris</span> 
     </span>
    </p>
   </div>
   <div class='ocr_carea' id='block_1_3' title="bbox 327 3013 1947 3126">
    <p class='ocr_par' dir='ltr' id='par_1_6' title="bbox 327 3013 1947 3126">
     <span class='ocr_line' id='line_1_38' title="bbox 329 3013 1947 3064; baseline -0.002 -12"><span class='ocrx_word' id='word_1_329' title='bbox 329 3054 338 3064; x_wconf 69' lang='lat'><em>„</em></span> <span class='ocrx_word' id='word_1_330' title='bbox 372 3014 668 3052; x_wconf 72' lang='lat' dir='ltr'>afamiliarius.</span> <span class='ocrx_word' id='word_1_331' title='bbox 742 3016 803 3041; x_wconf 76' lang='lat' dir='ltr'>—b</span> <span class='ocrx_word' id='word_1_332' title='bbox 834 3015 924 3063; x_wconf 81' lang='lat' dir='ltr'>Seq.</span> <span class='ocrx_word' id='word_1_333' title='bbox 959 3014 1042 3052; x_wconf 84' lang='lat' dir='ltr'>del.</span> <span class='ocrx_word' id='word_1_334' title='bbox 1075 3016 1143 3063; x_wconf 87' lang='lat' dir='ltr'>qui</span> <span class='ocrx_word' id='word_1_335' title='bbox 1175 3014 1284 3052; x_wconf 87' lang='lat' dir='ltr'>inito.</span> <span class='ocrx_word' id='word_1_336' title='bbox 1358 3022 1420 3040; x_wconf 80' lang='lat' dir='ltr'>-e</span> <span class='ocrx_word' id='word_1_337' title='bbox 1453 3013 1602 3053; x_wconf 55' lang='lat' dir='ltr'>suh-&lt;¹</span> <span class='ocrx_word' id='word_1_338' title='bbox 1637 3013 1728 3061; x_wconf 82' lang='lat' dir='ltr'>Seq.</span> <span class='ocrx_word' id='word_1_339' title='bbox 1762 3013 1846 3051; x_wconf 86' lang='lat' dir='ltr'>del.</span> <span class='ocrx_word' id='word_1_340' title='bbox 1880 3013 1947 3050; x_wconf 87' lang='lat' dir='ltr'>ad.</span> 
     </span>
     <span class='ocr_line' id='line_1_39' title="bbox 327 3074 618 3126; baseline 0.007 -14"><span class='ocrx_word' id='word_1_341' title='bbox 327 3083 392 3105; x_wconf 68' lang='lat'>-0</span> <span class='ocrx_word' id='word_1_342' title='bbox 419 3074 618 3126; x_wconf 68' lang='lat' dir='ltr'>profestis,</span> 
     </span>
    </p>
   </div>
  </div>
 </body>
</html>
