2038 3400
317 239 388 277 558
780 242 1001 281 LITTERAE
1028 242 1384 289 QUADRIMESTRES

270 340 457 381 ticorum
480 344 640 394 scripta
668 344 772 382 nihil
807 345 937 383 etiam
973 344 1027 383 de
1063 346 1149 383 fide
1184 345 1361 397 agentia
1389 359 1445 384 ne
1473 347 1691 398 inspicere
1722 346 1898 399 quidem

271 413 530 453 christianus
560 415 761 466 princeps
793 416 1011 467 dignetur.
1046 417 1242 455 Vidimus
1273 417 1399 456 huius
1430 418 1492 468 rej
1525 431 1612 457 non
1642 420 1702 457 ita
1731 417 1899 470 pridem

269 487 555 525 memorabile
579 488 844 538 exemplum;
880 502 978 527 nam
1000 488 1101 527 dum
1132 489 1315 527 infestus
1337 489 1511 540 quidam
1534 491 1821 529 concionator
1853 490 1900 528 li-

268 556 431 595 bellum
452 570 540 596 non
564 559 739 597 omnino
769 560 928 598 malum
959 561 1140 611 principi
1170 560 1436 608 dedicasset,
1462 567 1507 600 et
1530 561 1806 600 offerendum
1829 575 1900 600 cu-

268 633 424 676 rasset,
450 621 692 668 catholicus
714 629 915 682 princeps
939 632 1083 670 statim
1106 636 1235 682 atque
1258 633 1489 671 authorem
1521 633 1822 685 cognouisset‚
1855 633 1900 671 li-

268 699 431 738 bellum
459 702 721 752 repudiauit3
754 703 977 742 vafriciam
1009 704 1178 743 scilicet
1208 703 1395 743 hominis
1425 705 1719 756 perpendens,
1752 711 1800 743 ut
1829 705 1901 756 qui

268 771 354 810 hoc
384 772 532 811 libello
564 773 617 812 ad
648 775 756 812 alios
783 776 1069 814 nocentiores
1091 776 1322 827 aliquando
1348 776 1603 815 offerendos
1626 778 1740 815 uiam
1763 782 1902 815 strue-

269 848 351 881 ret.
376 844 604 883 Commisit
627 846 787 884 deinde
810 849 1051 886 secretario
1076 854 1121 886 ut
1143 848 1305 886 donum
1327 849 1413 887 hoc
1439 849 1578 887 literis
1609 849 1684 887 tali
1714 849 1900 887 authore

268 913 410 966 dignis
438 924 763 968 compensaret;
786 919 903 970 quod
931 921 1196 958 secretarius
1228 933 1280 958 ea
1310 933 1358 959 se
1389 920 1559 959 ratione
1590 921 1804 959 facturum
1835 933 1900 959 re-

269 987 365 1025 tulit
387 988 528 1036 nobis,
552 994 598 1026 ut
620 990 745 1039 alterj
769 1003 855 1028 non
877 991 1012 1029 libeat
1032 991 1160 1029 facile
1182 1005 1307 1030 suum
1329 992 1474 1030 denuo
1497 992 1737 1043 principem
1762 992 1900 1030 hono-

268 1070 364 1097 rare
396 1059 566 1098 libellis.
606 1062 845 1101 Praetereo
881 1075 964 1112 qua
999 1063 1239 1101 seueritate
1274 1076 1412 1114 nuper
1446 1063 1488 1101 in
1522 1064 1899 1115 gymnasiarcham

267 1130 394 1168 huius
416 1131 549 1179 urbis,
572 1133 701 1183 paulo
723 1138 823 1184 post
845 1139 1042 1172 nostrum
1064 1134 1319 1182 aduentum,
1344 1148 1447 1173 usus
1469 1134 1539 1182 sit3
1562 1135 1635 1185 qui
1665 1134 1766 1172 dum
1798 1146 1900 1173 exe—

268 1200 465 1253 quiarum
505 1204 836 1243 ecclesiasticos
875 1205 982 1243 ritus
1018 1209 1343 1253 contemneret,
1388 1218 1553 1256 eosque
1588 1205 1631 1243 in
1666 1205 1900 1244 defunctae

268 1273 417 1311 uxoris
440 1275 664 1325 sepultura
684 1274 882 1313 adhiberi
907 1277 1061 1324 nollet,
1085 1282 1173 1315 tam
1193 1290 1375 1328 grauem
1397 1276 1602 1328 principis
1630 1276 1810 1316 incurrit
1839 1277 1899 1315 in-

267 1344 583 1396 dignationem,
609 1351 655 1384 ut
688 1348 804 1385 nulla
839 1349 1025 1396 ratione,
1062 1361 1117 1387 ne
1153 1349 1436 1400 magistratus
1467 1348 1659 1399 quidem,
1696 1347 1899 1399 adeoque

265 1417 384 1467 psius
423 1418 643 1456 illustriss.
678 1419 881 1470 principis
912 1419 1060 1458 matris
1099 1420 1438 1468 intercessione,
1475 1421 1518 1458 in
1545 1421 1731 1472 gratiam
1753 1420 1898 1459 redire

265 1489 475 1539 potuerit3
498 1489 577 1527 sed
599 1490 710 1527 intra
731 1489 919 1528 triduum
943 1504 1027 1529 una
1049 1504 1147 1530 cum
1170 1491 1388 1530 cadauere
1416 1497 1510 1530 tota
1537 1492 1742 1542 principis
1773 1490 1898 1530 ditio-

265 1572 320 1598 ne
343 1560 565 1599 excedere
587 1561 642 1599 sit
664 1568 861 1601 coactus.
895 1563 1138 1602 Confirmet
1168 1564 1254 1603 hoc
1284 1564 1448 1612 DEVS,
1482 1564 1600 1615 quod
1630 1565 1672 1602 in
1703 1577 1782 1602 suo
1813 1564 1899 1602 hoc

266 1645 396 1671 seruo
418 1638 505 1671 tarn
526 1634 717 1685 benigne
740 1636 912 1685 operari
933 1635 1138 1687 dignatus
1161 1641 1242 1675 est.
1269 1637 1432 1686 Quanti
1453 1649 1532 1675 nos
1555 1635 1602 1675 S.
1629 1636 1676 1676 C.
1701 1644 1720 1662 ἃ
1750 1636 1896 1683 faciat,

265 1717 412 1755 quoue
433 1706 532 1744 loco
555 1706 732 1754 habeat,
758 1719 812 1744 ex
834 1707 1070 1759 praedictis
1092 1708 1286 1759 apertius
1310 1721 1410 1747 esse
1430 1713 1554 1759 puto,
1586 1722 1714 1760 quam
1736 1713 1782 1747 ut
1802 1721 1897 1759 par-

266 1776 476 1815 ticulatim
499 1777 704 1826 ceruina,
730 1779 901 1830 aprina
923 1782 962 1820 et
978 1780 1236 1831 pisculenta
1257 1781 1277 1806 b
1307 1781 1502 1829 donaria,
1535 1781 1691 1832 quibus
1714 1781 1898 1819 subinde

265 1848 499 1898 gratificari
522 1855 540 1874 ‘²
569 1849 696 1888 nobis
731 1851 860 1898 solet,
897 1852 1109 1902 prolixius
1143 1852 1215 1891 hic
1237 1865 1586 1892 commemorare
1609 1852 1663 1891 sit
1693 1864 1895 1892 necesse.

265 1919 361 1959 Nec
381 1921 521 1959 minor
542 1933 647 1960 sane
671 1928 738 1961 est
759 1927 849 1961 tum
871 1923 1135 1963 illustriss.ae
1159 1924 1362 1963 ducissae
1385 1930 1411 1973 ¹,
1449 1930 1540 1963 turn
1561 1923 1896 1975 praecipuorum

264 1992 470 2044 principis
506 1993 851 2033 consiliariorum
882 1995 924 2033 in
955 2009 1036 2034 nos
1066 1996 1191 2035 fauor
1224 2002 1268 2035 et
1297 1997 1629 2044 beneuoIenfia,
1663 1996 1764 2035 dum
1800 2009 1899 2034 suas

265 2064 410 2114 cunctj
442 2065 569 2103 nobis
603 2065 927 2116 promptissime
964 2079 1120 2118 operas
1158 2068 1365 2116 offerunt,
1399 2073 1444 2106 et
1473 2067 1791 2115 liberalissime,
1825 2068 1898 2106 ubi

264 2148 334 2174 res
355 2136 415 2174 ita
435 2136 536 2184 fert,
560 2136 830 2187 impendunt.
856 2138 1011 2188 Neque
1043 2138 1242 2181 dubitant
1274 2139 1395 2189 multj
1430 2152 1485 2177 ex
1516 2139 1600 2177 illis
1630 2151 1734 2177 suos
1766 2139 1896 2177 etiarn

263 2206 390 2245 nobis
412 2207 663 2246 concedere
685 2208 795 2246 filios
814 2208 1121 2248 instituendos.
1149 2211 1247 2260 Quo
1272 2224 1375 2249 sane
1397 2211 1460 2258 fit,
1492 2215 1537 2249 ut
1567 2223 1655 2249 non
1686 2210 1739 2248 ad
1769 2210 1896 2248 huius

262 2283 429 2316 tantum
453 2279 641 2317 ciuitatis
663 2281 918 2331 municipes,
937 2281 1016 2319 sed
1038 2281 1091 2319 ad
1113 2282 1354 2321 remotiora
1376 2283 1507 2322 etiam
1529 2283 1628 2321 loca
1648 2283 1790 2320 bonus
1808 2295 1896 2320 ser-

264 2362 419 2388 uorum
440 2350 536 2400 Xpi.
562 2351 671 2389 odor
688 2350 847 2401 passim
868 2354 1129 2402 peruaserit.
1150 2353 1386 2392 Testantur
1408 2355 1494 2392 hoc
1517 2353 1673 2392 R.⁸⁵i¹¹¹j
1698 2354 1896 2392 Salzbur-

263 2422 413 2472 gensis
435 2425 447 2444 ²
470 2427 513 2459 et
535 2423 816 2473 magistratus
840 2423 1107 2473 Lanzhutanj
1132 2426 1173 2462 in
1203 2425 1476 2475 postulandis
1509 2425 1710 2477 collegijs
1738 2425 1895 2471 studia,

264 2506 376 2544 quae
397 2507 485 2532 non
506 2494 680 2532 aliunde
703 2507 829 2545 quam
853 2507 907 2532 ex
930 2496 1055 2534 bonis
1086 2497 1213 2534 huius
1236 2498 1412 2548 collegij
1443 2497 1576 2546 initijs
1606 2497 1807 2548 profecta
1837 2497 1896 2534 ui-

267 2565 440 2604 dentur.
465 2565 553 2604 Sed
576 2566 628 2605 de
652 2566 717 2603 his
740 2579 819 2605 suo
842 2572 1041 2618 tempore
1064 2569 1201 2618 plura.

319 2649 356 2687 7.
417 2639 483 2677 De
504 2638 630 2677 nobis
652 2639 738 2676 hoc
766 2638 926 2676 habeat
958 2640 1058 2678 R.tia
1090 2640 1139 2678 T.
1173 2641 1254 2690 Dej
1292 2641 1432 2679 aratia
1460 2640 1526 2680 sic
1545 2640 1660 2679 satis
1682 2641 1893 2678 ualemus.

1291 2674 1317 2692 δ

310 2793 330 2813 a
380 2793 443 2831 hie
464 2792 735 2840 princeps.—b
758 2790 856 2828 eius.
910 2801 973 2819 —0
1005 2793 1182 2832 Videtur
1201 2795 1370 2832 emend.
1392 2795 1446 2832 ab
1466 2791 1711 2833 auctore‘ex
1741 2794 1896 2841 gratifi-

265 2858 379 2891 catus
399 2861 471 2891 est.

319 3005 326 3024 ¹
379 3003 519 3050 Anna,
539 3003 787 3041 Ferdinandi
806 3005 1060 3051 imperatoris
1079 3005 1176 3043 filia.

313 3064 326 3084 ²
376 3063 557 3102 Michael
575 3076 598 3101 a
616 3062 863 3110 Kuenburg.
