2038 3400
371 260 441 300 308
847 260 1067 299 LITTERAE
1094 261 1450 307 QUADRIMESTRES

326 369 578 415 sequantur,
604 363 813 414 expedire
835 364 972 414 magis
1003 363 1242 402 videretur.
1276 363 1454 402 Interim
1484 376 1532 402 se
1562 364 1649 403 hoc
1680 376 1766 402 vno
1798 374 1953 401 conso-

322 437 479 483 lantur,
503 435 620 486 quod
641 435 798 473 litteris
822 447 875 472 ex
900 435 1154 473 obedientia
1174 436 1440 474 incumbant.
1462 435 1576 485 Quin
1596 436 1726 473 etiam
1743 447 1798 472 ne
1820 435 1873 472 ab
1894 432 1953 471 in-

323 508 477 546 stituto
500 507 753 553 deflectant,
779 511 878 544 sunt
899 507 971 556 qui
991 519 1039 545 se
1062 512 1107 545 et
1128 507 1352 557 religionis
1374 512 1552 545 nostrae
1576 512 1621 544 et
1643 505 1857 545 castitatis
1878 517 1953 542 vo-

323 586 368 618 to
405 579 651 630 alligarunt.
689 578 772 627 Alij
795 578 814 596 ’ὦ
833 578 916 616 alia
945 578 1109 617 adeunt
1144 578 1425 625 monasteria,
1459 578 1529 628 alij
1561 579 1603 616 in
1639 576 1847 627 hospicia
1866 576 1886 601 b
1907 588 1954 613 se

323 651 555 690 conferunt
576 650 841 701 pauperibus
863 650 1161 689 ministraturi.
1186 650 1280 688 Sint
1307 650 1475 701 gratiae
1496 650 1765 688 immortales
1788 649 1898 686 Deo.

375 735 412 773 7.
474 721 606 761 Hisce
643 722 798 760 diebus
833 722 990 772 quibus
1024 724 1075 760 ab
1111 722 1266 771 studijs
1296 722 1516 770 feriamur,
1544 727 1596 760 -vt
1627 722 1769 760 acrius
1797 725 1841 759 et
1871 721 1955 759 ala-

322 796 436 834 crius
458 795 683 833 auditores
712 795 855 833 studia
884 800 1087 846 repetant
1118 796 1395 846 (quamquam
1426 807 1510 833 nec
1538 807 1653 833 nunc
1679 793 1854 845 quidem
1884 793 1955 830 ab·

321 872 420 905 sunt
441 867 494 905 ab
517 866 701 916 schola),
727 872 771 904 et
792 867 1005 905 lectorum
1029 866 1156 904 animi
1179 866 1233 904 ad
1254 866 1451 905 laborem
1478 865 1731 905 reficiantur
1753 878 1804 904 ac
1833 876 1955 915 repa-

320 942 485 985 rentur,
520 937 676 976 crebro
699 938 944 976 inuisuntur
977 937 1182 988 hospicia
1203 945 1234 985 0,
1261 944 1304 976 et
1334 939 1421 976 hoc
1442 936 1560 989 quod
1595 937 1720 976 datur
1752 936 1828 986 otij
1852 935 1886 983 d,
1911 936 1955 973 li-

320 1011 476 1048 benter
498 1009 727 1048 insumitur
757 1009 799 1047 in
831 1008 1124 1061 spiritualibus
1161 1009 1401 1059 exercitijs,
1439 1022 1590 1048 amore
1625 1009 1720 1058 alijs
1754 1008 1796 1046 in
1831 1008 1954 1055 alios,

320 1093 423 1120 cura
439 1081 675 1131 studioque
694 1080 958 1120 obseruandi
974 1082 1161 1120 instituti
1173 1082 1516 1120 decertantibus.
1532 1082 1673 1132 Quam
1690 1093 1782 1119 rem
1798 1093 1955 1132 proue-

320 1155 426 1192 here
449 1152 653 1205 dignetur
670 1153 704 1191 is
727 1161 744 1179 e
774 1152 895 1192 cuius
929 1153 1135 1204 auspicijs
1169 1154 1410 1205 benigniss.
1430 1153 1527 1192 fieri
1549 1158 1708 1204 coepta
1730 1158 1811 1191 est.
1836 1153 1955 1191 Tuae

320 1239 415 1273 nOS,
442 1227 588 1273 Pater,
609 1225 841 1277 gaudium
868 1227 1080 1264 nosfrum
1100 1227 1140 1264 et
1162 1238 1335 1264 corona
1361 1227 1608 1265 secundum
1633 1224 1882 1272 Christum,
1906 1237 1957 1262 ac

318 1303 570 1336 nostrorum
593 1298 769 1335 Patrum
791 1310 842 1335 ac
862 1297 1043 1336 fratrum
1064 1309 1221 1348 preces
1243 1296 1445 1336 assiduae
1469 1296 1665 1336 efficient
1685 1300 1732 1335 vt
1759 1296 1771 1321 f
1805 1308 1957 1336 omnes

319 1369 360 1407 in
380 1367 528 1407 officio
557 1369 690 1407 simus
712 1381 886 1419 semper
906 1374 964 1416 et,
991 1368 1109 1407 obita
1131 1368 1296 1417 militia,
1322 1382 1419 1408 cum
1443 1368 1616 1408 Christo
1638 1381 1891 1420 regnemus,
1915 1368 1956 1406 in

319 1453 404 1491 quo
428 1446 472 1478 te
500 1440 576 1490 filij
600 1440 663 1478 tui
693 1453 846 1479 omnes
876 1453 1089 1492 prospere
1120 1441 1271 1479 valere
1304 1445 1504 1491 optamus
1535 1453 1664 1492 quam
1695 1438 1953 1478 diutissime.

321 1512 382 1549 Ex
419 1512 609 1563 collegio
632 1511 717 1550 isto
740 1511 978 1550 Societatis
994 1513 1030 1562 J.
1056 1511 1347 1550 cordubensis
1382 1511 1522 1563 pridie
1558 1512 1698 1550 calen.
1723 1510 1950 1562 Septemb.

318 1595 431 1621 anno
459 1591 574 1632 1559.

400 1655 464 1692 Ex
493 1654 759 1693 comissione
782 1655 828 1693 P.
850 1654 1024 1693 Zarate.

404 1728 448 1765 P.
473 1727 523 1766 T.
546 1725 773 1777 indigniss.
796 1727 911 1765 filius
932 1727 975 1765 in
992 1726 1198 1774 Domino,

1498 1783 1526 1831 †
1557 1780 1760 1818 AZEUEDo
1793 1786 1817 1817 ¹.

400 1888 567 1926 Patres:
605 1889 652 1926 P.
690 1887 862 1935 Zarate,
901 1889 948 1926 Ρ.
981 1889 1104 1938 Jaen,
1143 1889 1189 1926 P.
1230 1889 1358 1935 Paez,
1398 1889 1444 1926 P.
1484 1889 1681 1934 Camara,
1723 1888 1768 1925 P.
1803 1886 1951 1933 Galar,

320 1960 366 1998 P.
390 1959 620 2008 Azeued0‚
646 1960 693 1998 P.
724 1961 937 2011 Vergara.

398 2032 589 2070 Fratres:
633 2033 684 2069 F.
722 2032 914 2081 Joannes
953 2030 1201 2078 (internus,
1243 2031 1290 2069 F.
1334 2030 1672 2076 Brachamonte‚
1715 2030 1767 2068 F.
1810 2029 1952 2076 Tello,

317 2103 363 2141 F.
406 2103 621 2149 Cauallar,
667 2104 710 2142 F.
753 2103 965 2150 Ramirez,
1008 2104 1054 2142 F.
1098 2104 1245 2150 Parra,
1288 2103 1334 2141 F.
1377 2102 1587 2149 Saelizes,
1628 2102 1674 2140 F.
1718 2101 1951 2153 Figueroa,

319 2176 363 2213 F.
390 2177 480 2213 ΡΨ
510 2175 694 2223 Nunius,
719 2177 765 2214 F.
780 2176 986 2226 JacobuS,
1006 2176 1052 2214 F.
1072 2177 1279 2226 Joannes,
1297 2176 1343 2213 F.
1368 2174 1651 2221 Valencuela,
1674 2175 1719 2212 F.
1737 2174 1951 2219 Fonseca,

322 2247 363 2284 F.
389 2247 618 2298 Iosephus,
642 2248 689 2285 F.
713 2247 898 2298 Gaspar,
923 2248 969 2286 F.
990 2247 1351 2297 Christophorus,
1375 2247 1421 2285 F.
1444 2247 1656 2296 Baptista.

399 2317 592 2357 Polancz'
612 2330 767 2356 manu.
793 2318 1049 2357 Emendata.

399 2389 701 2429 Desideratum
728 2389 988 2441 inscriptio.

363 2550 381 2568 ‘¹
439 2549 619 2587 Emend.
642 2561 692 2587 ex
711 2550 805 2586 alia.
861 2552 924 2575 —b
947 2550 1210 2587 xenodochia.
1265 2556 1326 2574 ——C
1353 2548 1602 2584 xenodochia
1623 2547 1862 2583 huiusmodi.

365 2610 383 2634 (¹
437 2608 621 2645 Emend.
640 2621 690 2646 ex
709 2610 834 2647 otius?
886 2618 950 2635 „ce
973 2611 1004 2646 is
1024 2614 1161 2654 supra
1181 2619 1373 2646 versmn.
1430 2608 1488 2632 -f
1510 2620 1594 2643 nos.

366 2768 372 2785 '
428 2764 492 2801 De
512 2764 710 2810 epistolae
730 2770 908 2808 auctore,
929 2764 978 2800 cf.
1005 2764 1103 2801 Lz’tt.
1122 2762 1356 2810 Quadrid.‚
1380 2763 1424 2806 V,
1444 2762 1526 2804 471,
1548 2766 1684 2798 annot.
1708 2761 1740 2797 1.
