2038 3400
612 180 946 218 259.-MESSANA
977 181 998 213 13
1026 178 1130 225 MAJJ
1166 178 1250 212 1559
1633 175 1695 210 18Γ)

128 289 198 325 uix
220 288 333 325 bene
364 286 659 331 illucesceret,
693 295 845 321 omnes
875 280 1025 331 templi
1055 279 1191 318 nostri
1221 279 1350 315 rimas
1380 277 1438 314 ita
1469 277 1667 317 rem-tas,
1700 281 1743 311 ut·

127 359 200 410 qui
233 359 338 396 foris
373 361 554 403 starent,
589 368 739 393 currus
769 353 942 404 publico
973 351 1156 389 transitu
1187 348 1486 400 prohiberent.
1522 350 1645 396 Quae
1678 359 1746 382 res

130 430 293 476 effecit,
315 434 359 466 ut
377 428 431 466 de
449 426 652 477 augendo
669 425 833 475 templo
852 429 1041 461 tractare
1059 421 1287 471 coeperint
1307 417 1515 457 nonnulli.
1536 417 1581 454 Id
1603 422 1744 454 nutem

130 499 484 538 commodissime
505 496 600 536 fieri
616 509 748 547 posse
767 494 905 534 uisum
929 499 1010 540 est,
1030 494 1065 530 si
1082 491 1252 538 domus,
1272 503 1384 541 quae
1405 489 1568 540 templo
1592 488 1747 526 adhae-

130 577 211 618 ret,
237 575 474 609 emeretur:
497 581 609 620 quae
632 580 719 606 non
748 572 815 605 est
844 566 904 604 ita
934 564 1079 615 magni
1107 563 1260 614 precij.
1293 563 1384 600 Imo
1415 560 1497 599 iam
1528 558 1749 610 plaelique

131 655 309 693 operam
331 654 450 679 suam
473 640 741 685 obtulerunt,
774 637 845 676 hic
872 637 964 683 XX,
1003 636 1074 674 ille
1104 636 1236 681 XXX,
1269 634 1338 682 alij
1377 633 1506 670 etiam
1537 632 1683 681 plures
1705 642 1751 667 se

131 714 314 752 ducatos
344 713 386 750 in
416 724 508 750 rem
539 717 626 748 tam
656 710 769 761 piam
801 708 967 747 lubenti
998 707 1141 745 animo
1173 706 1410 744 collaturos
1440 702 1635 754 polliciti.
1660 701 1754 738 Nec

133 784 290 822 desunt
320 783 430 821 fabri
452 780 757 829 coementarij,
782 780 998 829 abietarij,
1021 778 1180 829 alijque
1202 776 1520 823 huiuscemodi,
1545 775 1617 825 qui
1637 774 1753 812 nullo

135 854 303 894 diurno
341 852 560 904 stipendio
595 863 745 890 manus
776 849 1012 889 adiutrices
1043 849 1126 887 sint
1161 848 1344 887 allaturi.
1381 847 1520 894 Adeo,
1553 851 1599 884 ut
1634 849 1755 883 certo

136 923 398 977 sperandum
433 924 560 962 nobis
595 923 665 969 sit,
703 935 795 960 rem
831 932 1131 960 successuram
1172 932 1227 957 ex
1261 919 1391 957 animi
1425 917 1658 956 sententia.
1696 917 1759 954 Ita

138 997 252 1035 enirn
286 1008 385 1034 sese
422 1006 700 1045 comparasse
732 993 934 1031 uidentur
968 993 1041 1039 illi,
1079 991 1151 1042 qui
1184 996 1377 1029 nostram
1410 989 1641 1028 ecclesiam
1678 988 1758 1026 fre-

136 1071 362 1118 quentant,
387 1071 433 1103 ut
455 1064 660 1116 quicquid
682 1064 818 1102 semel
839 1064 1114 1114 arripuerint,
1133 1060 1448 1112 indefatigabili
1465 1059 1691 1111 diligentia
1707 1059 1760 1096 ad

138 1138 267 1176 finem
291 1149 427 1188 usque
449 1139 785 1186 prosequantur,
809 1134 935 1172 nullis
956 1146 1100 1184 neque
1128 1133 1370 1184 sumptibus
1390 1144 1534 1182 neque
1557 1131 1761 1182 expensis

139 1213 385 1260 parcentes,
410 1206 647 1246 dummodo
672 1206 789 1257 quod
812 1205 1005 1253 student,
1032 1205 1240 1244 effectum
1262 1204 1448 1243 reddant
1469 1204 1562 1242 sibi.

194 1291 231 1318 2.
290 1280 406 1318 Ante
427 1278 539 1317 duos
560 1290 734 1316 menses
766 1276 990 1328 coepimus
1021 1283 1198 1316 cantare
1228 1277 1271 1316 in
1302 1278 1464 1329 templo
1496 1274 1646 1314 laudes
1668 1287 1762 1313 ues-

141 1352 332 1403 pertinas
355 1357 399 1388 et
421 1362 635 1388 summum
666 1361 851 1396 sacrum,
890 1362 967 1388 seu
990 1356 1035 1388 ut
1057 1349 1204 1388 uerius
1225 1348 1381 1396 dicam,
1405 1350 1556 1399 legere
1580 1346 1764 1385 clariore

147 1435 273 1470 uoce3
296 1435 408 1473 quae
429 1435 501 1460 res
522 1434 609 1459 non
639 1433 790 1472 parum
821 1423 981 1461 multos
1012 1422 1206 1461 attraxit.
1239 1421 1365 1460 Adeo
1401 1426 1448 1459 ut
1482 1421 1764 1471 plaerumque

143 1495 288 1545 plures
320 1493 434 1545 apud
463 1506 544 1531 nos
575 1492 833 1542 conspicere
863 1493 1009 1541 liceat,
1033 1506 1160 1544 quam
1190 1493 1232 1531 in
1254 1505 1421 1530 summo
1444 1491 1626 1541 templo;
1649 1489 1765 1539 quod

145 1570 343 1604 asserant
373 1566 539 1604 nonulli
568 1565 774 1605 blandum
804 1564 921 1604 illum
952 1566 1217 1604 musicorum
1249 1569 1512 1603 concentum
1543 1562 1767 1601 instabiles

145 1637 367 1676 hominum
388 1638 555 1676 animos
576 1651 601 1676 a
621 1638 767 1676 diuina
788 1638 1160 1688 contemplatione
1181 1649 1232 1675 ac
1254 1637 1453 1675 oratione
1474 1647 1678 1674 auocare.
1698 1634 1768 1671 Al-

146 1714 242 1748 tera
262 1709 373 1746 ratio
396 1708 465 1755 sit,
489 1709 607 1759 quod
630 1722 756 1747 mane
779 1709 1004 1747 concionis
1024 1709 1165 1760 gratia
1186 1721 1354 1746 summo
1378 1720 1519 1754 sacro,
1543 1719 1567 1745 a
1587 1704 1768 1756 prandio

148 1779 376 1819 doctrinae
398 1780 660 1819 christianae
681 1779 854 1827 intuitu,
879 1793 990 1830 quae
1018 1780 1147 1830 paulo
1175 1784 1277 1817 ante
1299 1791 1508 1829 uesperas
1532 1778 1618 1828 legi
1639 1777 1768 1821 solet,

148 1851 345 1902 uesperis
365 1852 582 1890 interesse
603 1851 842 1903 gaudeant3
865 1852 1021 1903 quibus
1043 1851 1188 1897 finitis,
1215 1863 1366 1889 omnes
1396 1863 1443 1888 se
1475 1849 1529 1888 ad
1550 1849 1769 1888 basilicam

149 1922 278 1960 diuae
314 1921 501 1973 Virginis
536 1923 785 1969 conferunt,
823 1923 1061 1961 lectionem
1098 1923 1219 1960 Pauli
1252 1922 1306 1960 ad
1341 1920 1608 1967 Corinthios,
1646 1934 1772 1971 quam

153 1995 196 2032 P.
222 1994 516 2043 Hieronymus
539 1998 547 2017 ¹
571 2006 729 2045 magno
750 1994 900 2045 populi
922 2006 1138 2032 concursu
1159 1993 1314 2031 diebus
1335 1992 1459 2030 festis
1482 1998 1526 2030 et
1547 1991 1774 2030 dominicis

148 2065 475 2115 interpretatur,
501 2064 744 2115 excepturi.
770 2066 835 2105 De
863 2065 1063 2104 doctrina
1093 2064 1327 2103 christiana
1357 2063 1459 2114 quid
1490 2064 1629 2102 dicam
1660 2064 1774 2102 aliud

151 2149 238 2174 non
267 2136 426 2182 habeo,
463 2136 545 2174 nisi
583 2136 698 2186 quod
733 2149 757 2174 a
791 2136 920 2174 solita
948 2141 1198 2174 nostrorum
1229 2136 1457 2186 diligentia
1490 2134 1592 2173 nihil
1625 2134 1777 2174 deces-

153 2207 274 2255 serit;
295 2208 315 2226 a
345 2212 388 2245 et
422 2207 482 2244 ita
516 2206 659 2255 duret,
697 2212 742 2245 ut
777 2220 951 2258 sperem
981 2207 1231 2245 duraturam
1252 2212 1484 2258 perpetuo.
1508 2207 1613 2245 Non
1633 2220 1681 2246 eo
1714 2207 1777 2245 in-

154 2278 283 2327 ficias
309 2277 419 2328 quin
449 2290 667 2317 numerus
695 2292 744 2318 eo
776 2279 1141 2318 conuenientium
1169 2277 1304 2317 solito
1333 2277 1393 2316 sit
1422 2277 1774 2329 infrequentior.

164 2350 325 2388 Verum
348 2349 463 2388 illud
483 2348 658 2388 mirari
683 2349 865 2397 desinet,
897 2349 1102 2400 quisquis
1131 2362 1280 2389 secum
1305 2351 1545 2399 perpendet
1575 2348 1779 2388 ciuitatis

158 2420 292 2459 huius
313 2419 546 2459 saniorem
562 2423 744 2470 partem
760 2421 1019 2460 nutriendis
1036 2420 1317 2471 bombycibus
1333 2420 1565 2471 occupari,
1589 2423 1634 2459 nt
1653 2421 1780 2459 nullo

159 2491 297 2530 totius
318 2490 431 2530 anni
451 2493 648 2542 tempore
668 2491 877 2531 rariores
899 2493 972 2532 hic
993 2493 1114 2532 ciues
1144 2504 1324 2531 cernere
1353 2491 1427 2538 sit,
1461 2505 1598 2542 qnam
1626 2492 1783 2531 statim

163 2563 368 2602 reuoluto
380 2563 614 2612 paschate.
641 2563 772 2614 Quod
795 2565 925 2602 etiam
947 2565 989 2602 in
1009 2563 1259 2610 iuuenibus,
1285 2569 1329 2601 et
1351 2563 1538 2601 maxime
1561 2564 1784 2602 scholasti-

162 2634 225 2673 cis
245 2635 279 2679 b,
303 2646 390 2671 non
412 2634 527 2672 solet
550 2646 647 2673 esse
668 2635 937 2686 infrequens3
960 2635 1073 2674 adeo
1104 2640 1151 2673 ut
1179 2640 1355 2686 praeter
1386 2634 1560 2672 solitum
1589 2635 1784 2685 contige-

210 2796 229 2815 a
280 2794 464 2832 Emend.
486 2804 537 2830 ex
554 2790 795 2828 decreuerit,
855 2810 873 2812 -
896 2789 915 2813 b
937 2787 1036 2824 Alia
1060 2797 1222 2823 manus
1241 2788 1304 2822 ita
1325 2785 1513 2821 mutavit
1533 2780 1649 2826 Quod
1670 2779 1707 2813 in
1740 2789 1787 2812 ea

164 2853 365 2892 audienda
384 2864 577 2889 numerus
595 2852 789 2888 iuuenum
806 2854 845 2885 et
866 2847 1038 2883 maxime
1058 2845 1407 2882 scholasticorum.

218 3007 223 3025 ¹
280 3004 323 3042 P.
348 3003 622 3051 Hieronymus
643 2999 794 3037 Otello.
