2038 3400
365 238 434 276 442
835 237 1055 275 LITTERAE
1093 239 1452 286 QUADRIMESTRES

318 346 456 386 tuant,
477 349 562 380 etc.
582 342 816 392 Speramus
834 340 949 378 hunc
963 342 1171 392 optimum
1189 342 1426 392 principem
1445 354 1469 378 a
1486 343 1530 379 P.
1550 341 1598 378 T.
1619 340 1949 391 impetraturum

317 413 434 463 quod
458 428 511 452 ex
546 415 708 464 optimo
733 416 828 452 zelo
852 415 904 452 ab
942 413 1094 452 eadem
1129 420 1195 451 est
1217 413 1473 463 propediem
1504 415 1816 463 postulaturus.
1847 415 1949 452 Pro-

316 485 397 523 bos
434 487 771 524 concionatores
808 487 1028 524 existimat
1064 486 1144 533 (uti
1181 485 1452 523 verissimum
1491 488 1575 534 est)
1612 486 1737 523 saluti
1774 499 1949 524 suorum

316 558 573 608 populorum
612 571 708 595 cum
744 558 892 607 primis
934 571 1030 596 esse
1072 556 1363 594 necessarios.
1403 557 1586 607 Cogitur
1626 557 1717 607 ipse
1755 557 1867 595 sicut
1906 564 1950 594 et

317 630 485 667 coeteri
518 630 741 680 vtriusque
767 635 909 667 status
940 629 1245 667 moderatores
1268 629 1457 666 tolerare
1486 629 1526 666 in
1559 628 1778 666 cathedris
1810 629 1949 666 eccle-

316 701 473 738 siarum
497 707 727 752 corruptae
749 700 852 739 fidei
870 706 1262 751 corruptorumque
1282 712 1449 737 morum
1468 701 1820 747 concionatores,
1840 713 1950 750 quos

317 772 351 810 si
386 772 593 823 depellas,
633 774 807 824 cogeris
843 773 896 810 ab
931 772 1145 811 indomito
1180 772 1343 822 populo
1379 771 1487 809 alios
1522 784 1624 808 mox
1666 771 1947 817 substituere,

316 844 407 881 siue
431 844 571 881 bonos
593 845 684 882 siue
711 845 863 882 malos.
890 845 1074 883 Bauaria
1096 849 1241 881 tamen
1265 844 1305 880 in
1327 844 1412 881 hoc
1433 843 1577 880 multis
1600 842 1694 891 alijs
1714 843 1950 893 prouinciis

316 921 383 954 est
417 915 633 962 foelicior,
667 916 785 966 quod
817 929 1027 966 nusquam
1066 915 1269 953 catholici
1306 914 1558 962 reijciantur
1595 914 1947 961 concionatores,

314 991 385 1039 qui
408 991 441 1028 si
463 990 649 1028 fecerint
672 988 1044 1040 quemadmodum
1061 989 1303 1033 docuerint,
1327 1002 1583 1040 magnorum
1607 990 1737 1027 etiam
1761 1002 1949 1040 euange-

314 1061 507 1099 listarum
530 1062 628 1099 loco
651 1060 841 1099 habendi
865 1067 964 1099 sunt
986 1061 1033 1099 in
1069 1062 1152 1100 lzoc
1174 1074 1319 1112 regno
1343 1062 1588 1100 coelormn.
1614 1062 1667 1099 Et
1698 1061 1851 1099 mirum
1883 1067 1949 1099 est

315 1146 416 1170 sane
440 1139 618 1183 gentem
650 1138 716 1171 tot
740 1132 880 1170 modis
911 1133 1191 1171 sacerdotum
1215 1138 1258 1171 et
1290 1134 1604 1171 monachorum
1634 1133 1831 1183 improba
1862 1133 1949 1170 vita

311 1202 681 1242 scandalizatam
703 1211 721 1228 a
752 1205 812 1241 ita
843 1205 1087 1243 catholicae
1121 1205 1336 1243 ecclesiae
1369 1205 1579 1254 pietatem
1609 1204 1650 1241 in
1687 1204 1950 1252 ceremoniis

314 1280 359 1313 et
381 1276 499 1313 cultu
521 1275 668 1313 diuino
692 1276 900 1314 retinere.
926 1276 1025 1313 Non
1057 1276 1147 1314 sine
1172 1277 1434 1326 optimorum
1456 1276 1697 1326 principum
1724 1276 1804 1325 (uti
1832 1276 1950 1325 reor)

314 1354 358 1385 et
381 1349 580 1386 uiuorum
603 1353 647 1386 et
680 1353 952 1386 mortuorum
975 1349 1047 1398 qui
1079 1361 1173 1386 eam
1202 1362 1360 1387 rexere
1392 1349 1566 1395 merito,
1590 1349 1662 1399 qui
1694 1361 1823 1399 super
1854 1361 1949 1399 gre-

313 1432 412 1470 gem
436 1433 558 1457 suum
591 1419 844 1470 diligentius
876 1420 1070 1457 coeteris
1103 1420 1351 1470 vigilarunt,
1376 1419 1491 1457 istud
1528 1420 1691 1458 euenit.
1717 1420 1770 1456 Et
1802 1425 1847 1457 ut
1878 1420 1949 1457 ali-

312 1491 414 1542 quid
437 1492 688 1542 expressius
711 1492 752 1529 in
776 1491 1154 1530 confirmationem
1177 1492 1303 1529 huius
1326 1492 1389 1529 rei
1410 1491 1658 1529 adferamus
1679 1492 1720 1529 in
1742 1491 1947 1534 medium,

314 1564 460 1614 coepit
484 1564 591 1612 Mgr.
613 1564 824 1601 Martinus
847 1563 1168 1602 Steuordianus
1198 1568 1350 1601 noster
1367 1564 1503 1613 prima
1537 1563 1756 1601 dominica
1790 1563 1949 1601 aduen-

312 1640 382 1672 tus
403 1635 445 1672 in
467 1635 552 1672 hoc
592 1636 756 1685 templo
794 1635 1200 1685 augustinianorum
1241 1635 1493 1672 concionari
1515 1635 1555 1672 in
1579 1640 1699 1672 tanta
1728 1635 1949 1672 hominum

312 1706 573 1756 frequentia,
599 1712 644 1743 ut
668 1707 876 1756 templum
899 1706 971 1744 vix
1004 1706 1229 1744 auditores
1266 1711 1461 1756 caperet,
1486 1712 1530 1744 et
1551 1719 1606 1744 ne
1628 1706 1723 1756 quis
1745 1711 1870 1756 putet
1895 1706 1949 1743 01)

314 1778 375 1816 rei
398 1778 598 1815 insolitae
636 1779 881 1816 nouitatem
918 1784 1004 1815 tam
1041 1779 1202 1815 multos
1238 1778 1520 1824 confluxisse,
1544 1777 1740 1827 quotidie
1777 1790 1854 1827 per
1886 1783 1948 1814 to—

312 1855 402 1887 tum
425 1849 663 1887 aduentum
701 1850 911 1899 operariis
941 1850 960 1874 b
997 1849 1153 1888 diebus
1189 1857 1205 1874 C
1238 1850 1341 1887 satis
1364 1862 1520 1900 magno
1544 1862 1726 1887 numero
1751 1849 1950 1887 homines

313 1920 365 1957 ad
389 1934 487 1958 eum
509 1920 773 1958 audiendum
797 1922 836 1958 in
874 1934 998 1959 mane
1035 1922 1143 1959 hora
1174 1926 1299 1959 sexta
1331 1927 1652 1967 conuenerunt,
1686 1920 1810 1958 festis
1843 1933 1947 1958 vero

312 1991 467 2030 diebus
501 1998 630 2030 aucta
665 1998 732 2031 est
755 1994 893 2044 magis
928 2005 979 2030 ac
1001 1993 1138 2043 magis
1159 1993 1407 2031 auditorum
1430 1992 1678 2030 multitudo.
1704 1992 1949 2043 Aliquoties

313 2064 443 2101 etiam
466 2064 507 2101 in
538 2077 637 2102 arce
676 2077 823 2102 coram
855 2065 991 2102 Illmo.
1025 2065 1219 2115 principe
1253 2070 1297 2102 et
1327 2064 1546 2102 nobilibus
1578 2065 1670 2102 eius
1702 2077 1949 2102 sermonem

312 2147 485 2184 quoque
509 2135 807 2185 germanicum
830 2136 995 2182 habuit,
1021 2142 1065 2173 et
1088 2135 1260 2186 saepius
1284 2149 1380 2173 eum
1406 2135 1592 2173 libenter
1627 2135 1836 2182 audisset,
1870 2135 1950 2173 nisi

312 2220 388 2257 per
414 2208 462 2245 D.
489 2207 807 2254 cancellarium,
833 2208 1041 2258 optimum
1063 2208 1201 2245 nostri
1225 2207 1399 2258 collegij
1418 2212 1664 2257 patronum,
1687 2219 1796 2246 snae
1827 2206 1948 2245 celsi-

313 2278 464 2317 tudini
488 2278 507 2303 d
531 2284 789 2329 suggestum
811 2278 966 2316 fuisset
987 2292 1074 2316 non
1098 2278 1307 2329 expedire
1340 2285 1386 2316 ut
1407 2280 1460 2316 ab
1482 2279 1568 2317 hoc
1598 2279 1761 2328 templo
1796 2284 1947 2316 nostro

314 2350 385 2387 ubi
407 2356 493 2387 tam
526 2350 700 2387 celebre
738 2350 873 2387 habet
909 2349 1188 2396 auditorium,
1227 2348 1566 2388 Steuordiamcfs
1602 2350 1946 2387 abstraheretur.

314 2421 445 2459 Dedit
475 2422 619 2459 locum
650 2421 792 2458 bonus
823 2422 1024 2471 princeps
1055 2422 1306 2472 propositae
1345 2422 1423 2459 sibi
1460 2422 1631 2468 rationi,
1671 2427 1716 2459 et
1745 2421 1787 2459 id
1819 2435 1947 2458 vnum

312 2492 440 2543 petijt
472 2497 517 2529 ut
552 2498 651 2542 post
687 2492 797 2529 haec
832 2492 945 2530 festa
975 2493 1170 2530 natalitia
1204 2492 1373 2531 faceret
1409 2506 1555 2531 coram
1592 2506 1637 2530 se
1674 2493 1716 2530 in
1746 2493 1842 2530 aula
1873 2505 1948 2530 sua

313 2577 444 2602 vnum
467 2563 520 2601 de
545 2563 830 2601 sacramentis
854 2577 1102 2602 sermonem
1135 2564 1314 2615 singulis
1336 2564 1698 2602 hebdomadibus.
1725 2565 1948 2614 Cuperent

314 2636 439 2673 amici
462 2641 507 2673 et
528 2635 599 2684 qui
621 2634 773 2672 fauent
802 2635 1041 2685 impensius
1064 2636 1190 2673 bonis
1213 2636 1442 2673 conatibus
1472 2636 1513 2673 in
1544 2635 1823 2673 instauranda
1853 2636 1948 2673 reli-

314 2707 461 2757 gione,
486 2705 628 2743 adhuc
654 2719 782 2743 vnum
806 2712 850 2743 et
872 2707 1056 2744 alterum
1080 2713 1096 2730 e
1120 2708 1166 2744 R.
1193 2708 1239 2744 P.
1264 2708 1315 2745 V.
1340 2707 1425 2745 huc
1446 2707 1620 2745 mittere
1645 2707 1947 2745 ecclesiastem

314 2778 627 2830 germanicum,
662 2782 708 2814 ut
738 2777 905 2815 fructus
937 2779 991 2815 sit
1023 2791 1076 2816 eo
1110 2778 1300 2825 vberior,
1325 2790 1410 2828 quo
1441 2780 1587 2829 plures
1617 2779 1659 2816 in
1694 2778 1775 2816 hac
1798 2790 1948 2826 ‚messe

360 3001 376 3022 ὃ
427 2997 642 3036 offensam.
714 2997 778 3020 —b
803 2995 990 3033 obscure
1009 3007 1317 3043 exar.,J0rsan
1336 2996 1532 3044 operosis.
1600 3002 1666 3021 ——0
1688 2996 1780 3042 Seq.
1802 2995 1842 3032 in
1861 2995 1945 3032 del.

316 3060 382 3085 —d
404 3059 454 3095 ei.
509 3063 573 3082 -0
594 3055 687 3093 Del.
708 3068 742 3092 a.
