2038 3400
366 255 437 293 478
833 257 1053 297 erTERAE
1080 259 1435 305 QUADmMesTREs

318 372 388 397 ser
410 360 464 398 de
498 374 551 398 vn
587 360 669 398 dia.
708 361 911 400 Estamos
943 363 1073 401 todos
1104 363 1168 402 los
1200 363 1253 402 de
1287 375 1387 402 Casa
1417 377 1518 414 muy
1550 364 1790 404 edificados
1812 365 1867 403 de
1900 378 1947 402 su

318 431 493 470 bondad
526 446 551 482 y
583 432 763 480 llaneza,
797 447 822 483 y
854 434 1093 473 confiamos
1125 447 1178 472 en
1212 436 1250 472 el
1281 434 1365 473 S.0‘f
1394 448 1479 486 que
1511 438 1608 474 sera
1637 438 1754 475 buen
1782 436 1947 475 talento

317 516 419 554 para
438 505 629 554 emplear
653 517 706 542 en
729 518 776 543 su
799 505 1003 557 seruieio.
1038 506 1097 545 Su
1121 507 1347 557 Magestad
1382 520 1462 546 nos
1484 508 1628 558 ayude
1657 521 1682 547 a
1702 508 1833 548 todos
1866 521 1947 547 con

318 587 366 612 su
389 575 535 626 gracia
555 588 659 626 para
680 588 764 625 que
787 576 975 628 siempre
997 590 1077 617 nos
1100 577 1397 617 exercitemos
1431 591 1484 617 en
1515 580 1556 618 10
1580 593 1664 631 que
1686 586 1948 631 pertenesee

317 660 340 684 a
363 660 411 684 su
435 660 584 697 mayor
614 647 754 698 gloria
776 662 800 698 y
823 648 980 687 honrra
1013 649 1240 688 conforme
1272 662 1296 687 a
1330 656 1512 689 nuestro
1546 651 1761 699 instituto,
1795 666 1820 702 y
1848 665 1949 702 para

317 718 418 756 bien
454 733 479 769 y
500 719 727 769 proueeho
751 719 805 757 de
837 720 898 758 las
920 721 1069 767 alma33
1092 733 1195 771 para
1214 721 1255 759 10
1279 722 1377 772 qual
1399 722 1600 772 pedimos
1632 736 1700 762 ser
1723 723 1948 773 ayudados

316 791 369 828 (16
393 792 454 828 las
477 791 708 841 oraciones
729 791 784 829 de
807 792 857 830 V.
883 793 929 831 P.
956 807 982 843 y
1004 792 1059 831 de
1082 793 1212 831 todos
1242 799 1447 832 nuestros
1470 794 1779 834 dilectissimos
1802 796 1892 834 Res
1922 809 1947 845 y

316 863 565 910 hermanos,
592 868 677 901 ete.
703 863 769 901 De
791 863 1061 912 Salamanea,
1086 877 1110 902 a
1132 874 1154 911 3
1177 864 1231 903 (16
1256 865 1400 904 Enero
1425 865 1479 904 de
1508 867 1620 915 1560.

398 934 461 972 De
481 935 531 973 V.
558 935 603 972 P.
629 936 805 974 minimo
828 935 918 985 hijo
942 949 969 986 y
991 936 1137 974 sieruo
1162 949 1216 974 en
1240 938 1278 974 61
1302 936 1390 975 S.0r

1547 992 1721 1030 GASPAR
1753 999 1778 1031 ¹.

397 1078 483 1116 Por
507 1077 744 1116 eomissic'm
766 1077 837 1116 (161
861 1079 907 1117 Ρ.
929 1079 1107 1117 Rector.

397 1148 562 1201 Sigilli
590 1148 852 1201 vestigium.

1071 1310 1186 1361 334

705 1427 1017 1488 JOANNES
1052 1428 1146 1475 DE
1179 1428 1560 1475 MAIORIBUS

852 1546 963 1572 SENIS
989 1536 1012 1572 S
1036 1546 1232 1583 jANUARu
1263 1535 1353 1572 1560
1380 1536 1405 1571 2.

320 1637 351 1672 ἓ.
378 1632 663 1672 Litterarum
685 1631 953 1671 tarditatem
974 1634 1173 1671 excusat.
1200 1631 1461 1684 Religiosae
1483 1631 1782 1683 perfectionis
1813 1645 1943 1671 cara.

394 1697 433 1737 2.
459 1698 690 1737 Molestiae
712 1711 764 1736 ex
786 1699 946 1736 domus
967 1699 1169 1737 locatore
1201 1698 1519 1748 acceptae—3.
1549 1697 1626 1737 Rei
1650 1697 1948 1748 pecuniariae

396 1763 642 1815 angustiae
663 1766 702 1802 et
729 1762 1076 1802 levaminassll.
1109 1763 1457 1814 Discipulorzim
1489 1764 1605 1802 bona
1635 1763 1822 1803 indoles.
1856 1764 1947 1802 Lit-

394 1828 598 1868 terariae
632 1828 993 1868 exercitationes.
1054 1828 1091 1867 5.
1131 1828 1334 1867 Admissi
1372 1829 1420 1867 in
1455 1828 1741 1868 Societatem.
1783 1829 1946 1868 Candi-

395 1894 655 1934 dati.—6-7.
680 1894 887 1934 Rectoris
914 1907 1132 1934 excursus
1161 1896 1220 1933 ad
1248 1894 1424 1933 vicinos
1450 1898 1616 1947 pagos.
1653 1896 1946 1934 Peccatormn

394 1960 722 2000 conversio-nes.
758 1960 967 2000 Mulieris
993 1961 1045 1999 in
1073 1961 1282 2000 castitate
1308 1962 1538 2000 servanda
1560 1961 1835 2000 constantia.
1862 1961 1946 1999 Pia

391 2026 618 2066 sodalitas
639 2027 862 2066 instituta.
889 2026 1105 2080 Monachi
1123 2029 1182 2065 acl
1199 2028 1407 2066 claustra
1426 2027 1609 2066 reversi.
1634 2027 1813 2067 Civium
1831 2040 1946 2079 erga

391 2092 539 2132 socios
561 2092 758 2132 animus.
794 2092 1065 2133 Haereticns
1096 2092 1377 2143 resipiscens.
1412 2093 1555 2131 Exsul
1592 2092 1948 2132 inimicitiarum

394 2172 535 2199 cansa
568 2161 626 2197 ad
656 2158 923 2208 religiosam
949 2158 1279 2211 perfectionem
1311 2157 1541 2209 aspirans.
1575 2158 1949 2209 Arclzipresbyter

390 2226 538 2265 socios
567 2226 744 2264 laudat.
775 2224 988 2273 Filizicm,
1012 2224 1232 2275 episcopo,
1254 2224 1470 2275 graviter
1491 2224 1762 2276 aegrotanti
1781 2225 1947 2264 Rector

393 2293 531 2331 adest.
556 2290 829 2330 Adversarii
848 2290 987 2331 sociis
1008 2289 1412 2330 reconciliati-8.
1438 2290 1549 2329 Piae
1569 2290 1776 2342 feminae
1798 2304 1825 2330 a
1847 2292 1947 2330 dae-

393 2369 579 2396 monnm
600 2356 821 2396 molestiis
842 2356 1078 2396 liberatae.

371 2470 404 2497 Ι.
459 2458 578 2509 Jhus.
606 2458 701 2497 R.de
731 2459 772 2496 in
795 2459 870 2497 X.0
894 2460 960 2496 Pr.
990 2459 1078 2497 Pax
1106 2459 1174 2496 ΧΑ
1201 2458 1434 2498 Hactenus
1464 2458 1729 2498 litterarum
1760 2458 1946 2509 quadri-

315 2528 552 2569 mestrinm
582 2529 967 2569 intermissionem
995 2528 1212 2581 fecimus,
1246 2531 1365 2579 quod
1396 2529 1624 2580 priuatim
1655 2531 1705 2568 de
1740 2529 1947 2569 omnibns

362 2658 370 2676 ¹
424 2655 633 2703 Epistolae
661 2660 802 2691 auctor
833 2667 922 2690 esse
953 2654 1111 2691 videtur
1136 2653 1180 2690 P.
1208 2653 1370 2701 Gaspar
1398 2645 1643 2691 Hernandez
1674 2653 1945 2699 (Fernandez)

313 2717 532 2758 toletanus,
566 2715 766 2751 admissus
795 2714 834 2750 in
855 2713 1104 2751 Societatem
1123 2726 1229 2751 anno
1252 2714 1341 2750 1554
1361 2712 1425 2759 (cf.
1446 2713 1657 2758 POLANco,
1681 2713 1849 2758 Chrom,
1871 2713 1945 2757 IV,

310 2775 409 2822 596),
430 2776 545 2824 cujus
564 2775 763 2811 adventus
783 2773 822 2810 iu
842 2774 1060 2820 collegium
1081 2773 1396 2810 salmanticense
1425 2787 1474 2810 ex
1505 2773 1699 2820 burgensi
1729 2778 1947 2810 annotatur

311 2836 351 2872 in
382 2835 468 2873 cod.
503 2834 779 2876 salinarem..
813 2833 844 2875 Ι,
875 2834 924 2869 ad
956 2833 1062 2871 diem
1089 2833 1112 2870 6
1140 2832 1383 2870 Novembris
1405 2833 1507 2869 1557.
1531 2833 1623 2870 Post
1642 2833 1945 2880 neapolitanum

311 2895 529 2942 collegium
549 2894 668 2937 rexit,
691 2899 730 2929 et
750 2894 789 2929 in
809 2894 983 2940 patriam
1003 2905 1195 2929 reversus
1215 2893 1311 2929 obiit
1331 2904 1471 2929 mense
1490 2891 1656 2930 Octobri
1688 2892 1788 2938 1575,
1817 2898 1860 2930 ut
1887 2893 1945 2929 di-

311 2955 613 2992 RIBADENEIRA
632 2954 672 2990 in
692 2953 875 2989 Historia
895 2966 967 2989 ms.
991 2953 1208 2999 Socjesu
1228 2954 1274 2989 in
1294 2952 1529 2998 Hispania,
1552 2952 1619 2989 lib.
1641 2952 1670 2996 Ι,
1691 2965 1778 2999 cap.
1800 2951 1894 2990 XX.

359 3016 371 3034 ²
423 3014 484 3051 Ex
503 3019 662 3060 autogr.
683 3013 725 3050 in
743 3013 828 3049 cod.
851 3012 978 3049 Rom.
1004 3012 1085 3049 126
1099 3013 1148 3056 A,
1169 3011 1210 3049 ff.
1231 3012 1290 3056 96,
1310 3011 1369 3058 97;
1391 3012 1500 3058 prius
1532 3011 1608 3056 185,
1642 3011 1719 3049 186.
1756 3011 1943 3049 Pluribus

312 3075 351 3112 in
371 3075 468 3112 locis
488 3087 511 3110 a
532 3073 707 3110 Polanco
728 3072 943 3109 emendata
964 3076 1022 3108 est
1043 3072 1230 3119 epistola,
1251 3076 1294 3108 ut
1314 3071 1353 3107 in
1373 3076 1509 3108 annot.
1531 3077 1712 3118 apparet.
