2038 3400
329 264 398 304 776
796 272 1015 309 LITTERAE
1043 273 1400 319 QUADmMESTRES

1049 511 1153 563 410

575 651 932 699 HERMES
981 647 1619 702 SEMICOLANUS

709 794 987 821 INGOLSTADIO
1015 787 1028 821 1
1061 795 1317 822 SEPTEMBRIS
1346 786 1436 823 1560
1463 788 1486 822 ¹.

283 902 314 940 1.
348 901 592 942 Sociorum
622 905 662 942 et
691 903 1005 943 convictorum
1039 917 1271 943 numerus.
1307 905 1566 945 Domestica
1598 906 1914 957 disciplina.—

360 967 446 1007 2-3.
474 968 798 1008 Convictorum
820 972 859 1009 et
890 969 1093 1009 aliorum
1123 970 1504 1010 scholasticorum
1530 971 1677 1022 pietas
1707 975 1745 1012 et
1775 974 1910 1013 zelas.

365 1034 741 1084 Confirmationis
756 1037 1098 1075 sacramentnm
1117 1036 1251 1075 multi
1266 1050 1318 1077 ex
1334 1037 1397 1077 eis
1413 1037 1756 1089 recipiunt—ft.
1780 1040 1914 1079 Frac-

363 1103 434 1139 tus
454 1114 506 1141 ex
528 1101 799 1153 theologicis
831 1102 1112 1141 lectionibus.
1145 1103 1447 1142 Instanratur
1477 1104 1778 1156 confessionis
1808 1118 1916 1144 usus

363 1169 466 1207 ante
500 1168 749 1218 nuptialem
781 1167 1146 1208 benedictionem.
1190 1169 1509 1220 Improborum
1544 1170 1712 1211 irritae
1747 1174 1915 1223 oppug-

362 1232 683 1273 nationes—5.
721 1233 909 1273 Pietatis
944 1233 1115 1286 officia
1150 1247 1264 1286 erga
1280 1236 1533 1286 proximos.
1559 1237 1817 1276 intherani
1843 1250 1915 1276 cn-

351 1300 543 1351 jusdam
579 1299 928 1339 conversim—6.
958 1299 1231 1340 Contionum
1260 1301 1467 1352 fructus.
1496 1301 1748 1354 Cajnsdam
1769 1302 1915 1355 virgi-

361 1365 433 1404 nis
453 1365 601 1404 virtus
622 1365 789 1404 matris
811 1365 1034 1405 astutiam
1056 1366 1104 1406 in
1124 1367 1268 1406 vitam
1291 1367 1561 1420 religiosam
1583 1369 1819 1408 convertit.

340 1501 373 1528 1.
435 1493 462 1538 ’ξ-
494 1490 741 1529 Admodum
764 1492 862 1530 R.de
883 1492 925 1530 in
946 1493 1021 1531 X.0
1044 1493 1173 1531 Pater
1199 1494 1232 1531 a.
1267 1493 1319 1532 In
1350 1493 1437 1533 hac
1457 1493 1646 1544 epistola
1672 1493 1836 1545 paucis
1865 1508 1916 1534 ex

286 1575 406 1601 more
427 1563 528 1601 Pat.
554 1564 658 1602 tuae
679 1562 893 1603 indicabo
916 1566 1138 1614 quantam
1172 1565 1192 1589 b
1228 1564 1325 1616 opis
1359 1573 1375 1590 C
1411 1565 1568 1605 tulerit
1592 1565 1916 1616 proximorum

282 1635 425 1686 salutj
441 1637 523 1685 per
545 1635 629 1674 lzoc
651 1635 1003 1685 quadrimestre,
1042 1639 1321 1687 quantumne
1355 1637 1505 1676 solitis
1537 1637 1768 1689 exercitijs
1802 1638 1916 1677 diui-

283 1719 392 1745 nam
411 1706 620 1758 gloriam
638 1710 912 1757 promouere
924 1707 1127 1759 potuerit
1145 1709 1229 1748 hoc
1245 1708 1488 1748 minimum
1505 1709 1768 1761 collegium.
1789 1708 1918 1749 Sciat

284 1778 438 1828 itaque
457 1779 510 1817 R.
531 1779 579 1817 P.
609 1779 653 1817 T.
678 1793 769 1818 non
788 1781 947 1830 plures
964 1794 1101 1831 qnam
1118 1781 1168 1820 16
1189 1779 1409 1820 Societati
1428 1783 1614 1820 nostrae
1631 1781 1849 1828 addicto&
1871 1781 1917 1821 in

285 1851 368 1889 hoc
389 1850 585 1902 collegio
607 1864 729 1890 nunc
751 1851 923 1899 uiuere,
949 1851 1180 1892 adiunctis
1201 1853 1377 1892 duobus
1401 1852 1575 1904 pneris,
1600 1852 1679 1903 qui
1698 1852 1746 1891 in
1766 1853 1918 1905 narijs

284 1921 555 1973 ministerijs
575 1922 830 1961 subsidium
852 1923 982 1962 nobis
1000 1923 1230 1971 praebent,
1255 1923 1387 1963 caius
1410 1923 1589 1974 quidem
1619 1925 1801 1972 num-ers
1817 1927 1916 1974 per-

283 2005 504 2031 sonarum
525 1993 660 2032 solito
695 1993 894 2033 minoris
915 1994 1039 2033 ratio
1071 1995 1182 2034 haec
1211 1996 1288 2042 est,
1323 1997 1442 2045 quod
1472 1994 1766 2034 Monachiztm
1797 1997 1837 2034 et
1859 1997 1917 2034 ad

285 2064 377 2102 alia
399 2064 500 2103 loca
524 2065 577 2103 ob
599 2066 771 2104 certam
802 2065 1112 2105 necessitatem
1143 2065 1357 2104 nonnulli
1379 2065 1485 2105 hinc
1515 2065 1828 2118 commigrare
1850 2068 1916 2106 de-

284 2134 477 2174 buerint.
506 2135 796 2176 Conuictores
818 2139 964 2176 autem
986 2139 1092 2175 sunt
1113 2150 1304 2177 numero
1335 2148 1395 2184 12,
1421 2137 1500 2188 qui
1520 2137 1569 2176 in
1591 2137 1701 2176 locis
1733 2141 1916 2189 separa-

284 2206 341 2245 tis
362 2208 401 2245 et
423 2209 606 2246 manent
627 2209 667 2246 et
689 2210 988 2247 commeditnt.
1014 2208 1227 2247 Omnibus
1248 2209 1319 2259 qui
1340 2210 1381 2247 in
1404 2210 1489 2247 hoc
1519 2209 1686 2261 degunt
1708 2210 1914 2262 collegio,

286 2280 405 2317 Deus
426 2292 512 2317 non
535 2279 667 2317 modo
691 2280 907 2330 integram
931 2281 1128 2331 corporis
1158 2280 1389 2319 sanitatem
1421 2281 1585 2327 tribuit,
1611 2294 1762 2320 uerum
1787 2282 1916 2320 etiam

284 2351 466 2402 gratiam
490 2351 698 2402 impertit,
722 2357 770 2388 ut
787 2351 1048 2390 obedienter
1067 2352 1306 2390 secundum
1324 2353 1511 2391 instituti
1527 2352 1664 2402 nostrj
1684 2352 1914 2400 rationem,

286 2428 330 2461 et
350 2422 561 2461 sollerter
583 2422 602 2446 d
624 2422 666 2460 in
688 2423 910 2461 laboribus
926 2436 1005 2474 pro
1028 2424 1211 2462 aliorum
1233 2425 1373 2462 salute
1405 2424 1645 2475 absumptis
1664 2425 1914 2475 persistant.

286 2493 564 2533 Desiderium
595 2494 768 2545 integre
791 2507 841 2533 ac
875 2495 1075 2546 perfecte
1112 2495 1364 2543 obediendi,
1397 2508 1448 2534 ac
1469 2496 1606 2547 magis
1628 2497 1854 2548 magisque
1875 2497 1917 2535 in

286 2565 437 2616 spiritu
477 2565 751 2616 proficiendj,
795 2566 1019 2605 declarant
1058 2567 1375 2618 poenitentiae,
1417 2580 1523 2618 quas
1558 2581 1581 2606 a
1620 2569 1917 2618 superioribus

286 2636 468 2676 subinde
504 2643 660 2688 petunt
700 2650 777 2688 pro
811 2638 1199 2677 constitutionibus
1228 2652 1315 2677 non
1346 2639 1517 2688 integre
1550 2639 1809 2678 obseruatis.
1835 2641 1917 2678 Hie

285 2721 415 2747 nemo
440 2713 523 2755 est,
550 2721 681 2759 quem
703 2721 789 2747 non
813 2709 999 2747 subinde
1019 2710 1214 2760 pluribus
1235 2709 1277 2748 in
1298 2710 1431 2748 rebus
1462 2710 1665 2761 occuparj
1690 2710 1743 2749 sit
1764 2723 1916 2750 neces-

331 2865 350 2885 a
400 2865 487 2903 Pax
506 2869 582 2902 etc.
636 2866 702 2890 —b
723 2865 828 2911 quid.
886 2873 950 2891 -0
971 2865 1155 2903 Emend.
1177 2876 1227 2904 ex
1246 2878 1357 2913 opus.
1412 2866 1479 2892 —d
1499 2867 1737 2904 toleranter.

334 3024 341 3043 ¹
396 3021 458 3059 Ex
476 3021 666 3068 originali
685 3034 708 3057 a
728 3020 906 3058 Polanco
926 3021 1154 3067 emendato,
1174 3021 1214 3058 in
1233 3021 1318 3059 cod.
1343 3021 1484 3059 Germ.
1506 3019 1599 3065 139.
1620 3019 1643 3057 2
1667 3020 1725 3066 ff„
1754 3034 1823 3058 nn.
1853 3022 1912 3068 37,

284 3082 343 3130 38;
363 3082 475 3132 prius
496 3080 574 3127 138,
598 3080 665 3118 139
682 3080 780 3127 (198,
803 3080 895 3125 199).
