2038 3400
330 232 401 271 720
796 233 1014 271 LITTERAE
1045 232 1399 278 QUADR1MESTRES

284 350 338 375 ex
357 337 518 376 nostris
536 337 892 388 intelligantmon
910 335 965 374 de
983 335 1155 374 medico
1169 340 1352 383 tantum,
1373 334 1451 373 sed
1468 340 1513 373 et
1529 333 1584 372 de
1601 333 1845 384 pharmacis
1867 339 1911 370 et

284 409 462 460 reliquis
482 409 746 457 necessari—is
768 407 942 446 minime
964 408 1178 459 grauatim
1202 414 1220 431 ἃ
1235 407 1472 457 prouidere
1495 409 1661 444 curant.
1687 406 1763 443 Est
1779 417 1909 455 porro

284 486 423 519 mater
456 481 662 532 principis
698 487 818 518 tanta
852 479 1015 518 virtute
1039 479 1208 525 mulier,
1235 484 1281 516 vt
1303 490 1471 516 summe
1492 490 1580 516 non
1615 477 1754 515 solum
1776 489 1910 527 popu-

283 553 349 590 lus
384 553 630 599 vniuersus,
656 552 734 590 sed
757 557 800 589 et
834 552 1037 602 princeps
1071 551 1164 601 ipse
1188 562 1283 587 eam
1311 548 1533 601 suspiciat,
1573 555 1617 586 et
1653 549 1708 586 ob
1739 548 1912 586 virtutis

284 625 487 663 meritum
516 629 771 663 veneretur.
805 623 931 663 Vnde
963 623 1065 660 dum
1096 622 1385 673 importunius
1415 621 1529 672 apud
1559 621 1799 672 principem
1829 632 1908 670 pro

284 696 501 734 diabolica
523 696 726 734 libertate
748 696 909 733 instant
931 693 1163 745 aliquando
1194 693 1428 742 haereticj,
1462 691 1734 743 respondere
1756 692 1790 729 is
1814 691 1912 729 soli-

285 773 353 806 tus
376 767 548 806 dicitur:
573 769 673 806 Non
694 780 873 817 possum
895 766 1013 817 quod
1036 765 1168 804 vultis
1191 764 1458 810 concedere,
1483 763 1518 802 si
1545 763 1692 802 matris
1715 762 1912 801 charissi-

284 851 381 877 mae
412 839 545 878 velim
577 839 866 877 incolumitati
899 838 1163 876 consultum.
1189 837 1335 888 Atque
1363 837 1444 874 hac
1462 836 1482 861 b
1512 835 1801 886 responsione
1825 847 1912 872 orn-

283 911 354 949 nia
387 924 540 950 eorum
572 911 811 962 prudenter
843 909 980 948 eludit
1017 910 1279 948 calidissima
1309 912 1581 958 argumenta.
1614 905 1913 945 Cancellarius

283 983 487 1034 principis
510 983 535 1030 ¹,
561 989 605 1021 et
626 983 696 1032 alij
720 982 942 1033 praecipui
963 983 1005 1019 in
1027 982 1124 1020 aula
1144 981 1240 1028 viri,
1272 993 1326 1018 ex
1348 980 1491 1018 animo
1520 979 1651 1016 rebus
1672 977 1833 1015 nostris
1854 976 1913 1014 fa-

284 1061 405 1093 uent.
444 1055 636 1105 Populus
671 1054 797 1091 huius
820 1052 1026 1096 ciuitatis,
1064 1053 1134 1103 qui
1171 1064 1328 1102 magna
1363 1064 1417 1089 ex
1438 1056 1561 1102 parte
1595 1049 1912 1087 catholicorum

283 1127 425 1165 adhuc
461 1126 621 1165 rituum
643 1131 710 1164 est
733 1124 1162 1166 obseruantissimus,
1186 1122 1394 1175 peculiari
1430 1122 1619 1174 quodam
1653 1134 1734 1159 nos
1765 1132 1913 1158 amore

283 1198 576 1249 prosequitur,
616 1204 660 1235 et
701 1209 1003 1248 quaecumque
1040 1201 1190 1247 potest
1223 1194 1505 1233 humanitatis
1536 1193 1716 1231 exhibet
1753 1191 1911 1230 officia.

284 1271 382 1308 Non
418 1270 577 1307 desunt
607 1269 780 1306 interim
813 1268 972 1306 aemuli
1003 1273 1047 1304 et
1082 1266 1321 1315 aduersarij
1355 1278 1530 1316 graues,
1562 1264 1640 1302 sed
1657 1265 1769 1301 hanc
1789 1263 1915 1300 nobis

290 1348 454 1381 sortem
478 1355 575 1380 cum
597 1341 724 1379 bonis
748 1341 947 1378 omnibus
969 1345 1224 1391 reputamus
1246 1350 1538 1376 communem.
1563 1336 1678 1374 Nihil
1701 1336 1915 1373 hactenus

284 1420 435 1466 aperte
474 1419 628 1451 contra
653 1426 735 1451 nos
765 1424 788 1449 a
809 1424 1030 1463 quoquam
1064 1415 1297 1457 tentatum,
1322 1408 1520 1460 quamuis
1555 1420 1642 1446 non
1678 1406 1912 1451 defuerint,

284 1487 356 1538 qui
375 1487 570 1524 famosos
593 1485 646 1522 de
669 1485 796 1523 nobis
819 1496 1027 1535 spargere
1066 1482 1212 1521 conati
1247 1487 1346 1519 sunt
1378 1481 1667 1519 rumusculos
1703 1478 1914 1516 Dominus

286 1560 437 1597 ihesus
458 1558 498 1595 in
522 1570 643 1595 suam
665 1557 849 1607 gloriam
873 1555 1032 1601 omnia,
1058 1555 1126 1593 cui
1147 1567 1231 1592 nos
1253 1558 1296 1591 et
1319 1553 1512 1591 infirmos
1530 1556 1716 1590 conatus
1737 1554 1914 1588 nostros

285 1629 594 1668 commendare
632 1628 734 1667 RQ
781 1628 830 1666 T.
870 1639 1007 1678 usque
1045 1627 1264 1677 (lignei-nr.
1304 1623 1521 1673 Monaehij
1554 1621 1805 1673 6Augustj‚
1843 1633 1913 1659 an-

283 1716 339 1740 no
368 1702 481 1750 1560.
508 1702 602 1739 Rae
629 1701 678 1739 T.
703 1700 816 1737 filius
837 1699 880 1737 in
902 1699 1095 1745 Christo,

1158 1806 1461 1843 THEODOR1CUS
1493 1805 1691 1843 CAN1ans
1726 1807 1752 1839 ².

366 1936 538 1974 Literae
562 1934 906 1986 quadrimestres
928 1932 1202 1971 monachien.
1228 1931 1287 1969 6:⁰¹
1312 1929 1461 1981 Aug.ti

365 2007 472 2046 Alia
494 2020 649 2045 manu.
675 2005 913 2056 Originale.
939 2005 1022 2042 Per
1044 2005 1084 2042 la
1104 2003 1329 2054 prouincia
1351 2002 1393 2039 di
1411 2001 1626 2038 Toscana.
1647 1997 1814 2036 Ritorni
1836 2010 1912 2047 per

283 2081 322 2118 la
344 2080 413 2117 uia
437 2078 654 2117 ordinaria
675 2090 699 2116 a
730 2078 878 2115 Roma.

330 2256 348 2274 ὃ
381 2248 412 2284 2
426 2259 493 2284 vv.
515 2252 658 2294 praec.
680 2246 913 2292 difficilius
933 2245 1018 2292 legi
1034 2247 1217 2291 possunt
1236 2243 1285 2280 ob
1305 2243 1507 2279 attritam
1528 2241 1743 2278 elcanam.

282 2309 301 2333 b
325 2308 416 2354 Seq.
439 2306 522 2343 del.
544 2307 714 2343 ratione.

334 2480 341 2498 ¹
395 2476 535 2514 Simon
555 2475 719 2513 Eckius.
744 2474 848 2511 Vide
870 2487 905 2521 p.
927 2471 1007 2509 442.

332 2538 344 2557 ²
396 2535 575 2581 Collegii
595 2541 740 2572 rector.
