2038 3400
354 238 424 278 878
762 239 778 253 ’
821 241 1037 280 Lirrfflms
1063 242 1421 288 QqumMistRizs

1068 416 1180 466 432

813 558 863 603 P.
902 557 1227 604 CAROLUS
1261 556 1434 604 GRIM

739 682 980 709 VlNDOBONA
1012 672 1055 708 17
1080 682 1334 710 SEPTEMBRIS
1367 672 1453 709 1560
1481 674 1504 709 ¹.

309 773 537 812 Decrescz't
558 772 919 825 malignantium
953 773 1152 820 ecclesia,
1178 773 1400 813 bonorum
1433 776 1583 813 autem
1618 773 1832 812 nonnihil
1864 787 1935 812 ac-

387 838 561 878 crescit.
600 839 692 877 Nec
727 840 886 877 desunt
920 838 1274 887 contionafflres,
1312 852 1423 889 quos
1462 839 1582 879 inter
1621 841 1936 879 nmnerandus

388 903 590 942 caesaris
607 903 914 951 contionator,
933 903 1007 942 vir
1025 904 1166 942 bonus
1182 906 1221 943 et
1239 906 1410 952 doctus,
1445 905 1523 955 qui
1539 905 1664 943 mala
1696 918 1723 943 a
1743 905 1936 943 Plzause-

387 982 440 1008 ro
458 971 650 1008 causata
668 971 889 1019 reparare
906 971 1117 1008 conatur.
1140 970 1262 1009 Unus
1278 971 1344 1008 vel
1363 972 1480 1009 alter
1492 970 1748 1010 haereticus
1764 970 1936 1008 malam

386 1035 581 1074 seminat
616 1035 891 1074 docfrinam.
933 1035 1111 1075 caeteri
1132 1036 1336 1075 caesaris
1356 1039 1396 1075 et
1417 1036 1564 1088 legati
1587 1035 1850 1087 praesentia
1873 1038 1936 1073 ta-

387 1104 500 1147 cent‚·
532 1101 721 1139 liberius
752 1103 901 1140 famen
938 1101 1151 1153 inpagis
1187 1104 1350 1153 agunt.
1386 1102 1716 1153 Episcoporztm
1747 1104 1833 1151 pro
1870 1101 1934 1139 in-

385 1169 644 1206 stauranda
670 1166 871 1206 Ecclesia
902 1167 1097 1206 labores.
1124 1167 1353 1207 Catholici
1369 1170 1700 1218 promovemur
1722 1169 1781 1205 ad
1803 1166 1934 1206 altio-

389 1246 460 1272 res
477 1235 677 1285 gradus.
1461 1235 1465 1241 ’

388 1344 416 1389 †
447 1341 530 1380 Ihs.
570 1340 721 1380 Gratia
757 1345 800 1378 et
834 1353 916 1390 pax
954 1339 1115 1379 Christi
1150 1346 1326 1378 recreet
1360 1341 1524 1379 animas
1554 1346 1741 1378 nostras.
1781 1341 1935 1379 Amen.

308 1413 416 1451 Cum
448 1413 495 1450 R.
522 1413 568 1450 P.
592 1413 644 1450 V.
669 1417 840 1463 gratum
863 1412 931 1458 sit,
956 1416 1002 1448 ut
1024 1410 1078 1449 ad
1101 1412 1311 1449 maiorem
1335 1412 1415 1450 Dei
1438 1410 1619 1462 gloriam
1642 1417 1774 1462 atque
1797 1412 1937 1449 eccle-

307 1485 395 1522 siae
427 1497 531 1522 suae
552 1484 877 1534 promotionem
901 1483 1085 1547 sub'inde
1107 1483 1268 1532 aliquid
1290 1484 1586 1534 perscribatur
1608 1483 1663 1521 de
1695 1489 1808 1521 statu
1842 1485 1937 1522 reli-

304 1557 448 1608 gionis
470 1558 731 1596 christianae
754 1558 934 1595 istarum
955 1556 1294 1608 prouinciarum,
1320 1569 1507 1607 cumque
1530 1557 1742 1607 temporis
1763 1557 1873 1595 ratio
1896 1556 1937 1594 id

307 1630 469 1681 exigat,
501 1630 582 1667 hac
613 1629 710 1667 uice
734 1628 789 1666 de
819 1629 912 1666 istis
942 1633 1111 1666 tantum
1143 1641 1284 1679 agam.
1310 1628 1356 1667 Si
1385 1628 1517 1679 igitur
1549 1628 1661 1666 haec
1691 1629 1938 1679 praesentia

306 1707 505 1752 tempora
528 1714 625 1740 cum
647 1701 947 1752 superioribus
969 1700 1209 1748 conferam,
1235 1701 1469 1739 ecclesiam
1491 1699 1816 1750 malignantium
1851 1713 1938 1737 non

305 1785 524 1819 crescere,
549 1786 631 1811 nec
652 1773 694 1810 in
713 1772 872 1810 eodem
896 1777 1012 1809 statu
1034 1784 1310 1822 permanere,
1334 1771 1412 1810 sed
1430 1770 1684 1810 decreuisse
1701 1784 1849 1822 parum
1869 1770 1938 1808 hic

305 1845 516 1892 dicerem3
554 1845 789 1883 ecclesiam
824 1850 972 1883 autem
1017 1844 1178 1884 Christi
1212 1843 1373 1895 aliquid
1406 1844 1666 1882 incrementi
1703 1843 1937 1893 sumpsisse

305 1918 442 1955 ausim
473 1917 704 1955 affirmare.
739 1916 952 1955 Omnibus
981 1916 1228 1967 praecipuis
1258 1915 1454 1953 Viennae
1486 1915 1675 1966 templis,
1707 1915 1749 1953 in
1784 1913 1938 1964 quibus

304 1990 398 2027 fieri
430 1991 574 2027 solent
597 1990 835 2027 conciones
855 1989 887 2035 ⁰²,
912 1989 1135 2039 prouisum
1159 1994 1225 2027 est
1248 1988 1351 2026 satis
1372 1988 1502 2035 bene,
1527 1988 1618 2026 laus
1640 1988 1751 2034 Deo,
1777 1986 1831 2024 de
1861 1987 1937 2024 bo-

304 2062 369 2099 nis
399 2074 450 2099 ac
471 2060 614 2099 doctis
646 2061 1048 2107 concionatoribus,
1072 2060 1130 2098 ita
1154 2066 1199 2097 ut
1220 2072 1498 2110 quocumque
1531 2072 1577 2097 se
1599 2058 1813 2097 haeretici
1842 2070 1937 2095 uer·

305 2139 413 2180 tant,
443 2132 547 2170 nihil
576 2132 658 2171 nisi
681 2133 897 2171 catholica
920 2133 1082 2184 templa
1112 2137 1336 2170 resonent.
1363 2133 1508 2171 Habet
1543 2132 1673 2169 etiam
1696 2131 1825 2168 Caes.
1852 2129 1937 2166 Ma-

1586 2203 1599 2221 ¹2

306 2206 437 2243 iestas
460 2205 834 2252 concionatorem,
860 2205 999 2243 uirum
1032 2210 1075 2242 et
1106 2204 1285 2242 doctum
1318 2210 1362 2242 et
1393 2206 1554 2243 bonum
1606 2234 1614 2251 ,
1644 2203 1716 2254 qui
1747 2214 1800 2240 ex
1832 2202 1937 2239 totis

307 2277 470 2315 uiribus
493 2282 677 2315 conatur
705 2278 806 2327 (nec
840 2290 991 2328 parum
1026 2277 1280 2327 promouet)
1311 2288 1515 2327 reparare
1538 2274 1656 2326 quod
1691 2275 1938 2312 Phauserus

305 2349 599 2395 destruxerat,
626 2355 669 2386 et
690 2349 893 2399 permulti
917 2348 1203 2387 concionibus
1224 2348 1337 2386 illius
1361 2353 1404 2386 et
1425 2347 1607 2385 aliorum
1630 2351 1862 2384 mouentur
1883 2344 1937 2382 ad

306 2421 523 2459 saniorem
546 2426 755 2467 mentem,
779 2421 892 2458 inter
913 2433 1024 2470 quos
1047 2425 1114 2457 est
1145 2432 1328 2470 magnus
1350 2418 1524 2469 quidam
1545 2418 1564 2443 b
1586 2417 1759 2463 nobilis,
1783 2416 1855 2466 qui
1872 2429 1937 2454 se-

306 2493 368 2530 rio
391 2491 653 2543 promiserat
674 2497 774 2542 post
796 2491 1099 2542 expulsionem
1124 2491 1333 2528 Phauseri
1356 2488 1696 2536 concionatoris,
1728 2500 1775 2525 se
1798 2486 1936 2526 cuius-

304 2578 388 2615 que
411 2564 594 2615 amplius
616 2563 820 2602 catholici
852 2563 1112 2601 concionem
1143 2575 1229 2600 non
1253 2569 1269 2587 0
1290 2561 1554 2607 auditurum3
1576 2561 1738 2598 factum
1770 2564 1836 2597 est
1863 2570 1935 2596 ne<

351 2720 371 2739 a
423 2719 575 2757 Praec.
604 2729 642 2755 v.
672 2723 810 2763 supra
837 2728 946 2754 vers.
1001 2718 1066 2742 ——b
1087 2715 1251 2763 quidam
1277 2720 1417 2762 supra
1444 2725 1555 2752 vers.
1610 2721 1672 2740 —0
1693 2727 1769 2750 non
1798 2718 1934 2758 supra

305 2791 415 2817 vers.

353 2945 360 2963 ¹
416 2941 474 2978 Ex
494 2946 653 2987 autogr.
676 2940 715 2976 in
733 2939 819 2976 cod.
844 2938 984 2975 Germ.
1008 2937 1101 2978 142,
1125 2937 1150 2974 f.
1177 2937 1253 2980 182;
1276 2937 1385 2984 prius
1403 2937 1451 2973 55
1468 2936 1560 2981 (62).

350 3003 363 3022 ²
413 3002 450 3038 Is
471 3001 629 3038 videtur
649 3000 772 3036 fuisse
796 2998 971 3034 Mathias
988 2997 1221 3043 Cythardus
1240 2997 1419 3041 (Esche).
1437 2996 1485 3033 O.
1511 2995 1554 3032 P.
1576 2995 1639 3032 Cf.
1663 2994 1916 3031 BRAustfflz

304 3074 401 3107 CER,
429 3062 476 3098 Β.
499 3060 623 3098 Petri
643 3060 809 3096 Cam'sii
825 3059 964 3104 epist..
986 3056 1035 3099 ΙΙ,
1056 3055 1138 3092 768.
