2038 3400
317 257 387 294 940
806 256 1024 292 LlTTERAE
1050 255 1407 300 QUADRIMESTRES

324 370 361 406 3.
423 359 515 397 Nec
548 360 737 410 vulgaris
767 358 938 397 accedit
958 359 976 377 a
997 358 1172 396 Christo
1196 372 1250 396 ex
1282 358 1632 397 confessionibus
1664 364 1894 398 extraneo-

273 443 363 467 rum
386 430 558 469 auditis.
586 431 768 469 Maxime
793 443 888 468 cum
911 430 1031 468 hisce
1054 429 1209 467 diebus
1231 429 1385 468 mulier
1405 430 1620 480 quaedam
1641 430 1894 469 immanissi-

272 501 350 538 mis
372 501 611 539 sceleribus
632 502 843 547 involuta,
874 513 987 540 nunc
1009 514 1063 538 ex
1095 501 1384 539 instructione
1414 506 1579 548 nostra,
1603 501 1808 540 abiuratis
1835 501 1895 539 vi-

272 573 357 621 tijs‚
382 572 436 610 ad
458 585 532 611 cor
559 573 753 619 redierit,
780 579 823 611 et
845 573 978 611 vitam
1010 572 1236 610 meliorem
1266 572 1518 611 instituerit.
1541 573 1742 611 Facultas
1771 574 1895 612 theo·

272 645 414 694 logica
435 645 698 682 coloniensis
734 644 869 682 edidit
904 643 1120 694 quendam
1156 643 1348 682 libellum
1384 649 1537 683 contra
1566 644 1743 695 impium
1777 645 1895 683 illum

270 716 630 765 gymnasiarchae
663 715 1042 767 dusseldorpensis
1073 716 1403 763 catechismum,
1436 716 1479 755 in
1508 729 1594 767 quo
1624 716 1744 755 virus
1764 717 1896 768 pesti-

270 787 556 825 lentissimum
578 788 597 811 b
620 788 821 826 incautae.
854 787 1071 825 iuuentuti
1102 787 1316 838 propinat,
1347 787 1390 826 in
1422 788 1544 828 cuius
1573 788 1806 839 pernitiem
1826 788 1898 827 hic

273 859 398 898 vnice
428 860 661 906 desudare,
696 866 739 897 et
769 865 946 898 nostrae
976 858 1227 899 academiae
1256 859 1300 909 (a
1328 874 1412 911 qua
1440 873 1528 900 non
1558 861 1670 899 adeo
1701 865 1897 899 remotus

272 944 533 970 numerosae
567 932 784 970 iuuentuti
814 931 1008 982 praeest)
1044 931 1213 970 cladem
1244 937 1288 970 et
1322 932 1489 970 ruinam
1520 932 1671 971 minari
1706 931 1894 972 videtur.

275 1004 396 1051 Quae
421 1016 490 1040 res
512 1003 595 1040 etsi
617 1008 791 1041 nostros
812 1002 1007 1042 nonnihil
1029 1003 1305 1054 proculserit‚
1325 1008 1470 1044 tamen
1490 1003 1644 1042 literae
1667 1005 1715 1042 P.
1735 1004 1896 1054 Canisij

273 1087 377 1125 quas
407 1074 461 1113 ad
483 1082 499 1099 0
521 1080 739 1112 rectorem
762 1075 782 1100 d
804 1075 1102 1113 vniuersitatis
1130 1075 1462 1126 perscripserat,
1496 1075 1637 1115 calcar
1667 1088 1718 1114 ac
1752 1075 1899 1115 stimu-

274 1148 337 1184 los
368 1146 642 1186 addiderunt.
668 1146 811 1197 Atque
843 1147 903 1185 ita
932 1146 1108 1185 tandem
1138 1147 1302 1185 factum
1333 1151 1415 1194 est,
1439 1152 1486 1185 vt
1507 1152 1701 1186 nostram
1723 1159 1899 1198 operam

273 1218 536 1269 efflagitarit.
563 1219 693 1268 Quod
721 1219 755 1257 si
778 1230 956 1269 operam
986 1224 1181 1256 nostram
1212 1230 1264 1257 ac
1292 1219 1488 1256 laborem
1511 1217 1898 1266 detrectassemus,

274 1303 343 1327 res
364 1291 525 1329 nullum
561 1290 762 1329 habitura
796 1295 889 1328 erat
922 1302 1222 1341 progressum.
1254 1289 1380 1328 Nunc
1414 1302 1522 1328 vero
1556 1290 1729 1328 libellus
1761 1303 1786 1329 a
1813 1303 1901 1329 non

275 1362 421 1412 paucis
444 1362 618 1413 legitur,
643 1362 890 1413 suspicitur,
915 1374 966 1400 ac
988 1361 1224 1410 Monhemij
1249 1374 1423 1400 errores
1445 1362 1718 1400 execrabiles
1748 1362 1851 1401 facit
1874 1363 1899 1401 ¹.

277 1433 458 1471 Accedit
488 1432 554 1471 his
575 1431 692 1484 quod
714 1434 782 1471 Pr.
817 1433 1016 1472 Canisius
1046 1432 1226 1472 miserat
1255 1433 1386 1471 etiam
1413 1432 1468 1471 ad
1497 1445 1577 1471 nos
1599 1433 1902 1472 defensionem

276 1504 489 1555 quandam
510 1518 588 1555 pro
619 1504 846 1544 Societate
877 1517 954 1555 per
986 1505 1041 1543 M.
1075 1505 1344 1556 Stephanum
1368 1504 1618 1556 Agricolam
1640 1505 1682 1554 (a
1714 1505 1903 1544 luthera-

276 1576 413 1614 nismo
435 1588 511 1627 per
532 1576 800 1615 Societatem
821 1576 1103 1625 conuersum)
1121 1576 1408 1626 compositam
1425 1581 1580 1615 contra
1596 1576 1809 1627 quosdam
1828 1577 1901 1615 ho-

279 1648 413 1685 mines
435 1649 692 1694 maleuolos,
716 1648 802 1697 qui,
826 1648 937 1686 libro
955 1647 1119 1695 aedito,
1144 1648 1358 1687 Societati
1378 1653 1556 1687 nostrae
1579 1648 1901 1695 obtrectabant,

277 1718 537 1769 ignominiae
576 1723 726 1756 notam
765 1719 1011 1765 inurebant,
1049 1731 1100 1757 ac
1139 1719 1336 1757 iniuriam
1377 1719 1592 1758 Societati
1632 1719 1901 1771 irrogabant3

278 1803 402 1840 quam
425 1796 471 1828 vt
492 1791 844 1841 propulsaremus
867 1790 984 1829 R.dus
1001 1796 1152 1829 noster
1184 1789 1449 1829 coloniensis
1471 1790 1483 1809 ²
1513 1791 1668 1829 librum
1699 1792 1780 1830 sibi
1806 1792 1904 1830 mis-

279 1874 371 1899 sum
393 1862 516 1899 nobis
538 1862 773 1913 legendum
794 1874 845 1900 ac
866 1863 955 1900 suis
985 1861 1217 1913 impendijs
1240 1862 1553 1901 confutandum
1576 1863 1749 1902 obtulit.
1774 1861 1905 1912 Quod

281 1946 355 1983 per
377 1934 503 1971 alium
526 1933 756 1972 videbatur
779 1934 1020 1972 consultius
1041 1934 1288 1973 faciendum
1307 1947 1423 1975 esse.
1443 1935 1569 1974 Hanc
1585 1935 1716 1986 igitur
1734 1936 1788 1973 M.
1809 1935 1905 1973 Ste-

280 2005 442 2054 phanus
465 2005 756 2055 germanicam
778 2006 965 2056 opellam
988 2006 1120 2044 R.d¹1¹0
1140 2011 1433 2058 nuncupatam
1455 2007 1688 2048 videndam
1718 2020 1796 2058 per
1826 2020 1906 2045 nos

282 2077 451 2114 obtulit.
477 2078 601 2126 Quae
624 2091 760 2128 vsque
783 2077 895 2115 adeo
919 2079 968 2117 C.
993 2080 1037 2117 S.
1061 2079 1238 2128 placuit,
1262 2084 1309 2117 vt
1340 2079 1453 2130 typis
1475 2078 1701 2118 mandaret
1730 2079 1906 2126 excudi;

281 2147 322 2185 id
356 2148 471 2198 quod
500 2148 688 2187 feliciter
723 2149 982 2199 praestitum
1017 2163 1115 2188 esse
1146 2150 1230 2189 iam
1261 2151 1553 2202 conspicimus
1591 2151 1620 2189 ³.
1659 2151 1742 2191 Hic
1775 2151 1907 2190 etiam

281 2220 394 2257 serio
418 2219 588 2259 videtur
609 2221 692 2260 iam
714 2221 913 2259 meditari
932 2220 1174 2269 consilium,
1198 2229 1246 2260 vt
1268 2236 1421 2261 omnes
1442 2223 1709 2262 concubinas
1739 2235 1763 2261 a
1785 2223 1908 2261 cleri-

281 2292 342 2329 cis
371 2292 531 2343 abigat,
571 2292 791 2340 excludat,
823 2298 953 2343 atque
985 2294 1027 2332 in
1059 2294 1410 2342 concubinarios,
1441 2295 1523 2333 nisi
1554 2294 1729 2335 omnino
1760 2295 1908 2346 resipi-

280 2368 415 2409 scant,
453 2365 609 2402 acriter
644 2364 978 2411 animaduertat,
1010 2378 1062 2404 ac
1097 2366 1310 2405 scandalis
1341 2367 1496 2418 quibus
1516 2367 1702 2418 populus
1724 2367 1906 2406 subinde

280 2436 489 2474 aduersus
510 2437 767 2487 religionem
789 2436 1048 2485 concitatur,
1072 2438 1203 2477 finem
1232 2439 1440 2490 imponat.
1466 2439 1590 2477 Faxit
1611 2439 1731 2478 Deus
1752 2445 1799 2477 vt
1820 2445 1907 2478 tam

326 2604 345 2623 ³
405 2604 584 2642 Videtur
599 2606 747 2643 deesse
776 2618 814 2644 v.
835 2606 968 2654 gloria
986 2610 1068 2644 aut
1083 2607 1192 2654 quid
1220 2607 1377 2645 simile.
1432 2608 1497 2633 —b
1530 2606 1907 2654 postilentissimum

282 2674 361 2701 ms.
415 2685 448 2689 —
462 2673 478 2690 0
501 2665 530 2701 4
544 2676 611 2702 vv.
630 2670 775 2712 praec.
796 2669 902 2704 sunt
919 2668 965 2704 in
984 2676 1125 2713 marg.
1179 2667 1248 2693 -d
1279 2667 1461 2705 Videtur
1475 2665 1646 2704 emend.
1667 2676 1718 2703 ex
1735 2665 1903 2702 rectori.

330 2830 336 2848 ¹
392 2828 625 2866 Confutatio
660 2829 893 2866 catechismi
937 2828 1162 2866 Monhemii
1203 2830 1351 2876 scripta
1396 2834 1455 2866 est
1498 2841 1622 2876 opera
1666 2828 1908 2875 praesertim

283 2887 359 2925 PP.
382 2888 550 2925 Henrici
571 2888 756 2935 Dionysii
776 2894 815 2925 et
834 2887 1042 2926 Francisci
1058 2888 1233 2927 Costeri.
1253 2888 1316 2927 Cf.
1338 2888 1700 2933 BRAUNSBERGER,
1717 2887 1771 2925 Β.
1788 2887 1913 2925 Petri

287 2947 452 2985 Cam’sii
468 2950 605 2995 epist..
627 2947 677 2989 11.
698 2947 781 2991 626,
800 2947 867 2985 721
887 2968 895 2974 ·
911 2948 995 2985 722.

329 3006 341 3025 ²
387 3006 565 3053 Joannes
583 3006 792 3044 Gebhard.

332 3066 345 3085 ⁸
396 3065 461 3104 Cf.
484 3065 842 3111 BRAUNSBERGER,
863 3067 888 3103 1.
908 3078 958 3111 c.,
978 3065 1059 3103 913.
