2038 3400
351 263 420 299 544
803 262 1023 299 LITTERAE
1047 260 1407 306 QUADR1MESTRES

304 366 527 404 cellarum
549 373 566 390 a
589 365 962 416 opportunitatem
984 364 1227 413 haeretque
1250 362 1330 412 ipsi
1353 360 1558 413 collegio.
1582 361 1802 411 Coeptum
1824 369 1931 397 vero

304 442 371 474 est
393 436 576 475 habitari
597 435 794 474 kalendis
815 435 1130 474 nouembrihus
1151 446 1175 472 a
1196 445 1358 472 nouem
1380 437 1453 471 aut
1475 432 1631 471 decem
1653 431 1793 470 ferme
1813 431 1934 469 noui-

303 509 390 558 tijs,
414 509 527 547 inter
549 521 658 559 quos
680 508 889 546 doctores
910 506 1111 557 theologi
1133 505 1235 553 duo,
1272 505 1496 556 ijdemque
1518 502 1809 542 concionandi
1831 501 1935 540 satis

303 580 447 631 periti3
469 581 578 618 alius
598 580 704 617 item
725 578 804 617 fuit
822 580 976 617 artium
997 578 1067 616 hic
1090 589 1225 627 nuper
1242 575 1497 628 designatus
1519 574 1744 626 magister3
1760 585 1934 612 necnon

306 653 434 689 Pater
454 650 627 702 quidam
651 655 799 688 aetate
821 654 1003 696 matura,
1028 649 1150 686 cuius
1180 648 1270 686 vita
1306 652 1349 685 et
1385 646 1576 685 studium
1611 643 1932 690 concionando,

303 723 469 774 reliqua
504 721 634 760 etiam
669 722 857 772 pastoris
892 720 1037 759 munia
1071 717 1293 766 obeundo,
1327 719 1432 757 satis
1462 718 1545 756 illis
1567 729 1756 767 semper,
1779 716 1935 767 quibus

303 794 506 845 praefuit,
530 795 714 844 probata
736 797 851 840 sunt;
875 794 1021 842 atque,
1047 793 1096 830 ut
1118 790 1269 829 dicam
1286 789 1467 840 paucis,
1491 788 1571 827 fuit
1600 789 1673 827 hic
1702 789 1749 825 P.
1784 789 1934 825 Busta-

305 866 452 915 mantij
478 864 730 903 indiuiduus
752 876 919 902 comes,

358 947 394 986 5.
456 937 710 976 Doctrinam
734 935 1012 974 christianam
1034 933 1244 972 maturius
1266 933 1352 970 hoc
1373 944 1485 970 anno
1510 929 1695 970 edoceri
1716 935 1934 980 coeptam,

305 1022 432 1060 quam
457 1008 771 1060 superioribus,
808 1012 1046 1058 propterea
1066 1004 1184 1056 quod
1206 1004 1361 1042 domus
1395 1003 1668 1054 probationis
1689 1013 1846 1052 magna
1880 1013 1934 1038 ex

304 1086 428 1132 parte
450 1080 701 1127 adiuuabat,
726 1085 770 1117 et
801 1079 934 1117 miros
955 1078 997 1116 in
1018 1077 1166 1128 pueris
1186 1076 1354 1114 fructus
1383 1075 1687 1120 cernebamus,
1721 1083 1935 1111 exercere

302 1153 384 1191 hac
411 1152 597 1190 maxime
632 1150 969 1202 quadragesima
994 1148 1232 1199 pergimus.
1268 1147 1379 1184 Nam
1414 1158 1512 1184 cum
1546 1145 1681 1183 multa
1709 1149 1754 1182 et
1780 1154 1936 1193 magna

301 1224 533 1263 commoda
553 1223 714 1261 afferre
735 1221 952 1268 videatur,
976 1219 1080 1258 illud
1100 1232 1188 1257 non
1220 1223 1287 1256 est
1310 1217 1531 1268 exiquum,
1550 1215 1682 1268 quod,
1702 1226 1936 1253 numerosa

301 1302 480 1335 caterua
499 1307 736 1346 puerorum
753 1294 837 1332 iam
855 1296 1024 1339 coacta,
1050 1293 1180 1330 Pater
1202 1290 1355 1340 aliquis
1376 1289 1418 1327 in
1440 1288 1605 1326 editum
1625 1287 1933 1338 publicumque

301 1370 444 1407 locum
469 1368 583 1406 solet
601 1365 919 1412 conscendere,
940 1363 1055 1402 vnde
1078 1362 1283 1401 audiendi
1305 1360 1544 1412 cupiditate
1566 1359 1723 1410 vulgus
1743 1363 1934 1408 pertrac-

300 1446 407 1487 tum,
440 1439 557 1491 quod
579 1438 842 1489 templorum
873 1436 978 1474 alias
1013 1434 1300 1474 concionibus
1335 1445 1432 1471 raro
1454 1431 1652 1470 fortassis
1682 1429 1822 1477 adest,
1847 1434 1933 1467 tam

301 1524 412 1562 quae
440 1510 542 1549 fidei
578 1509 772 1560 cognitio
811 1506 962 1559 exigit,
996 1519 1124 1558 quam
1147 1518 1200 1544 ea
1233 1504 1389 1556 quibus
1419 1515 1566 1541 mores
1599 1501 1933 1541 introducuntur

301 1583 440 1633 probi,
464 1582 603 1632 palam
622 1580 921 1620 concionatur.
943 1578 991 1617 Id
1007 1590 1115 1616 uero
1134 1582 1366 1626 utrumque
1385 1574 1553 1613 ciuibus
1575 1573 1755 1611 mirifice
1772 1573 1930 1623 placet,

301 1656 414 1694 adeo
436 1660 483 1692 ut
505 1654 742 1694 Societatis
759 1658 938 1691 nostrae
955 1651 1154 1689 instituta
1176 1654 1218 1687 et
1237 1652 1561 1699 cognoscantur
1578 1644 1775 1698 quotidie
1796 1644 1933 1695 magis

302 1729 356 1766 ab
381 1727 596 1774 omnibus,
622 1731 666 1764 et
686 1723 1012 1776 praedicentur.

381 1800 609 1851 Superest,
634 1804 680 1836 ut
701 1798 802 1844 tuis,
826 1798 972 1843 Pater,
1004 1793 1230 1842 sacrificijs
1253 1804 1427 1843 semper
1458 1791 1732 1836 adiuuemur3
1750 1788 1793 1827 id
1814 1787 1932 1839 quod

301 1877 389 1909 ate
432 1883 583 1909 omnes
619 1868 872 1920 suppliciter
907 1866 1112 1917 petimus.
1152 1864 1377 1914 Compluti
1414 1861 1554 1913 pridie
1576 1860 1784 1899 kalendas
1823 1860 1931 1898 Mar-

299 1943 364 1992 tij,
395 1943 508 1990 1560.

380 2014 545 2051 Seruus
566 2011 894 2063 indignissimus

1291 2112 1319 2160 †
1352 2110 1556 2158 JOSEPHUS
1589 2105 1762 2143 Acosn
1794 2110 1820 2141 ¹.

381 2219 573 2260 Polanci
594 2232 750 2258 mann:
775 2218 957 2257 Emend.
982 2216 1088 2256 Alia
1120 2228 1274 2256 manu:
1301 2215 1395 2253 M.ta
1417 2227 1441 2252 a
1472 2214 1675 2258 Genoua,
1710 2216 1816 2257 etc.;
1842 2210 1928 2247 Na-

298 2295 387 2346 poli
410 2299 453 2332 et
475 2293 638 2339 Sieilia3
662 2292 857 2337 Francia,
883 2289 1083 2336 Fiandra,
1109 2289 1371 2338 Alemagna.

347 2477 366 2494 a
399 2467 691 2505 cubiculorum.

347 2640 355 2659 ¹
410 2637 517 2674 Vide
537 2636 640 2682 epist
659 2647 792 2681 praec.
