2038 3400
332 256 397 294 ⁴256
799 257 1021 295 LITTERAE
1049 258 1409 304 QUADRIMESTRES

288 358 394 409 dralj
420 360 707 398 concionatus
732 366 814 407 est,
838 361 1024 399 Ioannes
1044 363 1063 380 ἃ
1085 362 1370 410 Cuuillonius‚
1396 364 1447 401 D.
1473 364 1680 402 Nicolaus
1698 365 1922 415 Lanoyus,

282 431 354 482 qui
378 436 420 469 et
446 430 624 469 latinum
648 444 897 471 sermonem
919 433 961 470 in
985 446 1124 471 coena
1154 434 1330 471 Domini
1360 434 1414 472 ad
1445 436 1608 473 clerum
1640 436 1804 474 habuit.
1843 436 1920 475 His

280 503 426 553 itaque
459 503 651 541 confessi
683 510 782 542 sunt
814 517 964 543 comes
995 517 1020 543 a
1052 507 1184 552 Luna,
1219 506 1522 556 Hispaniarum
1553 507 1572 531 b
1600 508 1789 557 legatus3
1812 508 1917 546 item

886 577 890 594 ¹
927 588 1024 614 cum
1048 590 1125 613 sua
1146 577 1320 623 familia,
1347 583 1389 614 et
1413 578 1537 615 simul
1559 577 1718 615 familia
1739 579 1918 617 alterius

281 575 452 625 legatus
488 575 606 626 regis
637 575 851 626 gallorum

281 645 479 684 eiusdem
502 645 650 697 legati,
674 647 996 697 archiepiscopi
1017 647 1186 685 scilicet
1218 647 1484 695 viennensis,
1518 649 1590 699 qui
1622 655 1665 686 et
1695 651 1789 700 ipse
1821 662 1917 688 cum

283 731 360 756 suo
394 718 568 769 collega
597 723 791 756 sanctam
822 719 1175 756 communionem
1204 718 1259 756 de
1282 720 1478 757 manibus
1500 726 1750 759 nostrorum
1773 734 1919 760 susce-

281 791 357 840 pit.
396 789 601 828 Confessi
634 795 732 827 sunt
765 793 808 827 et
839 788 994 838 ijsdem
1027 789 1163 840 legati
1184 789 1344 828 ducum
1371 791 1637 839 Florentiae,
1676 794 1916 840 Ferrariae,

283 862 502 908 Mantuae,
537 861 725 899 ciuitatis
762 859 1014 912 genuensis,
1050 873 1199 899 comes
1230 861 1403 911 quidam
1435 863 1734 911 bononiensis,
1769 877 1919 903 comes

282 933 387 971 item
417 934 470 971 ab
500 932 758 971 Arenburch
780 932 807 979 ²,
834 945 887 970 ex
910 932 1105 971 inferiori
1127 932 1376 981 Germania,
1402 934 1557 973 missus
1578 947 1603 973 a
1624 949 1702 974 suo
1725 935 1918 987 principe

284 1019 391 1057 rege
423 1003 744 1056 Hispaniarum:
777 1017 886 1055 quos
914 1012 930 1029 0
953 1003 1234 1054 posseriores
1265 1018 1361 1043 cum
1392 1005 1584 1056 ipsorum
1615 1007 1833 1045 nobilibus
1869 1021 1920 1046 ac

282 1077 500 1125 ministris,
535 1077 646 1115 sicut
679 1080 721 1114 et
752 1076 845 1114 fere
882 1081 1089 1115 coeteros
1111 1088 1258 1116 omnes
1280 1077 1298 1102 d
1322 1079 1711 1118 communicarunt.
1737 1081 1918 1119 Praeter

281 1150 447 1187 uarium
469 1149 673 1195 fructum,
699 1147 777 1197 qui
796 1147 897 1185 hinc
917 1147 1122 1198 prouenit
1144 1156 1175 1195 e,
1201 1148 1388 1187 accessit
1410 1150 1528 1200 quod
1558 1150 1755 1202 plerique
1786 1150 1918 1190 admi-

281 1226 497 1264 tarentus,
519 1225 562 1259 et
579 1218 845 1258 admirantes
864 1220 1188 1268 edificarentur,
1208 1221 1325 1272 quod
1343 1223 1479 1271 nostrj
1498 1236 1576 1274 pro
1594 1224 1725 1262 tantis
1741 1229 1918 1276 tamque

281 1293 495 1332 diuturnis
517 1293 739 1331 laboribus
762 1292 865 1330 nihil
886 1305 1065 1343 prorsus
1092 1292 1360 1344 acciperent.
1391 1295 1437 1332 In
1468 1295 1755 1346 hospitalibus
1788 1303 1831 1335 et
1863 1297 1919 1335 ci-

280 1367 426 1404 uitatis
445 1371 489 1404 et
506 1365 756 1403 suburbano
774 1364 932 1402 fratres
949 1365 1087 1414 nostrj
1108 1365 1378 1404 consolando
1397 1379 1448 1404 ac
1466 1367 1741 1406 exhortando
1760 1381 1918 1420 aegros

282 1450 496 1477 exercere
528 1437 673 1476 solent
705 1449 840 1488 opera
871 1436 1110 1485 charitatis,
1142 1438 1260 1488 quod
1293 1451 1345 1477 eo
1378 1439 1563 1478 alacrius
1593 1440 1772 1488 faciunt,
1801 1441 1918 1492 quod

285 1511 415 1550 etiam
438 1523 462 1549 a
485 1512 615 1548 Patre
636 1508 894 1560 prouinciali
917 1522 969 1548 ea
989 1523 1060 1548 res
1082 1510 1136 1548 sit
1158 1511 1407 1561 specialiter
1437 1513 1564 1550 nobis
1594 1513 1915 1552 commendata.

335 1595 373 1631 4.
435 1584 500 1621 De
524 1586 639 1620 statu
662 1581 910 1620 scholarum
933 1581 1274 1620 domesticarum
1296 1582 1400 1621 nihil
1422 1583 1464 1621 in
1491 1586 1837 1634 praesentiarum
1858 1585 1918 1624 di-

281 1667 390 1701 cam,
416 1652 635 1704 qnoniam
656 1652 804 1691 satius
825 1652 1011 1691 uidetur
1034 1652 1080 1691 in
1102 1652 1233 1691 aliud
1255 1656 1427 1704 tempus
1444 1654 1491 1693 id
1514 1654 1715 1706 rezjcere,
1737 1659 1917 1706 quando

279 1726 483 1765 scilicetf
510 1724 724 1763 industria
746 1729 790 1762 et
820 1724 1056 1762 sedulitate
1091 1725 1275 1763 istorum
1310 1737 1526 1764 nouorum
1561 1732 1915 1778 praeceptorum,

282 1799 336 1836 Μ.
358 1796 574 1846 Dominicj
594 1796 771 1847 Mengin
790 1802 834 1834 et
851 1796 1035 1847 Georgij
1055 1796 1210 1847 Crispij
1235 1797 1481 1848 diligentia.
1507 1799 1686 1836 exculta
1696 1798 1882 1849 fuerint
1897 1807 1919 1832 {1

279 1870 319 1907 in
344 1868 527 1907 scientia
550 1875 594 1906 et
617 1868 779 1906 sanctis
801 1868 995 1906 moribus
1017 1867 1193 1919 ingenia
1214 1874 1464 1907 nostrorum
1491 1881 1729 1919 puerorum
1753 1872 1787 1910 h.
1813 1873 1917 1911 Cer-

279 1948 323 1979 te
346 1942 459 1979 haec
489 1941 594 1979 satis
625 1940 849 1991 auspicata
883 1940 1004 1978 initia
1038 1941 1164 1978 nobis
1197 1941 1312 1979 clare
1342 1941 1602 1991 promittunt
1636 1956 1916 1994 progressum

280 2014 525 2053 meliorem.

335 2095 371 2134 5.
433 2085 688 2136 Priusquam
710 2084 842 2122 finem
864 2084 1085 2122 scribendi
1106 2084 1260 2123 faciam
1284 2086 1427 2123 obiter
1448 2087 1656 2125 narrabo
1680 2087 1790 2137 quid
1810 2100 1918 2126 non-

283 2158 399 2208 nnllj
435 2171 486 2195 ex
520 2155 835 2195 sacerdotibus
869 2155 1043 2194 nostris
1073 2169 1175 2195 cum
1208 2155 1485 2206 imperafore
1515 2171 1634 2197 nono
1669 2157 1919 2197 Ferdimm-

280 2231 335 2268 clo
359 2229 367 2254 ἱ
396 2232 540 2280 nuper
562 2227 886 2267 tractauerinz‘.
912 2227 956 2265 Is
978 2240 1079 2266 cnm
1098 2225 1110 2259 J'
1142 2227 1368 2266 statuisset
1390 2234 1536 2266 ternas
1559 2230 1787 2267 celebrare
1816 2242 1917 2267 exe-

279 2300 401 2352 quias
430 2307 631 2351 tempore
661 2298 938 2337 comitiorum
970 2303 1329 2350 augustanorum,
1362 2300 1521 2350 primas
1552 2299 1729 2351 quidem
1759 2302 1917 2340 Carolo

325 2457 344 2476 a
395 2457 431 2492 d.
462 2456 646 2492 Ioannes.
703 2456 767 2480 -b
802 2453 932 2500 Regis
961 2453 1266 2500 Hispaniarum.
1322 2462 1385 2479 —0
1421 2454 1579 2500 quibus.
1648 2456 1714 2480 —d
1747 2437 1931 2493 coeteris

279 2517 463 2554 omnibus
500 2514 541 2551 S.
577 2514 862 2551 Eucharistiae
898 2519 1213 2556 sacramentum,
1280 2521 1345 2538 —e
1379 2515 1701 2560 prouenientem.
1761 2517 1820 2541 —f
1845 2517 1919 2553 nisi

278 2577 401 2624 quod.
465 2583 528 2608 ἐξ
548 2574 863 2621 diligentissime
883 2574 1107 2611 excolenda
1132 2585 1235 2610 esse.
1290 2573 1355 2600 —11
1383 2586 1606 2620 speramus.
1663 2576 1718 2600 —i
1752 2588 1919 2614 caesare

275 2642 411 2684 supra
432 2646 559 2676 vers„
581 2637 846 2682 priusquam
866 2638 1006 2671 totum
1022 2634 1252 2671 deleretur.
1308 2634 1363 2666 --J‘
1392 2634 1521 2670 dicam
1537 2635 1641 2682 quod
1657 2648 1747 2672 eum
1763 2647 1916 2674 caesar.

327 2783 334 2802 ¹
391 2780 540 2827 Legati
567 2780 737 2816 Henrici
766 2779 815 2822 ΙΙ,
845 2778 1011 2816 Galliae
1043 2778 1172 2824 regis,
1208 2778 1246 2814 in
1277 2778 1450 2814 comitiis
1481 2778 1721 2825 augustanis
1755 2779 1918 2816 fuerunt

277 2841 430 2879 Imbert
449 2840 498 2876 de
519 2840 558 2875 la
580 2838 773 2879 Platiere,
795 2838 980 2875 dominus
999 2839 1047 2874 de
1077 2837 1329 2881 Bourdillon,
1359 2843 1398 2874 et
1427 2836 1604 2875 Carolus
1631 2838 1679 2874 de
1712 2837 1915 2879 Marillac.

276 2901 606 2947 archiepiscopus
634 2899 869 2935 viennensis
897 2899 936 2934 in
964 2897 1119 2942 Gallia,
1148 2902 1191 2933 ut
1217 2903 1387 2944 apparet
1416 2911 1465 2934 ex
1493 2898 1757 2935 instructione
1785 2898 1865 2935 illis
1896 2911 1919 2935 a

276 2973 376 3007 rege
391 2960 498 2998 data.
520 2972 641 3006 quam
658 2958 781 2995 edidit
800 2959 1138 3001 R1131ER‚Lettres
1153 2960 1192 2994 et
1208 2957 1435 2994 Memoz'res
1447 2957 1663 3002 d'estat...,
1680 2957 1730 3001 II,
1746 2957 1816 2994 785
1829 2970 1915 3005 sqq.

325 3021 338 3039 ²
386 3019 565 3066 Joannes
592 3018 640 3054 de
673 3017 823 3064 Ligne,
857 3030 992 3054 comes
1024 3017 1072 3053 de
1106 3016 1340 3063 Arenberg,
1377 3015 1439 3054 Cf.
1471 3016 1741 3063 Biographie
1770 3017 1915 3054 Natio-

281 3080 426 3117 nale...
451 3078 506 3116 de
526 3077 749 3124 Belginum,
769 3076 799 3118 Ι.
820 3076 891 3114 368
908 3089 994 3124 sqq.
