2038 3400
366 212 432 250 198
845 215 1065 252 LITTERAE
1091 216 1448 262 QUADfflMESTRES

318 326 469 353 eorum
500 316 840 355 necessitatibus
880 321 1124 356 sucurrunt.
1155 318 1208 355 Et
1239 315 1549 367 praeterlapsis
1584 314 1739 354 diebus
1760 320 1945 353 vocatus

319 391 386 423 est
421 386 476 424 M.
514 385 701 425 Ioannes
738 387 918 426 Redtius
955 400 1117 440 regens
1147 395 1165 412 ἃ
1201 387 1256 426 ad
1292 387 1588 425 Minoritarum
1625 386 1888 426 coenobium
1922 399 1946 423 a

317 462 503 508 quatuor
535 457 788 497 consulibus
818 459 1117 497 vniuersitatis
1138 457 1454 510 prouisoribus,
1476 457 1548 508 qui
1577 458 1664 496 illic
1694 470 1778 507 quo
1802 457 1943 495 animo

317 529 531 567 hactenus
554 542 661 581 erga
689 543 770 568 nos
801 530 991 577 fuerunt,
1016 543 1103 569 non
1132 530 1321 568 obscure
1343 529 1606 576 docuerunt3
1628 529 1647 553 b
1670 528 1946 567 commenda-

317 601 421 639 bant
460 601 639 640 labores
681 608 724 640 et
761 601 1032 652 diligentiam
1064 609 1095 649 0,
1133 606 1179 639 vt
1217 613 1339 652 spem
1379 613 1579 652 magnam
1616 600 1947 651 conceperimus

319 672 439 724 quod
459 674 646 724 posthac
668 677 820 724 aperte
842 673 969 711 nobis
986 673 1186 711 fauorem
1207 673 1455 724 prebebunt
1471 672 1505 711 d.
1529 673 1647 711 Inter
1669 678 1846 710 caetera
1875 672 1947 710 ob·

319 744 513 782 tulerunt
547 744 586 782 ei
618 744 941 791 canonicatum3
976 757 1130 782 verum
1165 750 1351 782 nouerat
1372 756 1536 795 regens
1557 751 1574 769 e
1597 742 1666 782 cui
1696 742 1945 781 crediderit.

320 820 364 853 et
387 813 455 853 cui
484 815 616 853 fidem
640 814 828 862 dederit,
861 814 1046 866 proinde
1065 814 1268 866 religioni
1290 827 1395 852 suae
1416 827 1504 853 non
1525 815 1769 862 immemor,
1792 815 1949 852 hones-

319 891 363 924 te
386 886 622 925 recusauit.
650 886 775 936 Quae
806 898 875 924 res
899 886 1090 924 omnium
1111 885 1280 924 animos
1314 885 1374 923 ita
1402 886 1634 936 permouit.
1666 891 1713 924 vt
1742 885 1825 924 iam
1848 897 1949 936 cog-

318 969 506 996 noscere
528 957 736 1008 incipiant
756 958 861 996 nihil
897 958 968 996 hic
990 958 1107 996 aliud
1127 971 1209 996 nos
1231 957 1498 1005 desiderare,
1520 971 1648 1008 quam
1672 964 1718 996 vt
1747 958 1951 996 iuuentus

318 1029 361 1067 in
381 1028 521 1067 literis
544 1033 587 1067 et
609 1029 690 1080 piis
713 1029 907 1067 moribus
928 1029 999 1080 pie
1020 1029 1285 1076 instituatur,
1312 1034 1356 1067 et
1377 1029 1601 1080 proximus
1623 1028 1868 1067 adiuuetur.

376 1111 435 1138 ΙΙ.
497 1101 653 1138 Pastor
684 1104 862 1138 nostrae
884 1101 1118 1151 parochiae
1150 1100 1277 1138 nobis
1298 1100 1552 1138 facultatem
1584 1101 1769 1139 contulit
1796 1101 1952 1150 quouis

318 1175 519 1222 tempore
555 1171 867 1223 discipulorum
906 1177 1158 1210 nostrorum
1200 1171 1504 1210 confessiones
1541 1172 1762 1219 audiendi,
1799 1172 1872 1223 qui
1910 1171 1951 1209 in

321 1242 413 1281 eius
443 1244 652 1294 parochia
673 1243 855 1295 degunt.
893 1243 947 1281 Et
968 1243 1040 1282 hic
1068 1244 1301 1294 episcopus
1331 1248 1483 1282 noster
1516 1247 1523 1265 ¹
1560 1244 1647 1282 hoc
1676 1243 1814 1294 ipsum
1849 1243 1952 1281 alias

320 1314 375 1353 de
405 1315 584 1366 reliquis
615 1315 816 1354 omnibus
846 1315 988 1363 nobis,
1028 1322 1216 1367 excepta
1250 1315 1469 1367 paschatis
1500 1315 1796 1363 solemnitate,
1820 1313 1951 1366 impe-

319 1386 466 1435 trauit,
490 1387 739 1438 priusquam
762 1387 803 1425 in
827 1386 1082 1438 episcopum
1103 1388 1219 1426 foret
1243 1388 1424 1427 electus.

379 1470 439 1498 12.
501 1459 631 1498 Venit
660 1459 791 1497 etiam
815 1458 869 1497 ad
890 1471 970 1497 nos
993 1459 1148 1498 diebus
1179 1460 1273 1498 istis
1296 1459 1497 1498 dominus
1518 1463 1667 1509 pastor
1696 1459 1954 1509 popardien«

322 1532 380 1570 sis
403 1533 430 1579 ²,
455 1544 541 1570 vna
563 1544 660 1569 cum
683 1531 767 1570 alio
790 1531 980 1581 quodam
1004 1530 1219 1580 studioso,
1244 1544 1373 1583 quern
1410 1530 1452 1568 in
1483 1530 1733 1569 conuictum
1758 1536 1954 1569 nostrum

320 1604 582 1654 recepimus.
606 1603 725 1642 Inter
747 1602 830 1642 alia
850 1604 986 1643 multa
1006 1604 1162 1656 quibus
1186 1604 1451 1644 ostendebat
1473 1604 1601 1642 facile
1623 1604 1749 1642 nobis
1771 1602 1955 1641 dandam

321 1675 655 1714 vniuersitatem
685 1679 1007 1724 treuerensem,
1032 1678 1067 1716 si
1098 1676 1285 1728 operarii
1315 1678 1556 1724 mittantur,
1590 1676 1720 1714 etiam
1748 1675 1957 1713 indicauit

321 1760 406 1798 quo
425 1748 568 1786 animo
591 1748 684 1798 ipse
714 1748 928 1786 hactenus
958 1748 1091 1787 fuerit
1119 1751 1178 1788 ad
1211 1749 1222 1773 f
1256 1749 1542 1788 Societatem.
1576 1747 1773 1785 Incertus
1795 1754 1816 1779 g
1845 1758 1957 1784 sem-

320 1834 397 1872 per
427 1820 508 1859 fuit
539 1825 584 1858 et
614 1819 771 1858 dubius
792 1819 996 1872 quidnam
1027 1833 1176 1872 agere,
1216 1824 1259 1859 et
1291 1834 1376 1871 quo
1408 1819 1542 1858 vitam
1574 1832 1694 1858 suam
1727 1817 1956 1857 instituere

321 1892 526 1940 deberet;
549 1905 637 1930 non
657 1892 772 1930 enirn
794 1893 976 1930 multum
998 1893 1040 1930 in
1056 1893 1264 1944 pastorali
1280 1893 1363 1931 hac
1385 1892 1465 1930 sibi
1488 1904 1591 1930 cura
1611 1891 1827 1942 placebat.
1848 1891 1957 1929 Tan-

321 1964 422 2003 dem
444 1963 517 2003 vbi
538 1963 609 2003 hic
630 1977 727 2003 cum
751 1965 798 2002 R.
825 1965 869 2003 P.
893 1964 1125 2003 Leonardo
1149 1966 1322 2003 locutus
1353 1969 1434 2012 est,
1460 1964 1635 2002 omnino
1658 1976 1705 2001 se
1728 1962 1782 2001 ad
1809 1962 1957 2002 Socie-

321 2042 457 2075 tatem
479 2041 673 2074 nostram
704 2036 892 2073 animum
923 2035 1145 2074 addixisse
1177 2035 1454 2087 significauit,
1481 2035 1659 2085 cupiens
1680 2036 1726 2073 vt
1755 2033 1808 2072 ad
1843 2034 1957 2072 illam

321 2121 399 2160 per
421 2108 672 2159 superiores
703 2107 1012 2146 admitteretur
1028 2109 1063 2146 h.
1089 2108 1216 2147 Nunc
1245 2112 1392 2146 autem
1413 2107 1468 2145 ad
1499 2119 1662 2146 curam
1688 2119 1821 2145 suam
1849 2107 1859 2131 i
1893 2118 1959 2144 re-

322 2193 491 2227 uersus,
517 2185 562 2218 vt
584 2180 767 2230 negotia
787 2178 873 2218 illic
895 2192 975 2218 sua
995 2178 1117 2218 iuxta
1139 2178 1375 2219 Societatis
1397 2177 1621 2217 arbitrium
1653 2182 1958 2229 componeret,

321 2257 479 2303 postea
499 2264 547 2290 se
568 2256 711 2290 totum
733 2252 908 2291 Christo
933 2264 1196 2292 consecrare
1219 2251 1449 2302 disposuit,
1473 2262 1498 2288 a
1519 2262 1605 2300 quo
1630 2250 1760 2288 etiam
1782 2262 1897 2288 nunc
1917 2250 1959 2288 in

323 2323 418 2362 dies
448 2323 597 2362 literas
630 2329 930 2375 expectamus.
970 2325 1043 2362 Vir
1077 2329 1143 2362 est
1178 2322 1251 2374 qui
1285 2322 1339 2360 ad
1374 2323 1508 2360 multa
1545 2322 1625 2360 erit
1660 2322 1702 2360 in
1733 2319 1959 2360 Societate

326 2396 592 2435 commodus
622 2395 633 2427 J'
671 2401 715 2434 et
736 2409 813 2447 per
835 2408 965 2447 quem
988 2395 1071 2433 Dei
1087 2394 1228 2446 gloria
1245 2399 1288 2432 et
1309 2406 1471 2432 nomen
1488 2394 1615 2431 latius
1632 2391 1901 2430 diffundetur
1923 2392 1957 2431 k.

327 2467 509 2514 [Preces
532 2468 737 2518 postulat
767 2469 807 2507 et
828 2468 927 2507 vale
957 2466 1098 2516 dictu]
1125 2465 1338 2506 Coloniae
1360 2465 1402 2504 in
1425 2463 1614 2516 collegio
1637 2477 1755 2503 nouo
1779 2476 1962 2502 corona-

370 2637 389 2656 a
439 2642 586 2673 rector.
641 2637 707 2661 —b
732 2640 771 2672 et
792 2635 860 2672 ita.
916 2642 980 2660 —0
1006 2645 1136 2670 nram.
1204 2632 1270 2658 —d
1303 2632 1409 2679 quod
1435 2644 1514 2668 non
1541 2631 1737 2668 hactenus
1764 2630 1961 2668 fecerant.

325 2705 391 2723 -e
417 2702 563 2733 rector.
585 2692 588 2695 ’
618 2696 676 2721 —f
703 2707 804 2742 erga
857 2703 925 2728 —g
947 2694 1067 2732 enim.
1123 2694 1189 2719 —h
1217 2691 1387 2730 admitti.
1454 2691 1511 2717 -ί
1549 2691 1804 2738 parrochiam
1830 2703 1958 2728 suam.

326 2757 381 2790 —J'
411 2757 591 2794 idoneus.
647 2757 714 2782 —k
736 2760 812 2793 etc.

373 2920 381 2939 ¹
430 2918 610 2966 Joannes
631 2917 878 2956 Gebhardus
897 2929 918 2954 e
939 2929 1040 2954 com.
1062 2916 1111 2953 de
1131 2914 1350 2952 Mansfeld.

372 2979 385 2999 ²
435 2978 585 3015 Petrus
604 2977 732 3014 Fahe.
756 2977 818 3014 Cf.
840 2977 1031 3019 HANSEN,
1053 2976 1078 3013 l.
1100 2988 1134 3013 c.
1154 2975 1238 3018 330;
1264 2973 1622 3018 BRAUNSBERGER‚
1655 2973 1707 3010 Β.
1737 2973 1863 3010 Petri
1889 2974 1959 3011 Ca-

326 3040 434 3078 nisii
452 3039 606 3087 Epist.‚
627 3037 677 3084 II,
697 3037 778 3083 488,
801 3036 881 3074 494.
