2038 3400
551 259 938 300 407.—-V1N1)0130NA
968 264 1007 300 31
1040 263 1232 301 Aucusri
1263 265 1352 301 1560
1656 266 1726 303 759

148 373 238 405 tate
268 367 448 418 insignis
479 381 630 407 comes
661 374 742 414 est,
776 371 953 408 natione
984 371 1170 421 polonus
1202 373 1226 419 ¹,
1250 372 1388 410 literis
1410 373 1692 413 mediocriter
1714 374 1772 412 in-

148 444 354 486 structus,
379 452 484 477 uera
506 440 749 478 humilitate
782 447 910 491 atque
945 443 1059 481 omni
1090 443 1298 481 uirtutum
1329 457 1494 494 genere
1526 451 1687 483 tantam
1719 446 1772 484 de

149 522 196 548 se
227 510 584 560 expectationem
616 511 815 548 omnibus
847 512 1026 559 faciens,
1057 518 1101 550 ut
1125 512 1240 551 serio
1264 520 1466 564 putemus
1488 528 1669 565 regnum
1695 517 1773 554 1³0-

149 582 290 620 loniae
313 582 458 619 multis
481 581 620 619 modis
642 583 851 633 agitatum
875 589 1006 633 atque
1029 585 1234 622 afflictum
1267 587 1447 624 tandem
1478 599 1614 625 uerae
1645 587 1775 625 Iiber-

149 652 237 690 tata·
257 665 310 691 ac
340 652 566 704 religioni
592 652 854 692 restitutum
876 654 941 692 iri
970 663 1001 693 ³.
1028 657 1154 694 Hunc
1175 668 1252 707 per
1283 657 1430 695 literas
1452 658 1684 707 aliquoties⁴
1706 671 1775 708 pa-

150 730 216 762 ter
237 723 386 774 ipsius,
410 724 706 762 nobilissimus
728 725 806 772 uir,
832 726 884 763 ab
902 727 1100 765 instituto
1124 727 1375 774 Societatis,
1396 728 1512 778 quod
1529 727 1773 779 ignorabat,

147 808 233 833 non
251 800 399 833 tamen
420 807 444 832 a
465 795 680 845 religione
703 808 917 835 reuocare
941 803 1124 835 conatus
1156 804 1238 836 est.
1264 798 1353 837 Sed
1376 812 1472 836 cum
1494 800 1577 836 hac
1606 800 1774 837 ratione

147 866 250 904 nihil
280 866 531 916 proficeret,
570 865 718 904 furore
750 867 939 918 quodam
974 881 1187 907 accensus
1220 870 1430 908 Viennam
1467 874 1558 907 tum
1597 876 1775 921 propter

148 938 248 984 hoc,
273 943 364 975 tum
385 938 490 975 alias
514 938 569 975 ob
593 950 745 976 causas
768 939 903 985 uenit,
928 940 1059 977 filium
1082 954 1210 991 quem
1227 941 1311 979 iam
1329 941 1612 992 dignitatibus
1636 943 1775 979 eccle-

149 1009 335 1047 siasticis
370 1008 683 1056 destinauerat,
722 1022 741 1047 a
780 1009 906 1048 nobis
941 1012 1223 1061 repetiturus.
1257 1013 1451 1050 Locutus
1487 1020 1553 1050 est
1589 1025 1685 1050 cum
1722 1026 1775 1051 eo

149 1081 382 1131 aliquoties
405 1081 583 1127 Rector,
610 1081 737 1131 eique
760 1082 998 1120 Societatis
1019 1083 1264 1121 institutum
1287 1083 1542 1131 declarauit,
1576 1091 1619 1122 et
1649 1097 1775 1135 quam

152 1151 392 1203 prudenter
429 1152 594 1203 egisset
629 1152 741 1189 filius
778 1153 972 1200 edocuit3
1009 1154 1187 1192 tandem
1219 1156 1431 1205 pacatiori
1466 1156 1609 1193 animo
1647 1155 1778 1193 affec-

151 1229 221 1262 tus
256 1224 472 1261 rationem
509 1224 694 1261 instituti
731 1225 868 1262 nostri
903 1224 1016 1263 adeo
1054 1226 1346 1264 uehementer
1378 1227 1459 1264 sibi
1490 1228 1668 1278 placere
1704 1241 1778 1278 pu—

148 1295 261 1334 blice
283 1299 472 1333 testatus
495 1301 576 1342 est,
610 1300 656 1333 ut
686 1307 773 1333 non
802 1295 933 1334 modo
964 1295 1047 1334 iam
1070 1296 1124 1334 de
1146 1298 1263 1336 bono
1286 1298 1360 1348 filij
1394 1300 1459 1337 sui
1481 1311 1528 1337 se
1549 1300 1777 1350 plurimum

149 1366 345 1417 gaudere
366 1367 505 1417 palam
528 1366 732 1414 fateatur,
758 1367 835 1405 sed
857 1367 973 1406 idem
1005 1368 1142 1418 ipsum
1176 1370 1313 1407 tribus
1346 1371 1475 1408 etiam
1498 1371 1593 1420 alijs
1625 1372 1712 1410 suis
1733 1372 1777 1409 fi-

150 1438 234 1487 lijs,
257 1451 367 1489 quos
388 1444 563 1489 praeter
586 1439 701 1476 hunc
722 1439 868 1486 habet,
895 1452 941 1477 se
965 1446 1117 1491 optare
1138 1441 1277 1491 probe
1301 1442 1435 1493 signis
1457 1455 1508 1481 ac
1535 1443 1682 1482 uerbis
1714 1457 1780 1481 os-

149 1510 306 1548 tendit.
330 1510 446 1548 Nihil
468 1510 669 1561 profecto
693 1511 808 1549 aliud
831 1512 1027 1562 cogitare
1049 1512 1132 1550 iam
1155 1513 1342 1558 uidetur,
1364 1527 1492 1564 quam
1523 1519 1568 1552 ut
1609 1514 1779 1553 Vladis-

150 1581 305 1620 laniae
325 1582 344 1606 b
365 1581 528 1619 nostris
551 1581 787 1632 collegium
820 1582 1012 1633 erigatur
1043 1583 1068 1621 ².
1104 1584 1244 1633 Quam
1277 1597 1368 1622 rem
1402 1591 1446 1623 et
1477 1598 1635 1636 urgere
1667 1585 1779 1636 apud

149 1653 257 1690 alios
280 1652 397 1690 uiros
418 1651 646 1703 primariae
668 1653 908 1691 nobilitatis
931 1654 1259 1694 ecclesiasticos
1277 1669 1327 1694 ac
1348 1657 1612 1698 saeculares,
1639 1663 1683 1695 et
1703 1671 1779 1708 per

151 1735 198 1761 se
228 1736 315 1762 non
345 1722 624 1761 incommode
654 1736 935 1774 promouere,
961 1726 1056 1763 Deo
1080 1725 1208 1773 duce,
1240 1728 1420 1777 poterit,
1455 1740 1589 1777 seque
1621 1728 1663 1765 id
1694 1735 1779 1766 stu-

151 1794 275 1832 diose
307 1800 324 1819 ⁰
348 1795 563 1832 facturum
594 1795 760 1841 statuit,
794 1795 910 1846 quod
940 1796 982 1834 in
1014 1810 1213 1847 magnam
1245 1799 1418 1836 ueniret
1449 1812 1567 1849 spem
1599 1799 1709 1841 fore,
1735 1805 1780 1837 ut

151 1865 355 1916 permulti
387 1879 521 1916 opera
551 1872 801 1904 nostrorum
832 1867 956 1905 breui
987 1869 1198 1918 temporis
1229 1870 1374 1920 spacio
1397 1870 1438 1907 in
1470 1875 1564 1908 tota
1585 1871 1780 1908 selesita-

151 1952 243 1976 rum
263 1939 489 1989 prouincia
510 1939 653 1988 prisco
679 1938 857 1977 candori
877 1938 978 1977 fidei
1010 1952 1060 1978 ac
1080 1940 1256 1990 pietatis
1287 1954 1394 1980 uere
1423 1942 1683 1980 christianae
1716 1955 1780 1980 re-

154 2011 404 2048 stituantur.

206 2091 242 2131 5.
301 2082 367 2120 De
398 2082 662 2131 quotidianis
693 2088 738 2120 et
768 2083 906 2121 solitis
938 2085 1329 2124 exercitationibus
1357 2091 1605 2125 nostrorum
1629 2086 1778 2125 tamin

197 2219 217 2239 a
264 2232 345 2257 non
365 2219 540 2265 vulgare
560 2219 609 2255 ab
629 2232 677 2256 eo
694 2219 890 2257 auxilium
911 2232 1000 2258 esse
1019 2227 1295 2268 accepturum.
1349 2225 1414 2249 —b
1439 2223 1719 2260 Vratislauiae
1738 2223 1781 2260 in

154 2290 291 2325 marg.
346 2285 409 2304 -0
435 2278 614 2315 studiose
633 2283 771 2325 supra
791 2290 899 2316 vers.

203 2414 211 2433 ¹
263 2412 308 2449 In
345 2411 532 2456 catalogo
567 2410 733 2458 collegii
766 2412 996 2449 viennensis
1027 2412 1217 2450 Viennae
1253 2427 1358 2450 anno
1392 2413 1479 2451 1561
1514 2414 1633 2458 edito,
1662 2425 1781 2461 quem

154 2473 300 2510 iterum
320 2470 443 2507 edidit
459 2470 502 2507 P.
525 2469 836 2517 Sommervogel
857 2472 959 2515 (Les
971 2473 1167 2519 sesuites
1185 2474 1240 2510 de
1258 2475 1398 2511 Rome
1416 2480 1453 2510 ec
1475 2474 1530 2511 de
1553 2474 1713 2511 Vienne
1732 2484 1782 2510 en

158 2530 387 2569 MDLXJ
399 2530 572 2574 d‘apres
589 2541 649 2566 un
669 2531 898 2577 Catalogue
914 2534 1142 2570 rarissime
1156 2533 1210 2570 de
1224 2533 1424 2580 l’epoqne.
1443 2532 1660 2570 Bruxelles
1680 2532 1782 2577 1892)

153 2595 389 2628 recensetur
412 2588 663 2625 «stanislaus
682 2588 1001 2628 Rosorazebschi
1022 2593 1362 2637 (Rosdrazowski)
1382 2592 1704 2639 uicepraefectus
1719 2593 1781 2628 dor

155 2663 243 2687 mus
261 2649 551 2692 conuictorum,
573 2647 786 2685 polonus».
808 2649 869 2686 De
897 2663 944 2686 eo
970 2651 1010 2687 in
1038 2654 1225 2698 catalogo
1252 2653 1344 2688 coll.
1375 2652 1607 2689 viennensis
1636 2652 1784 2688 mensis

151 2708 335 2757 Januarii
364 2707 454 2745 1562
486 2707 539 2747 <in
559 2708 645 2744 cod.
671 2708 814 2745 Austr.
837 2709 929 2754 122,
950 2709 977 2746 f.
997 2711 1033 2755 4)
1053 2711 1153 2747 haec
1172 2712 1373 2749 dicuntur:
1398 2711 1650 2748 «Stanislaus
1670 2711 1779 2747 Polo-

155 2782 242 2809 nus,
264 2768 389 2804 dioec.
411 2767 689 2812 posnanensis,
712 2768 870 2811 nobilis,
891 2782 1087 2806 annorum
1106 2770 1164 2813 22,
1185 2770 1209 2807 2
1227 2771 1266 2807 in
1292 2770 1513 2815 Societate3
1534 2772 1688 2817 logicus
1708 2770 1783 2815 pri·

156 2829 208 2864 mi
227 2827 335 2869 anni,
358 2827 458 2871 pius,
479 2839 615 2866 sanus,
638 2828 686 2863 ad
707 2828 1017 2873 gubernandum
1037 2838 1166 2876 aptus.
1190 2830 1362 2875 Collega
1386 2830 1441 2866 M.
1465 2829 1718 2878 Pirjngerii».

204 2886 217 2906 ²
267 2884 526 2922 Vladislavia
546 2886 640 2922 urbs
663 2885 853 2923 Poloniae
873 2888 922 2923 ad
942 2887 1164 2929 Vistulam,
1196 2890 1318 2935 vulgo
1350 2889 1493 2925 dieitur
1516 2888 1783 2932 &vioe-lawe&

160 2945 412 2982 Vratislavia
433 2957 526 2981 vero
547 2946 641 2982 urbs
661 2952 721 2982 est
742 2945 915 2983 Silesiae
936 2948 1140 2993 primaria,
1164 2949 1287 2994 vulgo
1307 2948 1494 2985 Breslau.
1521 2949 1584 2984 De
1612 2948 1784 2993 collegio

157 3003 372 3042 societatis
406 3004 616 3041 condendo
651 3005 690 3041 in
726 3005 800 3042 hac
839 3010 1042 3052 postrema
1081 3007 1180 3044 urbe
1219 3008 1421 3054 agebatur
1461 3014 1554 3044 tunc
1594 3007 1785 3053 temporis

158 3063 222 3110 (ef.
246 3061 396 3100 Lainii
417 3063 626 3109 Monum.,
648 3063 701 3108 V,
725 3064 820 3109 150),
842 3077 918 3102 non
937 3069 1074 3102 tamen
1093 3065 1201 3103 felici
1219 3067 1343 3103 exitu.
