2038 3400
571 250 935 287 353.-MomAcfflo
960 249 1006 286 22
1033 249 1191 286 MARTn
1221 250 1309 287 1560
1641 254 1710 290 553

134 350 422 397 Monachium,
456 351 590 388 totius
623 352 834 389 Bauariae
864 350 1122 401 primariam,
1155 349 1346 388 aduentu
1368 352 1584 390 scribendi
1606 354 1757 391 faciam

133 421 314 468 initium,
338 422 417 459 fuit
439 422 473 459 is
495 435 646 460 mense
680 423 919 460 Nouembri
955 434 1066 460 anno
1100 422 1196 471 59.⁰
1222 421 1360 472 pridie
1394 424 1758 473 praesentationis

135 494 187 531 D.
210 494 414 544 Virginis,
437 506 520 532 nec
541 494 584 532 id
606 507 710 532 sane
732 499 918 541 temere,
940 507 1052 541 nam,
1076 500 1252 544 praeter
1273 507 1400 545 quam
1422 495 1539 545 quod
1562 496 1615 533 de
1639 509 1758 546 prae-

133 564 375 611 sentandis,
419 570 464 603 et
503 565 673 602 ardenti
715 566 927 603 charitate
971 564 1131 602 nostris
1172 564 1402 614 desiderijs
1449 571 1491 602 et
1532 567 1759 604 conatibus

135 635 259 673 &mae
291 636 489 673 Trinitati
523 636 766 685 offerendjs
800 637 842 674 in
873 636 1135 675 Germaniae
1165 636 1423 686 praesertim
1446 638 1646 683 salutem,
1671 638 1761 687 ipsa

133 720 211 744 nos
233 706 335 745 festi
355 706 466 744 ratio
490 707 766 754 admoneret,
789 707 977 746 accessit
1008 708 1138 745 etiam
1169 707 1320 745 nescio
1352 719 1462 757 quae
1494 707 1549 745 de
1584 708 1759 758 pientis-

132 777 239 815 simo
263 777 544 816 beatissimae
569 778 715 816 Matris
736 778 981 829 patrocinio
1005 784 1220 828 concepta
1239 777 1415 825 fiducia,
1439 784 1485 815 ut
1506 778 1694 816 faustum
1717 785 1760 817 et

133 848 267 886 foelix
291 849 465 887 omnino
489 861 716 899 speremus
747 850 938 887 futurum
960 857 992 896 a,
1025 849 1142 900 quod
1168 849 1211 887 in
1242 849 1431 899 Uirginis
1466 848 1578 887 illius
1614 851 1761 888 matris

136 920 413 958 solemnitate
437 920 583 958 diuina
606 920 737 958 ordiri
757 934 837 958 nos
858 920 997 958 voluit
1017 920 1308 970 prouidentia.
1333 919 1498 958 Aderat
1520 921 1589 958 hic
1611 921 1690 958 sub
1718 921 1759 958 id

134 990 344 1041 temporis
367 990 484 1029 R.d¹¹S
507 992 553 1029 P.
579 992 863 1030 Prouincialis
887 994 894 1012 ¹
918 1004 1003 1029 una
1024 1004 1120 1030 cum
1143 990 1328 1030 doctore
1351 991 1548 1042 Lanoyo,
1586 998 1759 1030 rectore

133 1060 480 1112 ingolstadiensi,
501 1063 573 1113 qui
590 1068 691 1101 ante
708 1063 889 1101 fratrum
905 1063 1142 1101 aduentum
1159 1063 1200 1101 in
1218 1063 1561 1101 habitationibus
1578 1064 1760 1114 alijsque

131 1132 185 1171 ad
221 1147 343 1171 usum
382 1134 683 1185 quotidianum
724 1135 987 1184 necessarijs
1026 1134 1335 1185 praeparandis
1374 1135 1447 1173 diu
1486 1136 1755 1187 multumque

134 1203 355 1252 sudarant3
378 1218 461 1244 nec
482 1210 629 1244 tamen
650 1206 822 1253 frustra,
846 1219 943 1244 nam
971 1207 1006 1244 si
1037 1206 1412 1254 commoditatem,
1449 1208 1761 1245 amoenitatem

132 1276 545 1327 amplitudinemque
569 1277 785 1328 designatj
807 1277 934 1316 nobis
955 1277 1041 1316 loci
1062 1282 1327 1328 spectemus,
1352 1291 1439 1316 non
1467 1278 1597 1317 facile
1632 1279 1760 1329 pluri-

134 1347 212 1385 mis
235 1347 364 1386 etiam
387 1347 481 1396 alijs
504 1347 634 1386 cedet
657 1349 872 1399 collegijs.
898 1349 1180 1386 Habitatores
1202 1348 1376 1398 quidem
1398 1349 1548 1387 habuit
1570 1349 1760 1399 aliquan-

132 1417 186 1456 do
218 1419 374 1458 fratres
405 1421 735 1470 augustinianos
757 1425 876 1458 totus
898 1421 967 1458 hic
988 1421 1126 1468 locus,
1150 1422 1223 1471 qui
1244 1421 1355 1458 ultra
1377 1422 1655 1473 septuaginta
1675 1435 1761 1460 non

132 1491 192 1528 ita
220 1491 389 1541 pridem
423 1491 494 1529 hic
529 1491 690 1529 uixisse
722 1491 940 1539 dicuntur3
976 1491 1055 1530 sed
1087 1498 1267 1543 propter
1301 1497 1549 1543 temporum
1579 1493 1760 1532 istorum

132 1562 344 1609 iniuriam,
371 1568 415 1600 et
435 1574 645 1613 praesens
668 1563 863 1601 seculum
884 1575 1071 1613 nequam
1093 1563 1165 1600 uix
1186 1563 1434 1613 paucissimj
1458 1563 1499 1601 in
1517 1564 1654 1602 altera
1671 1577 1760 1602 mo-

131 1632 309 1682 nasterij
334 1639 456 1683 parte
478 1646 592 1671 nunc
613 1634 769 1684 reliqui
791 1639 1041 1671 cernuntur.
1072 1635 1237 1672 Decem
1266 1633 1442 1684 quidem
1472 1640 1671 1672 nostrum
1702 1633 1760 1672 ui-

131 1717 258 1743 neam
288 1704 414 1743 istam
446 1705 680 1743 curandam
712 1711 1016 1755 susceperunt,
1050 1705 1128 1743 sed
1164 1711 1393 1744 crescente
1425 1706 1554 1744 isthic
1582 1712 1626 1744 et
1661 1705 1762 1744 alibi

136 1777 434 1826 operariorum
456 1789 655 1823 numero,
679 1789 767 1814 non
789 1777 1046 1827 ambigimus
1068 1776 1294 1815 denarium
1322 1777 1452 1815 istum
1481 1778 1659 1815 alterius
1689 1777 1762 1816 de-

132 1847 237 1896 narij
276 1847 531 1886 accessione
571 1846 830 1898 propediem
870 1847 1258 1898 multiplicandum,
1299 1861 1397 1886 nam
1437 1860 1581 1899 neque
1621 1848 1759 1896 locus,

135 1930 278 1969 neque
318 1923 514 1968 sumptus
553 1917 624 1956 hic
662 1918 837 1964 desunt,
878 1919 1192 1969 occupationes
1233 1919 1385 1966 etiam,
1424 1924 1467 1957 et
1507 1919 1682 1969 quidem
1720 1920 1762 1957 in

136 1995 284 2028 nostra
315 1989 541 2028 Societate
570 1990 842 2040 praecipuas,
867 2002 953 2027 non
974 1990 1044 2028 hic
1065 1989 1295 2035 defuturas
1313 2003 1367 2028 ex
1389 1992 1762 2041 consequentibus

135 2060 262 2100 facile
287 2061 369 2098 erit
390 2060 617 2111 colligere.

188 2142 225 2169 2.
296 2130 480 2170 Veniam
501 2143 614 2182 ergo
638 2132 697 2169 ad
715 2130 1046 2181 particularia,
1070 2133 1120 2168 ut
1140 2145 1192 2170 ex
1224 2131 1284 2183 zjs
1314 2131 1465 2184 diuinj
1495 2132 1695 2183 obseqm'j
1724 2135 1764 2172 et

135 2202 401 2240 animarum
422 2201 591 2240 salutis
609 2201 707 2251 (qui
721 2202 845 2240 solus
861 2201 990 2240 nobis
1010 2201 1115 2248 finis
1126 2202 1391 2253 propositus
1407 2204 1486 2254 est)
1502 2207 1577 2253 spe
1594 2203 1761 2242 eximia

133 2275 361 2323 concepta,
395 2274 650 2324 complures
681 2275 740 2311 ad
769 2272 907 2312 haias
936 2273 1091 2312 vineae
1125 2275 1357 2313 culturam
1388 2276 1427 2314 et
1458 2274 1762 2326 defensionem

134 2346 294 2383 contra
316 2343 718 2383 exterminatorem
741 2347 920 2394 aprum,
953 2346 992 2382 et
1023 2346 1394 2395 depraedatorem
1427 2346 1660 2384 diabolum
1692 2359 1761 2385 ac-

136 2417 390 2455 cendantur
411 2416 438 2454 ².
463 2416 545 2453 Vbi
566 2416 747 2466 primum
770 2416 855 2453 huc
882 2416 1107 2454 venissent
1133 2416 1271 2465 nostrj
1300 2417 1455 2467 partim
1486 2418 1637 2464 Roma,
1670 2430 1762 2467 par-

133 2488 209 2525 tim
239 2487 422 2533 Vienna,
460 2487 615 2537 partim
651 2486 919 2537 Ingolstadio
952 2487 1142 2536 euocatj,
1181 2487 1455 2526 commodam
1490 2488 1665 2539 quidem
1701 2489 1763 2526 sic

134 2559 238 2596 satis
266 2558 308 2596 in
339 2558 539 2609 proprios
570 2571 671 2595 usus
701 2558 815 2606 nactj
853 2563 952 2595 sunt
986 2558 1315 2606 habitationem3
1353 2559 1431 2597 sed
1462 2573 1593 2598 unum
1621 2561 1761 2597 solum

135 2618 246 2668 male
269 2642 346 2668 eos
369 2629 533 2676 habuit,
558 2628 675 2680 quod
697 2629 864 2667 scilicet
886 2630 1095 2679 temporis
1116 2629 1291 2681 aliquod
1326 2631 1534 2681 spacium,
1567 2631 1762 2681 quamuis

137 2701 372 2748 minimum,
404 2701 467 2739 eis
503 2701 767 2748 elaberetur,
800 2713 885 2751 quo
908 2700 1046 2739 solitis
1067 2701 1109 2739 in
1130 2702 1335 2740 auxilium
1356 2703 1652 2753 proximorum
1675 2715 1762 2740 non

184 2842 203 2862 ²²
254 2842 406 2880 Praec.
430 2854 470 2880 v.
491 2848 628 2889 supra
644 2853 752 2880 vers.

185 2998 193 3016 ¹
247 2995 292 3033 Β.
314 2996 461 3033 Petrus
481 2995 684 3033 Canisius.

185 3056 197 3075 ²
248 3055 312 3092 Cf.
334 3055 400 3093 Ps.
422 3054 618 3100 LXXIX,
644 3055 695 3092 14.
