2038 3400
348 251 412 288 644
666 291 668 293 ,
810 252 1028 289 LITTERAE
1064 254 1422 297 QUADmMEsTREs

300 354 342 391 in
363 368 464 405 quo,
490 355 583 394 fusa
605 356 820 403 oratione,
845 356 1045 394 veritatis
1069 356 1370 406 cognitionem
1390 369 1478 394 vna
1501 368 1598 395 cum
1619 355 1788 407 ingenti
1809 354 1931 394 dolo-

301 437 348 462 re
372 432 416 463 et
438 427 758 476 lachrymarum
780 427 983 466 vbertate
1015 428 1227 478 recaepit‚
1255 432 1299 465 et
1321 427 1374 465 ad
1397 428 1571 466 Patrem
1593 428 1710 465 illum
1727 438 1932 464 reuersus

304 508 451 535 veram
476 499 651 536 omnino
670 499 787 536 vitae
812 499 1167 537 emendationem
1193 504 1260 536 est
1281 499 1517 549 pollicitus.

355 579 392 615 3.
455 569 642 618 Quidam
665 571 795 608 etiam
817 570 1095 616 adolescens,
1119 574 1351 620 postquam
1373 569 1414 607 in
1436 569 1699 620 profundum
1721 570 1932 607 malorum

307 639 627 687 descendisset,
654 643 794 679 Deum
815 642 1122 692 propriamque
1155 642 1340 679 salutem
1377 645 1697 687 comtemnens,
1722 653 1769 678 se
1792 646 1932 678 totum

303 709 479 750 demoni
503 712 686 751 deuouit
709 719 752 751 et
776 714 947 759 obtulit,
987 714 1247 763 scripsitque
1283 713 1636 764 chyrographum
1667 714 1709 750 in
1744 713 1932 751 certissi-

301 797 415 821 mum
453 784 702 822 donationis
737 784 1054 823 testimonium.
1080 786 1119 822 Is
1146 784 1325 822 tandem
1348 792 1366 809 a
1403 786 1638 822 Lauretum
1675 784 1933 835 confugiens

300 853 528 893 daemonis
550 856 811 894 seruitutem
844 857 1001 903 euasit,
1020 856 1268 906 nostrisque
1293 855 1537 903 confessus,
1557 856 1691 893 vitam
1712 855 1755 893 in
1777 856 1933 894 melius

303 928 608 966 commutauit.

352 1011 390 1047 4.
452 998 624 1038 Nobilis
648 1006 692 1037 et
715 1001 838 1038 diues
873 1000 1061 1051 quedam
1083 1000 1254 1047 mulier,
1293 999 1489 1050 legitimo
1521 1000 1651 1037 thoro
1683 999 1854 1047 relicto,
1880 1012 1934 1038 ex

306 1070 413 1108 vrbe
435 1070 619 1121 quadarn
642 1072 844 1122 primaria
866 1071 907 1108 in
929 1071 1071 1109 Gallia
1094 1083 1191 1109 curn
1223 1071 1386 1109 amasio
1425 1082 1503 1108 suo
1534 1070 1577 1108 in
1607 1070 1773 1108 Italiam
1796 1070 1933 1117 venit,

304 1148 351 1179 vt
374 1142 674 1193 voluptatibus
695 1143 970 1181 licentiosius
995 1155 1172 1194 operam
1195 1142 1337 1190 daret;
1361 1154 1549 1193 cumque
1573 1141 1627 1180 ad
1648 1142 1760 1180 hanc
1782 1142 1935 1179 almam

305 1214 484 1252 domum
516 1215 796 1256 accessisset,
830 1214 981 1265 spiritu
1005 1214 1356 1264 compunctionis
1378 1214 1671 1251 vehementer
1695 1212 1932 1263 exagitata,

306 1298 481 1323 omnem
518 1285 832 1336 turpitudinem
867 1286 1055 1337 reliquit,
1095 1291 1139 1323 et
1160 1285 1215 1324 ad
1235 1285 1438 1337 proprios
1460 1285 1574 1322 lares
1605 1290 1730 1323 recto
1760 1285 1934 1322 tramite

300 1357 529 1395 remeauit.

355 1438 391 1476 5.
453 1427 537 1466 Alii
567 1442 743 1480 quoque
774 1429 1095 1480 propemodum
1126 1429 1280 1467 infiniti
1311 1427 1530 1466 sensibilis
1561 1427 1736 1466 diuinae
1767 1427 1934 1479 gratiae

302 1499 491 1538 effectus
512 1506 850 1551 percaeperunt.
875 1501 939 1538 Ex
962 1502 1118 1551 quibus
1140 1501 1212 1538 alii
1240 1501 1488 1538 inueterata
1520 1499 1634 1546 odia,
1666 1499 1739 1537 alii
1769 1498 1934 1537 adulte—

302 1573 420 1610 rinos
444 1573 705 1610 concubitus
728 1573 1015 1622 reliquerunt,
1039 1571 1109 1610 alii
1126 1585 1202 1610 aes
1219 1573 1411 1610 alienum
1432 1572 1710 1618 exoluerunt,
1731 1569 1801 1609 alii
1818 1570 1936 1608 deni-

301 1656 403 1694 que,
430 1643 609 1682 deuicto
631 1645 808 1695 generis
830 1644 1005 1682 humani
1027 1645 1173 1691 hoste,
1199 1656 1480 1694 excussoque
1512 1643 1699 1694 peccati,
1724 1641 1870 1680 mundi
1893 1647 1936 1680 et

308 1716 448 1754 carnis
479 1717 599 1767 iugo,
625 1729 670 1754 se
694 1716 748 1754 ad
770 1716 870 1754 Iesu
891 1717 1012 1767 Xpri.
1039 1721 1182 1754 castra
1218 1717 1553 1754 transtulerunt.
1578 1715 1625 1753 In
1647 1715 1803 1765 quibus
1824 1713 1936 1751 duae

302 1788 496 1839 virgines
520 1801 573 1826 ex
597 1789 683 1826 hoc
705 1788 928 1839 oppidulo,
954 1787 1098 1826 multis
1129 1789 1299 1826 animae
1323 1794 1367 1826 et
1388 1793 1574 1825 naturae
1612 1786 1788 1824 dotibus
1811 1798 1937 1823 exor-

298 1865 444 1906 natae,
463 1867 694 1910 postquam
713 1873 737 1898 a
753 1861 915 1898 nostris
935 1860 978 1897 in
999 1861 1070 1897 via
1091 1859 1267 1898 Domini
1289 1860 1452 1910 optime
1474 1859 1656 1896 fuerunt
1677 1858 1933 1903 instructae,

299 1944 347 1969 se
365 1938 482 1969 totas
499 1945 661 1982 sponso
680 1933 811 1982 Xpro.
831 1937 1162 1978 consecrarunt,
1182 1931 1437 1980 relictisque
1456 1931 1586 1968 huius
1603 1930 1770 1967 fallacis
1787 1941 1934 1967 saecu-

299 2003 327 2040 li
356 2003 591 2050 illecebris,
626 2004 1021 2042 sanctimonialium
1054 2002 1320 2041 coenobium
1352 2016 1450 2040 cum
1483 2002 1650 2052 ingenti
1685 2001 1929 2039 animorum

300 2075 573 2113 exultatione
602 2082 702 2113 sunt
730 2075 974 2126 ingressae.
1072 2075 1074 2079 ’

350 2147 388 2185 6.
450 2148 589 2185 Vicini
613 2160 718 2185 uero
742 2148 889 2198 populi
910 2152 1072 2197 quanta
1087 2159 1168 2184 nos
1194 2147 1360 2196 pietate
1378 2150 1716 2195 prosequantur,
1741 2143 1935 2182 declarat

298 2231 385 2255 non
409 2219 548 2256 solum
569 2219 687 2269 quod
709 2218 762 2256 ad
783 2232 863 2256 nos
885 2219 1173 2257 libentissime
1204 2218 1399 2264 veniant,
1432 2223 1480 2254 vt
1511 2229 1610 2254 suas
1642 2215 1935 2254 conscientias

299 2291 495 2340 aperiant
525 2303 575 2328 ac
606 2291 787 2328 consilia
818 2291 1052 2341 spiritualis
1086 2291 1200 2328 vitae
1232 2289 1462 2339 accipiant3
1486 2288 1565 2326 sed
1588 2288 1720 2326 etiam
1740 2286 1858 2338 quod
1880 2299 1933 2324 ex

297 2368 449 2399 nostro
474 2363 663 2412 collegio
688 2363 1028 2400 concionatores
1051 2361 1131 2399 sibi
1155 2359 1342 2411 cupiant,
1376 2373 1562 2410 quorum
1592 2359 1833 2397 ministerio
1864 2370 1934 2408 pa-

299 2446 374 2470 ccs
409 2433 596 2473 firmare,
637 2447 781 2471 mores
816 2434 858 2471 in
894 2434 1048 2470 melius
1084 2439 1371 2478 commutare,
1411 2438 1455 2469 et
1490 2443 1601 2482 quae
1636 2430 1691 2468 ad
1724 2430 1933 2481 pietatem

297 2510 514 2554 spectant,
536 2505 698 2554 optime
718 2505 988 2542 constituere
1011 2504 1194 2554 possint.
1219 2503 1307 2542 Sed
1328 2515 1406 2553 pro
1425 2502 1566 2540 dolor!
1587 2501 1742 2539 messis
1758 2499 1933 2551 quidem

300 2575 446 2622 multa,
473 2576 656 2625 operarii
681 2583 829 2613 autem
850 2576 974 2625 pauci
1002 2581 1026 2613 ¹.

354 2657 388 2694 7.
451 2645 641 2696 Optabat
662 2645 783 2683 initio
806 2647 932 2683 huius
964 2644 1325 2696 quadragesimae
1357 2643 1672 2681 illustrissimus
1705 2641 1792 2679 dux
1822 2641 1933 2679 vrbi-

298 2731 377 2755 nus
413 2717 523 2767 [sic]‚
558 2731 641 2755 vna
671 2730 768 2755 cum
791 2717 1027 2755 clarissima
1049 2729 1126 2754 sua
1149 2717 1337 2767 coniuge
1360 2716 1372 2732 ²
1395 2721 1439 2753 et
1461 2715 1573 2752 illius
1595 2714 1720 2752 aulae
1742 2712 1933 2763 primati-

347 2868 366 2887 a
416 2867 569 2904 Praec.
591 2878 630 2904 v.
651 2871 789 2914 supra
809 2878 918 2904 vers.

348 3019 355 3037 ¹
410 3016 609 3059 MATR-1..
630 3015 702 3058 ΙΧ,
724 3016 782 3052 37.

347 3077 359 3096 ‘²
410 3074 546 3114 Guido
564 3075 749 3113 Ubaldus
768 3076 817 3112 de
838 3076 1001 3111 Rovere
1021 3080 1060 3112 et
1082 3074 1265 3111 Victoria
1285 3073 1484 3111 Farnese.
