2038 3400
561 248 920 286 353.-M0NACH10
950 247 996 284 22
1027 246 1188 284 MARTII
1226 249 1314 285 1560
1636 248 1703 286 557

130 352 246 398 tatis,
270 350 342 401 qui
362 355 483 388 tanto
507 350 670 401 gratior
694 355 775 396 est,
799 354 961 399 quanto
983 348 1169 399 populus
1198 349 1281 387 iste
1313 350 1634 388 monachiensis
1664 351 1750 388 aui-

130 428 200 460 tae
230 422 429 473 religionj
468 427 512 459 et
543 422 702 459 sanctis
733 421 958 460 Ecclesiae
982 421 1245 470 ceremonijs
1267 422 1464 458 tenacius
1487 422 1617 459 etiam
1639 434 1752 459 nunc

130 494 355 532 adhaeret.
379 494 435 531 Et
456 506 621 531 summa
643 500 764 531 certe
788 494 1031 532 consolatio
1056 499 1123 531 est
1144 494 1185 530 in
1206 493 1351 530 medio
1382 493 1570 531 nationis
1590 506 1751 544 prauae

131 577 313 603 cernere
353 570 516 602 tantam
558 565 801 603 electorum
837 565 1021 616 copiam,
1057 565 1128 615 qui
1163 577 1250 602 non
1287 571 1580 603 curuauerunt
1610 578 1753 615 genua

129 636 248 674 idolo
279 636 338 685 illj
370 636 594 674 islebiensi
627 638 651 674 ¹.
685 637 910 674 Missarum
951 636 1161 674 sacrificia
1201 621 1518 673 studiosissime
1552 636 1752 686 frequen-

131 712 237 754 tant,
263 712 306 744 et
326 719 404 757 pro
428 719 475 744 se
497 706 673 757 suisque
693 719 744 744 ea
762 707 912 745 offerri
932 706 1241 745 instantissime
1265 706 1447 744 subinde
1466 719 1490 744 a
1509 706 1636 744 nobis
1656 719 1753 756 pos·

129 779 284 824 tulant3
308 777 408 816 dum
431 782 577 816 autem
599 778 703 816 nihil
724 792 801 829 pro
824 779 876 828 ijs
898 779 1081 828 alijsque
1102 778 1278 828 pietatis
1314 777 1471 826 officijs
1501 778 1751 828 accipimus,

131 862 258 899 supra
278 862 405 900 quam
428 849 548 888 credi
568 854 717 899 potest
739 850 961 897 mirantur,
989 855 1032 887 et
1061 849 1266 900 suspicatj
1295 855 1396 888 sunt
1424 849 1546 887 initio
1578 862 1657 887 nos
1679 849 1754 887 ho-

128 925 256 958 nesto
284 920 370 957 hoc
402 924 637 971 praetextu
670 920 814 959 officia
847 919 1092 959 istiusmodi
1123 926 1168 958 et
1196 921 1371 958 labores
1401 920 1594 958 refutare
1622 919 1753 964 uelle3

130 991 208 1029 sed
236 991 362 1041 plane
393 991 476 1029 iam
507 992 755 1042 intelligere
787 992 989 1030 uidentur
1018 985 1099 1030 nos
1132 997 1175 1029 et
1204 991 1552 1042 promptissimos
1582 1004 1678 1030 esse
1702 989 1755 1028 ad

129 1063 239 1099 haec
261 1062 418 1107 omnia,
444 1067 487 1100 et
509 1063 776 1109 mercedem,
800 1068 1106 1114 praeterquam
1128 1075 1152 1101 a
1172 1062 1289 1100 DEO
1313 1062 1413 1114 Opt.
1440 1063 1570 1109 Max.,
1594 1062 1753 1100 nullam

131 1139 380 1184 expectare.
424 1134 678 1173 Catholicae
718 1135 820 1184 fidej
864 1141 908 1173 et
948 1135 1174 1173 doctrinae
1214 1134 1390 1172 assidua
1426 1134 1753 1185 praedicatione

127 1209 359 1256 tantopere
382 1206 502 1243 multi
524 1210 794 1253 recreantur,
818 1212 865 1244 ut
886 1219 970 1244 una
988 1207 1056 1245 uel
1073 1207 1210 1244 altera
1230 1206 1339 1244 hora
1360 1205 1561 1255 concionj
1586 1206 1753 1256 asigna-

128 1280 219 1313 tum
239 1279 411 1327 tempus
433 1282 731 1324 anteuertere,
757 1282 801 1315 et
823 1277 1056 1316 commodo
1079 1277 1133 1315 ad
1153 1276 1418 1315 audiendum
1440 1277 1538 1315 loco
1557 1276 1752 1323 delecto,

128 1346 346 1395 patienter
363 1347 686 1386 concionatoris
702 1349 960 1398 praestolarj
985 1348 1221 1386 aduentum
1239 1349 1426 1386 soleant.
1447 1348 1562 1398 Erga
1579 1347 1755 1385 defunc-

130 1422 199 1454 tos
221 1416 403 1456 deuotio
435 1424 501 1456 est
533 1419 658 1457 huius
691 1420 840 1470 populi
862 1427 880 1444 a
910 1420 1152 1470 singularis,
1185 1420 1357 1470 qualem
1389 1419 1520 1457 etiam
1552 1413 1755 1456 alibi'uix

131 1500 311 1537 usquam
332 1487 530 1527 uiderim:
554 1490 597 1528 in
619 1503 798 1538 summa,
822 1496 997 1542 praesto
1021 1497 1120 1529 sunt
1140 1489 1210 1529 hic
1233 1491 1376 1529 onmia
1397 1490 1439 1528 in
1467 1490 1622 1540 quibus
1643 1490 1757 1528 iusta

130 1559 365 1598 Societatis
385 1567 563 1599 nostrae
585 1562 806 1600 desideria
833 1563 1000 1613 expleri
1029 1563 1212 1614 possint.
1246 1562 1357 1600 Nam
1389 1562 1482 1600 siue
1515 1561 1758 1599 catholicos

131 1631 387 1670 confirmare
411 1636 454 1670 et
476 1632 529 1670 ad
550 1634 866 1683 poenitentiam
888 1634 1068 1681 hortari,
1091 1636 1183 1672 siue
1208 1640 1405 1672 errantes
1429 1638 1473 1671 et
1494 1632 1548 1671 de
1576 1631 1663 1670 fide
1685 1645 1758 1683 pe-

130 1702 369 1741 riclitantes
390 1703 432 1741 in
454 1704 566 1742 uiam
595 1706 792 1743 ueritatis
820 1706 1051 1753 reducere,
1089 1706 1181 1744 siue
1204 1705 1260 1743 de
1282 1706 1511 1743 iuuentute
1533 1705 1648 1742 bene
1670 1717 1757 1742 me-

131 1773 232 1822 rerj,
265 1775 335 1811 uel
357 1773 535 1813 infirmis
557 1781 601 1813 et
622 1776 793 1815 afflictis
816 1778 972 1816 solatio
996 1789 1095 1815 esse
1118 1777 1279 1828 cupias,
1306 1777 1563 1815 occasiones
1585 1774 1757 1814 abunde

131 1845 202 1883 hic
224 1846 413 1885 omnium
436 1848 563 1885 saluti
585 1848 840 1898 consulendj
871 1853 1123 1899 suppetunt.

189 1919 224 1957 6.
284 1921 579 1959 Recenserem
600 1921 670 1958 hic
691 1921 838 1966 multa,
863 1932 973 1970 quae
996 1920 1050 1958 ad
1070 1920 1282 1958 illustriss.
1305 1919 1428 1958 ducis
1449 1919 1586 1968 nostrj
1610 1920 1652 1957 in
1668 1918 1754 1957 fide

134 1993 444 2043 synceritatem
475 1998 519 2030 et
549 1991 852 2039 constantiam,
884 1997 976 2029 turn
1008 1992 1138 2030 etiarn
1168 1992 1379 2042 pietatem
1410 1991 1612 2029 eximiam
1644 2002 1758 2028 com-

131 2064 399 2115 probandam
419 2064 633 2109 facerent3
657 2062 736 2101 sed
757 2064 843 2101 hoc
859 2076 946 2100 uno
964 2062 1220 2111 nobilissimj
1247 2063 1266 2087 b
1289 2063 1416 2111 animj
1441 2062 1515 2100 sui
1535 2061 1759 2112 integrita-

132 2141 222 2174 tem
253 2134 356 2173 satis
391 2147 608 2186 superque
644 2134 893 2172 declarasse
928 2134 1089 2181 iudico,
1126 2133 1244 2184 quod
1278 2133 1383 2171 nihil
1418 2134 1584 2172 ueritus
1621 2133 1758 2170 offen-

131 2208 299 2246 sionem
340 2212 384 2244 et
429 2219 648 2244 murmura
695 2206 1037 2252 haereticorum,
1084 2205 1239 2256 quibus
1283 2211 1378 2243 tota
1421 2206 1532 2243 haec
1566 2203 1756 2254 undique

132 2278 269 2329 patria
299 2278 590 2328 circumsepta
620 2283 702 2324 est,
735 2277 894 2328 quique
924 2277 1225 2315 infensissimis
1246 2289 1326 2314 nos
1353 2276 1463 2325 odijs
1485 2275 1621 2324 uelutj
1646 2274 1758 2324 capi-

133 2351 242 2388 tales
262 2345 461 2387 inimicos
494 2354 832 2399 prosequuntur,
866 2348 999 2399 quod,
1037 2348 1226 2399 inquam,
1263 2361 1344 2386 nos
1378 2361 1465 2386 non
1500 2346 1755 2398 Ingolstadij

133 2420 281 2467 modo,
306 2420 385 2459 sed
407 2424 450 2458 et
471 2420 514 2458 in
547 2419 709 2470 inclyta
729 2420 824 2466 hac,
849 2419 1071 2469 totiusque
1095 2419 1272 2457 ditionis
1295 2431 1398 2457 suae
1430 2418 1630 2469 primaria
1652 2416 1758 2455 urbe

133 2491 297 2529 habere
320 2491 508 2529 uoluerit
529 2491 740 2528 alumnos.
767 2490 999 2537 Insaniam,
1030 2497 1046 2515 0
1068 2490 1314 2536 mussitent,
1347 2491 1524 2539 crepent
1555 2488 1758 2526 aduersa-

133 2563 199 2611 rij.
234 2563 525 2602 Conseruabit
557 2562 683 2600 nobis
714 2573 909 2611 suaeque
940 2574 1126 2612 sponsae
1149 2562 1375 2599 Ecclesiae
1406 2560 1653 2598 bauaricam
1684 2559 1758 2596 do—

135 2647 251 2671 mum
282 2635 384 2672 Dns.
412 2634 554 2683 Jesvs.
586 2633 695 2671 Nam
728 2639 827 2683 post
849 2632 1076 2671 diuturnos
1099 2638 1143 2670 et
1164 2632 1412 2670 indefessos
1433 2632 1757 2670 haereticorum

136 2709 318 2743 conatus
339 2704 393 2742 ad
429 2705 577 2755 optimj
610 2705 736 2742 huius
767 2710 810 2741 et
839 2703 1129 2754 potentissimj
1162 2703 1365 2754 principis
1402 2708 1595 2741 sanctam
1627 2701 1757 2739 fidem

134 2776 473 2826 peruertendam
494 2776 729 2822 adhibitos,
753 2787 891 2825 usque
913 2774 1025 2812 adeo
1056 2774 1160 2812 nihil
1181 2779 1516 2825 promouerunt,
1540 2779 1586 2810 ut
1608 2774 1758 2810 haere-

182 2919 202 2938 a
252 2920 343 2965 Seq.
366 2923 524 2956 lterum
544 2919 704 2956 deuotio
724 2918 805 2954 del.
870 2919 926 2942 Δ)
948 2918 1047 2954 eius.
1102 2926 1163 2943 -—0
1185 2931 1244 2954 ac.

186 3058 194 3077 ¹
246 3056 449 3094 Martinus
467 3056 672 3094 Lutherus
691 3055 863 3092 Islebiae
884 3054 1106 3100 (Eisleben)
1126 3060 1258 3102 natus;
1278 3060 1317 3091 et
1336 3054 1385 3092 ct.
1408 3055 1531 3096 Rom..
1554 3051 1625 3093 XI,
1646 3052 1679 3088 4.
