2038 3400
305 256 347 295 16
768 258 988 298 LITTERAE
1017 262 1373 307 QUADRIMESTRES

251 353 421 393 diendis
443 356 792 396 confessionibus
815 364 972 409 rogatu
1004 359 1051 397 R.
1077 358 1184 397 Pris.
1218 359 1437 397 Leonardi
1460 364 1467 383 ¹
1501 359 1704 410 (deerant
1725 359 1886 411 quippe

250 425 375 464 nobis
394 428 651 466 sacerdotes
669 429 741 479 qui
761 434 909 467 tantae
928 429 1192 469 multitudini
1209 430 1455 469 audiendae
1473 430 1797 482 sufficere[n]t),
1819 443 1889 469 oc-

251 497 503 547 cupabatur.
540 498 764 547 Quamuis
795 500 981 540 bzssdumn
1002 502 1068 541 vel
1100 501 1308 540 triduum
1330 501 1434 552 fere
1462 515 1576 540 vnus
1607 504 1739 552 abque
1772 503 1888 541 alter

250 567 298 606 in
318 568 478 608 iisdem
500 572 603 609 ante
625 572 1000 622 consumpserint.
1021 573 1165 623 Atque
1202 573 1317 611 istud
1347 574 1389 611 in
1425 573 1762 611 solemnioribus
1797 573 1887 623 qui-

250 639 418 690 busque
454 640 579 678 festis
600 641 820 680 vsuuenit.
846 642 1103 682 Cuiusmodi
1125 649 1226 681 sunt
1247 644 1361 682 festa
1388 644 1484 681 Dni.
1510 644 1765 690 Saluatoris,
1790 644 1891 681 Dei-

248 724 380 761 parae
402 713 606 763 Virginis,
632 714 834 752 Omnium
864 716 1139 762 Sanctorum,
1172 714 1429 766 principium
1451 714 1812 765 quadragesimae
1846 721 1890 752 et

250 781 416 821 similia.
442 783 505 821 Ex
537 783 745 822 studiosis
775 785 905 823 etiam
936 786 1204 836 generaliter
1227 785 1350 824 multi
1381 786 1572 824 confessi
1604 791 1720 833 sunt3
1745 798 1888 824 sacer·

251 853 381 892 dotes
402 860 507 902 tres,
533 862 577 893 et
598 855 668 893 alii
689 856 840 895 nescio
863 862 970 908 quot
991 870 1190 905 numero,
1217 870 1271 895 ex
1293 858 1344 895 iis
1365 870 1540 908 quoque
1562 855 1635 908 qui
1655 861 1757 894 ante
1787 857 1888 894 hae-

252 926 339 963 resi
355 926 507 965 infecti
522 927 709 965 fuerant.
734 928 858 965 Haec
874 929 941 978 pia
962 929 1188 977 exercitia,
1209 929 1363 967 studiis
1379 930 1592 967 bonarum
1614 927 1770 966 artium
1788 940 1889 966 con-

250 996 413 1045 iuncta,
441 997 666 1048 operarios
688 997 951 1049 quandoque
974 999 1102 1037 vinae
1125 1001 1222 1038 Dni.
1247 1000 1502 1038 vtilissimos
1532 1000 1746 1051 parabunt
1765 1000 1798 1037 a.
1822 999 1886 1037 Ex

251 1068 577 1107 haereticorum
599 1069 708 1107 locis
729 1069 748 1094 b
771 1069 945 1119 quidam
969 1070 1100 1108 etiam
1123 1071 1434 1110 adolescentes
1456 1072 1541 1109 huc
1557 1071 1611 1109 ad
1638 1084 1719 1108 nos
1741 1082 1889 1109 acces-

253 1145 367 1188 runt,
401 1153 585 1192 quorum
615 1142 810 1179 nonnulli
840 1142 913 1179 vix
945 1143 1083 1181 semel
1113 1156 1191 1194 per
1214 1155 1388 1182 omnem
1410 1143 1545 1180 vitam
1577 1142 1770 1180 confessi
1796 1142 1887 1179 fue-

250 1217 362 1260 rant3
386 1212 576 1263 dumque
599 1225 697 1251 curn
720 1214 909 1251 caeteris
931 1214 1089 1252 missae
1112 1214 1338 1253 sacrificiis
1368 1213 1651 1260 interessent,
1676 1212 1886 1251 miraban-

248 1288 319 1322 tur
342 1283 559 1322 ecclesiae
588 1285 879 1332 ceremonias,
904 1284 1002 1334 quia
1033 1285 1143 1323 tales
1165 1286 1207 1323 in
1240 1298 1392 1324 eorum
1423 1284 1563 1335 patria
1583 1298 1670 1323 non
1693 1284 1888 1322 celebra-

249 1360 414 1394 rentur.
453 1357 509 1394 Hi
540 1355 671 1396 modo
705 1369 858 1396 omnes
889 1358 1126 1408 (neminem
1157 1357 1465 1408 excipiendum
1494 1358 1616 1407 noui)
1646 1357 1809 1408 optime
1831 1356 1886 1394 de

251 1427 468 1466 catholica
502 1427 717 1479 religione
754 1430 963 1468 sentiunt.
1004 1430 1155 1468 Missas
1191 1429 1371 1467 audiunt
1407 1442 1504 1467 cum
1541 1428 1633 1466 aliis
1669 1427 1882 1479 quotidie,

250 1498 577 1537 haereticorum
598 1500 734 1538 libros
756 1514 866 1551 quos
889 1514 1038 1540 secum
1062 1514 1116 1539 ex
1138 1502 1277 1551 patria
1297 1500 1549 1547 attulerant,
1573 1500 1646 1538 vel
1668 1499 1749 1550 ipsi
1771 1512 1888 1537 com-

249 1569 424 1619 burunt,
444 1571 516 1609 vel
537 1572 664 1610 nobis
686 1579 702 1597 0
725 1572 1051 1612 comburendos
1082 1572 1272 1611 tradunt.
1299 1572 1487 1622 Quidam
1520 1584 1672 1610 eorum
1703 1583 1887 1623 genera-

248 1642 335 1681 lem
371 1643 698 1682 confessionem
727 1644 946 1691 fecerunt,
972 1650 1016 1682 et
1037 1645 1109 1694 qui
1139 1644 1448 1695 prouectiores
1478 1643 1745 1693 aliquantum
1769 1648 1884 1689 sunt,

248 1713 643 1753 declamationibus
665 1714 753 1753 suis
775 1715 1000 1754 hereticos
1022 1716 1310 1753 insectantur.

301 1795 340 1835 7.
399 1787 568 1825 Horum
591 1787 783 1825 omnium
805 1800 951 1826 rumor
973 1800 1060 1825 non
1081 1787 1135 1825 ad
1157 1787 1322 1826 vicinas
1343 1787 1475 1825 modo
1495 1787 1713 1833 ciuitates,
1732 1798 1886 1823 verum

247 1857 302 1895 ad
332 1858 597 1896 remotiores
626 1859 874 1909 prouincias
903 1864 1169 1910 peruagatus
1200 1864 1281 1906 est,
1316 1864 1360 1896 vt
1384 1871 1439 1896 ex
1464 1857 1658 1905 Polonia‚
1685 1857 1886 1896 Wittem-

248 1931 387 1981 berga
408 1936 452 1969 et
474 1930 716 1982 Argentina
738 1930 975 1981 discipulos
997 1930 1250 1977 habeamus,
1274 1936 1405 1980 atque
1426 1929 1675 1980 pomeranis
1699 1934 1741 1966 et
1773 1940 1886 1966 mec—

247 2002 616 2054 kelburgensibus
636 2002 969 2041 innotuerimus.
996 2002 1396 2053 Argentoratenses
1415 2001 1649 2051 collegium
1667 1999 1782 2037 istud
1799 2012 1885 2037 non

247 2074 393 2112 ferunt
415 2074 615 2124 (veniunt
638 2075 752 2112 enim
775 2086 829 2112 ex
853 2086 1005 2112 eorum
1028 2073 1179 2111 schola
1198 2073 1283 2110 huc
1313 2072 1539 2121 nonnulli),
1573 2071 1651 2109 sed
1681 2075 1885 2121 tanquam

247 2146 329 2185 sibi
349 2146 511 2196 aliquid
533 2147 633 2184 mali
654 2146 850 2193 timeant,
875 2145 1138 2183 diabolicum
1157 2144 1391 2195 collegium
1408 2148 1585 2190 vocant,
1604 2142 1886 2194 quemadmo-

249 2217 351 2256 dum
372 2218 618 2257 retulerunt
638 2217 813 2269 quidam
834 2218 950 2256 illinc
971 2218 1056 2256 huc
1078 2217 1324 2255 venientes.
1350 2216 1592 2266 Augustam
1614 2227 1789 2265 quoque
1819 2227 1887 2253 ca-

249 2290 417 2341 thalogi
437 2290 677 2329 lectionum
698 2293 945 2327 nostrarum
969 2287 1183 2339 superiori
1223 2300 1335 2326 anno
1356 2288 1471 2338 typis
1495 2287 1660 2333 excusi,
1684 2299 1771 2324 non
1794 2286 1885 2323 sine

249 2362 539 2400 celeberrima
559 2361 674 2399 fama
695 2361 886 2411 collegii,
909 2360 1066 2410 perlati
1084 2365 1199 2407 sunt3
1219 2365 1262 2398 et
1284 2358 1601 2397 mercatoribus
1629 2357 1886 2408 quibusdam

249 2433 531 2472 commissum
562 2438 644 2480 est,
682 2439 729 2471 vt
765 2438 934 2471 certum
969 2432 1130 2483 aliquid
1162 2431 1216 2470 de
1254 2444 1404 2482 sparso
1442 2442 1617 2468 rumore
1652 2429 1884 2475 referrent,

250 2505 598 2556 cathalogosque
630 2504 794 2555 aliquot
817 2516 966 2541 secum
1002 2503 1301 2554 adportarent.
1340 2504 1417 2541 Est
1450 2507 1684 2553 praeterea
1718 2501 1887 2538 vicinus

250 2576 424 2627 quidam
446 2574 794 2627 gymnasiarcha‚
825 2580 972 2612 rector
995 2574 1356 2624 duseldorpensis
1377 2579 1404 2619 ²,
1429 2573 1501 2623 qui
1535 2572 1615 2609 sub
1637 2584 1714 2609 sua
1749 2571 1887 2608 ferula

251 2648 424 2687 circiter
446 2648 562 2686 mille
584 2647 819 2698 quigentos
841 2647 1005 2684 habere
1028 2645 1274 2692 consueuit,
1308 2644 1387 2682 sed
1408 2644 1581 2682 haeresi
1602 2643 1790 2681 infectus
1812 2643 1885 2680 mi-

251 2732 394 2758 seram
414 2720 690 2758 iuuentutem
713 2718 965 2768 corrumpit.
992 2717 1074 2755 Hic
1103 2729 1241 2767 nuper
1263 2716 1357 2754 viro
1389 2715 1475 2753 fide
1507 2714 1762 2765 dignissimo
1786 2727 1886 2752 con-

298 2877 318 2896 ²²
368 2877 527 2924 parabit
545 2887 625 2913 ms.
681 2878 745 2902 —b
768 2875 913 2923 Supra
933 2886 1042 2912 vers.
1094 2881 1159 2900 —0
1179 2873 1316 2910 Prius
1334 2872 1437 2910 aliis.

300 3018 308 3037 ¹
362 3015 406 3053 P.
428 3015 670 3053 Leonardus
688 3014 853 3052 Kessel.

300 3078 312 3096 ²¹
364 3075 427 3114 Cf.
449 3076 552 3114 Litt.
573 3075 826 3123 Quadam..
853 3074 903 3121 V,
922 3074 1005 3111 811.
