2038 3400
355 248 424 285 462
822 246 1041 287 LITTERAE
1068 251 1424 297 QUAomMissrREs

308 353 495 392 mittant.
519 352 566 391 Id
587 351 693 392 fecit
713 353 827 391 inter
849 353 957 392 alios
992 355 1077 392 hoc
1111 353 1419 403 quadrimestri
1454 356 1582 393 Rmus
1620 355 1827 406 Quinque
1859 355 1937 393 Ec-

309 425 553 469 clesiarum‚
591 424 634 463 id
680 426 806 463 R.¹¹²¹¹S
841 427 1014 477 legatus
1047 426 1197 475 inclyti
1233 425 1328 477 regi
1367 425 1459 478 [sic]
1499 427 1711 466 Poloniae
1744 430 1769 475 ¹,
1799 428 1885 465 imo
1921 428 1937 446 ²¹

309 508 425 534 caes.
452 496 506 534 M.
531 497 549 521 b
572 496 606 534 si
627 496 801 548 quando
838 510 1023 536 censura
1057 497 1369 548 theologorum
1401 498 1647 548 requiratur
1678 498 1720 536 in
1755 510 1802 536 re
1838 511 1939 549 qua-

307 567 435 617 piam,
460 579 484 605 a
505 567 761 607 doctoribus
795 569 957 606 nostris
994 580 1046 606 ea
1081 573 1126 606 ut
1159 567 1360 619 exigatur
1394 568 1531 616 iubet,
1570 569 1938 620 quemadmodum

308 637 480 676 duobus
501 638 616 676 forte
639 639 795 677 abhinc
830 640 1051 678 mensibus
1078 639 1243 677 factum
1267 643 1348 677 est.
1373 640 1472 678 Hoc
1499 639 1902 678 animaduertentes
1924 646 1940 664 0

308 710 470 757 miseri,
496 710 668 749 afflictis
690 711 822 749 rebus
843 711 947 758 suis,
972 710 1025 749 ad
1047 723 1127 749 nos
1150 710 1426 761 confugiunt3
1449 711 1536 749 imo
1561 711 1692 749 etiam
1714 724 1738 749 a
1773 712 1940 762 magnis

309 781 494 820 dominis
516 782 570 820 ad
600 795 696 830 nos,
731 782 864 832 quasi
899 784 959 821 ad
991 795 1178 821 sacram
1209 781 1276 832 (nt
1307 781 1374 821 ita
1405 781 1572 829 dicam,
1605 781 1670 821 sic
1705 782 1823 822 enim
1854 781 1942 833 ipsi

307 853 621 905 szwtspicantar)
645 855 901 894 anchoram
922 855 1165 901 mittuntur,
1192 867 1289 893 cum
1311 855 1397 893 hoc
1420 855 1597 894 Caesari
1620 867 1671 893 ac
1701 855 1794 904 alijs
1829 854 1940 905 prin-

309 926 477 976 cipibus
514 938 612 964 esse
643 931 815 977 gratum
846 932 1021 973 norunt,
1048 927 1200 964 Patres
1221 927 1360 965 nostri
1381 927 1485 965 nihil
1508 926 1582 964 ulli
1603 932 1766 978 negant
1789 938 1940 964 eorum

307 1010 419 1048 quae
441 1004 639 1049 possunt.
666 999 766 1048 Quo
787 999 850 1046 fit,
875 1004 922 1036 ut
938 997 1143 1049 permulti
1159 997 1242 1036 iam
1260 998 1508 1049 intelligant
1530 1010 1577 1036 se
1595 998 1749 1036 fauore
1770 1003 1940 1036 nostro-

308 1083 401 1108 rum
422 1070 652 1120 plurimum
674 1083 807 1121 posse
828 1071 982 1117 iuuari,
1005 1082 1150 1121 neque
1174 1083 1251 1108 sua
1271 1070 1464 1120 ipsorum
1488 1083 1579 1122 spe,
1613 1082 1725 1121 quae
1760 1070 1842 1108 Dei
1875 1074 1940 1107 est

308 1141 542 1179 clementia
563 1154 614 1180 ac
635 1142 823 1189 bonitas,
847 1142 1124 1180 frustrantur.

388 1214 554 1264 Accipe
575 1214 687 1252 haec
707 1219 872 1261 nostra,
898 1215 944 1253 P.
968 1213 1202 1252 admodum
1227 1213 1338 1261 R.de,
1362 1213 1680 1265 qualiacunque
1704 1225 1756 1251 ea
1779 1212 1876 1260 sint,
1898 1219 1941 1250 et

308 1289 354 1323 vt
376 1284 521 1324 diuina
541 1285 721 1324 fauente
742 1285 882 1336 gratia
904 1285 1068 1324 maiora
1087 1284 1306 1337 possimus
1346 1284 1380 1332 d,
1418 1285 1577 1323 filiolos
1616 1289 1717 1323 tuos
1757 1283 1941 1322 assiduis

308 1355 466 1395 adiuua
495 1357 713 1408 precibus.
746 1357 944 1395 Viennae
975 1358 1178 1395 Austriae
1214 1368 1228 1395 1
1259 1356 1447 1408 Januarij
1485 1357 1598 1405 1560.
1633 1357 1681 1395 T.
1718 1357 1765 1394 R.
1801 1356 1846 1394 P.
1881 1355 1939 1393 in·

308 1428 465 1479 dignus
485 1428 598 1466 filius
619 1441 671 1468 ac
690 1428 837 1480 potius
859 1441 1014 1467 seruus
1036 1428 1077 1466 in
1098 1429 1174 1466 X.⁰
1191 1430 1294 1480 Jesu
1316 1428 1494 1475 inutilis,

1293 1518 1469 1556 THOMAs
1501 1518 1720 1555 ILLYRICUS
1751 1519 1777 1555 ².

389 1643 649 1695 Inscriptio.
675 1644 759 1682 Ihs.
786 1643 1144 1694 Quadrimestres
1179 1642 1356 1694 collegii
1380 1644 1534 1682 Caesa.
1574 1643 1814 1681 Societatis
1835 1643 1939 1693 Jesu

308 1716 505 1754 Viennae
542 1727 555 1754 1
586 1715 776 1768 Januarii
802 1715 902 1764 1560
940 1715 993 1753 ad
1016 1716 1062 1753 R.
1089 1716 1135 1753 Ρ.
1160 1728 1299 1752 nrum.
1325 1714 1632 1764 Praepositum
1656 1715 1936 1753 Generalem.

308 1789 488 1828 Romae.

388 1861 580 1899 Polanci
597 1872 740 1898 manu
762 1858 1009 1897 emendata.

386 1931 494 1971 Alia
528 1944 681 1970 manu.
716 1930 918 1969 Mandata
946 1942 971 1968 a
1001 1931 1188 1969 Genoua
1220 1934 1305 1968 etc.
1344 1941 1378 1975 13
1411 1930 1585 1980 Spagna
1614 1941 1654 1979 43
1687 1928 1868 1967 Francia
1906 1939 1939 1968 1:

308 2003 465 2055 Napoli
491 2014 524 2042 Ι.

354 2187 373 2205 a
427 2185 479 2215 et.
533 2179 599 2203 —b
624 2177 735 2213 *xl-tas
791 2185 852 2202 -0
873 2176 955 2213 alii.
1010 2177 1075 2202 -d
1099 2182 1296 2223 prestare.

355 2347 363 2366 ¹
420 2345 595 2382 Videtur
626 2343 795 2381 indicari
827 2341 1028 2379 Martinus
1057 2341 1293 2384 Cromerus,
1326 2340 1577 2388 sigismundi
1603 2340 1713 2386 regis
1744 2338 1939 2376 Poloniae

306 2406 467 2452 legatus
486 2405 592 2451 apud
611 2414 831 2440 caesarem.

354 2465 367 2484 ²
418 2464 478 2501 Ita
497 2463 797 2510 cognomitatur
815 2475 837 2498 a
858 2462 1001 2508 patria.
1025 2461 1145 2498 Alias
1169 2460 1315 2497 dicitur
1334 2459 1552 2503 Elaricius,
1579 2459 1807 2503 Sdelacius,
1840 2457 1939 2494 Zde—

307 2524 483 2562 laricius.
509 2523 614 2560 Vide
641 2521 999 2565 BRAUNSBERGER,
1027 2533 1089 2567 op.
1120 2533 1169 2563 c..
1199 2519 1248 2565 Il,
1268 2519 1350 2557 666.
1373 2520 1416 2557 In
1436 2521 1624 2565 catalogo
1643 2518 1808 2566 collegii
1830 2518 1922 2555 vien

307 2584 444 2621 nensis
462 2596 598 2631 supra,
620 2596 656 2630 p.
677 2582 758 2625 456,
781 2582 903 2619 citato
922 2581 971 2618 de
992 2594 1052 2626 eo,
1075 2583 1180 2618 inter
1198 2581 1279 2617 alia
1297 2580 1394 2617 dicit
1412 2579 1457 2616 P.
1479 2579 1611 2617 Grim:
1637 2579 1834 2616 «Thomas
1848 2577 1940 2614 Ela—

306 2644 427 2682 ricius
458 2643 646 2680 Sclauus.
681 2642 824 2679 Annos
854 2646 973 2678 natus
1003 2640 1060 2684 26.
1090 2646 1264 2688 quatuor
1295 2640 1335 2677 in
1367 2639 1572 2677 Societate
1604 2638 1692 2684 fuit;
1722 2638 1939 2685 aliquando

305 2704 465 2741 auditor
488 2702 716 2740 rhetoricae
744 2700 832 2741 fuit.
862 2705 1001 2747 postea
1030 2700 1286 2737 necessitatis
1316 2712 1439 2737 causa
1458 2699 1604 2736 tertiae
1624 2698 1744 2736 classi
1763 2697 1940 2744 praefuit

305 2764 458 2811 aliquot
479 2762 728 2799 mensibus...
750 2760 865 2797 modo
885 2766 991 2797 totus
1009 2760 1140 2797 studio
1160 2759 1313 2807 logices
1332 2759 1503 2796 traditus
1523 2764 1627 2796 est...
1649 2758 1687 2795 Is
1707 2758 1820 2794 nobis
1836 2769 1939 2794 unus

306 2828 367 2860 est
384 2835 546 2870 semper
565 2822 674 2859 visus
702 2834 751 2858 ex
775 2821 855 2857 illis
882 2821 950 2867 qui
978 2821 1067 2867 plus
1093 2821 1134 2857 in
1166 2820 1378 2857 altioribus
1409 2824 1573 2866 possunt
1602 2817 1821 2865 disciplinis
1852 2829 1938 2864 pro-

305 2885 495 2921 ficere...»
