2038 3400
333 221 403 260 280
798 222 1021 261 LITTERAE
1048 224 1407 271 QUADRIMESTRES

281 337 509 364 summam
530 334 548 351 a
570 326 756 377 aliquam
788 339 963 365 suarum
988 340 1117 378 opum
1139 328 1360 366 insumere
1382 329 1565 379 possint,
1591 335 1635 368 et
1665 330 1707 369 in
1742 331 1807 368 his
1829 331 1918 380 qui-

283 395 381 434 dam
405 396 595 436 omnium
618 398 991 448 locupletissimus
1012 398 1187 450 rogauit
1210 401 1384 438 Patrem
1419 405 1465 438 vt
1488 399 1541 439 ad
1572 414 1619 440 se
1643 407 1847 452 tanquam
1877 402 1918 440 in

282 468 513 516 aerarium,
549 481 646 507 cum
670 482 779 520 opus
804 473 938 517 esset,
966 469 1154 517 veniret,
1179 471 1250 521 qui
1272 471 1463 522 quidem,
1489 485 1586 511 cum
1618 486 1688 511 res
1709 473 1916 524 postulat,

282 538 415 578 fidem
449 545 659 590 praestat.
698 540 932 579 Accedunt
962 554 1050 580 non
1080 554 1247 592 paucae
1279 542 1392 580 aeris
1427 543 1558 581 alieni
1598 544 1918 591 restitutiones,

283 623 394 661 quae
418 611 563 649 solent
586 623 685 649 esse
707 612 974 662 pauperibus
995 625 1082 650 non
1103 625 1254 663 parum
1277 613 1423 661 Vtiles,
1449 627 1545 652 cum
1568 615 1793 665 ignoratur
1824 628 1919 666 per-

284 695 392 720 sona
414 683 481 721 cui
504 695 580 721 aes
613 683 718 722 illud
741 683 1003 722 debebatur.
1031 683 1162 732 ,Quod
1196 697 1302 723 vero
1326 687 1385 723 ad
1415 685 1722 726 restitutiones
1745 686 1919 733 attinet,

283 753 403 792 nulli
424 755 586 794 Patres
602 757 823 806 parcunt.
848 757 1013 794 Verum
1036 754 1090 794 de
1112 756 1178 793 his
1198 757 1318 795 satis.

341 836 401 864 12.
464 827 614 865 Dicam
638 826 691 865 de.
725 826 1014 878 quorumdam
1045 827 1269 866 hominum
1306 829 1615 867 conuersione.
1649 829 1792 880 Aliqui
1826 830 1846 853 ἲ)
1882 830 1922 867 in

282 896 430 948 primis
451 897 524 949 qui
547 911 695 949 parum
721 902 841 937 caste
861 899 1086 947 viuebant,
1111 912 1210 938 sese
1234 899 1275 937 in
1298 900 1525 938 meliorem
1547 900 1719 951 frugem
1742 913 1922 952 recepe-

283 974 397 1016 runt,
421 969 534 1008 inter
556 983 667 1021 quos
689 969 863 1020 quidam
887 969 1090 1021 religioni
1121 971 1322 1010 addictus
1354 956 1438 1019 est3
1470 972 1631 1010 deinde
1662 971 1731 1010 alii
1761 974 1922 1010 seruati

283 1044 396 1089 sunt,
428 1054 484 1080 ne
512 1047 769 1093 peccarent,
800 1047 1034 1094 praeterea
1063 1043 1259 1081 nonnulli
1288 1042 1459 1082 nobiles
1490 1044 1577 1094 qui,
1601 1049 1649 1081 vt
1676 1044 1769 1082 fieri
1792 1044 1920 1090 solet,

283 1113 515 1163 plurimum
537 1114 710 1161 honori,
732 1112 934 1165 dignitati
955 1127 1006 1153 ac
1028 1115 1225 1165 corporis
1248 1114 1383 1153 cultui
1403 1115 1670 1163 tribuebant,
1693 1116 1758 1153 his
1790 1116 1924 1153 omni-

283 1185 364 1223 bus
402 1185 642 1237 neglectiS,
687 1184 919 1224 exerciciis
960 1186 1254 1237 spiritualibus
1296 1186 1594 1238 virtutumque
1635 1187 1779 1225 studio
1821 1187 1923 1225 dant

286 1269 482 1306 operam,
507 1261 639 1308 atque
675 1257 762 1296 hoc
791 1261 995 1308 tempore
1029 1258 1304 1308 potissimum
1339 1257 1513 1309 quidam
1550 1271 1604 1296 ex
1638 1259 1924 1297 nobilioribus

285 1328 413 1367 huius
435 1329 575 1380 regni,
601 1328 689 1367 dux
711 1329 879 1367 insulae
911 1329 1127 1367 maximae
1150 1329 1463 1380 Hesperidum,
1496 1343 1608 1380 quae
1639 1331 1772 1381 vulgo
1796 1330 1839 1368 S.
1858 1331 1924 1380 ja-

285 1400 387 1439 cobi
408 1399 479 1438 del
502 1400 623 1440 Cabo
647 1398 793 1439 Verde
817 1413 841 1438 a
862 1400 1059 1439 lusitanis
1082 1399 1254 1447 dicitur,
1281 1413 1434 1439 omnes
1456 1401 1498 1439 in
1520 1414 1720 1453 magnam
1742 1401 1924 1439 admira-

285 1471 451 1510 tionem
474 1471 679 1510 traducit.
705 1471 875 1511 Relicto
896 1472 1010 1510 enim
1034 1472 1260 1519 comitatu,
1285 1484 1418 1523 saepe
1441 1473 1560 1510 solus
1596 1473 1649 1510 ad
1682 1486 1763 1511 nos
1786 1473 1922 1519 venit,

286 1543 376 1595 agit
398 1542 669 1581 familiariter
701 1556 799 1582 cum
829 1543 1051 1590 fratribus,
1090 1542 1368 1594 maximeque
1405 1544 1725 1582 consuetudine
1759 1550 1802 1582 et
1838 1545 1924 1583 col-

284 1614 433 1666 loquio
453 1614 654 1664 janitoris
683 1618 727 1653 et
758 1614 925 1653 aeditui
947 1614 1209 1662 delectatur,
1236 1621 1418 1666 exoptat
1440 1615 1626 1654 maxime
1650 1622 1802 1654 noster
1826 1628 1923 1654 esse

287 1698 469 1738 coquus,
503 1698 555 1724 ac
586 1685 737 1725 dicere
769 1698 903 1737 saepe
934 1687 1050 1725 solet
1078 1685 1161 1724 nisi
1196 1699 1382 1724 vxorem
1405 1686 1620 1733 duxisset,
1646 1700 1693 1724 se
1727 1692 1923 1725 nostrum

284 1758 381 1796 fore
403 1758 601 1805 fratrem,
619 1760 765 1808 porro
798 1757 950 1797 induit
975 1756 1176 1809 pallium
1216 1757 1386 1796 nostris
1415 1757 1578 1805 simile,
1604 1758 1784 1797 aedituo
1820 1772 1924 1798 vero

284 1829 396 1869 solet
431 1830 661 1868 ostendere
684 1831 907 1879 qnantum
929 1829 978 1868 in
1014 1827 1107 1868 dies
1142 1831 1410 1875 macrescat,
1448 1831 1549 1868 erat
1585 1829 1704 1868 enim
1734 1829 1926 1882 pinguis

287 1903 509 1951 quantum
530 1904 603 1941 sat
623 1904 747 1942 esset.
774 1904 903 1941 Plura
925 1909 1024 1942 sunt
1047 1914 1160 1955 quae
1182 1901 1237 1940 de
1259 1902 1346 1940 hoc
1376 1901 1470 1940 viro
1493 1903 1658 1940 narrari
1688 1907 1870 1952 possent
1893 1910 1923 1948 C,

287 1972 367 2011 sed
387 1986 443 2012 ne
465 1973 644 2012 nimium
682 1980 854 2013 crescat
877 1973 1078 2026 epistola,
1103 1980 1280 2012 transeo
1304 1972 1357 2011 ad
1390 1987 1441 2011 ea
1462 1986 1573 2024 quae
1598 1973 1652 2011 de
1683 1974 1834 2024 templi
1859 1986 1924 2011 or-

287 2050 391 2083 natu
413 2044 602 2084 dicenda
624 2052 737 2084 sunt.

347 2127 406 2164 13.
467 2117 578 2156 Cum
609 2123 808 2169 sumptus
843 2118 915 2168 qui
946 2118 987 2156 in
1024 2123 1174 2156 vestes
1197 2131 1342 2157 sacras
1366 2122 1409 2156 et
1440 2118 1523 2156 alia
1546 2122 1803 2156 ornamenta
1832 2116 1926 2154 fieri

288 2189 448 2236 solent,
473 2189 545 2227 vix
582 2190 668 2228 hoc
692 2189 929 2241 collegium
953 2190 1206 2237 sustineret,
1232 2189 1472 2228 commonit
1495 2189 1736 2240 aliquorum
1759 2187 1926 2227 animos

289 2261 423 2307 Deus,
448 2260 521 2312 qui
551 2261 741 2311 egestati
772 2266 951 2300 nostrae
984 2261 1287 2300 subuenirent.
1322 2261 1461 2299 Datae
1493 2260 1624 2311 igitur
1655 2265 1753 2298 sunt
1784 2272 1926 2298 sacer-

289 2330 461 2370 dotales
498 2336 650 2370 vestes
674 2338 718 2370 et
740 2332 824 2370 alia
855 2345 968 2383 quae
1005 2332 1058 2370 ad
1091 2331 1239 2370 altaris
1271 2333 1435 2371 cultum
1471 2335 1687 2382 spectant,
1719 2330 1779 2368 ita
1810 2336 1855 2368 ut
1876 2330 1925 2368 iis

289 2403 420 2442 rebus
443 2403 497 2441 sit
519 2403 539 2428 d
560 2417 676 2442 nunc
693 2404 950 2443 instructius
973 2410 1017 2443 et
1039 2404 1287 2456 apparatius
1318 2408 1515 2442 nostrum
1538 2403 1763 2453 templum.
1787 2403 1925 2441 Acce-

289 2473 352 2511 dit
387 2486 495 2513 vero
519 2476 657 2513 maior
681 2481 862 2514 ornatus
884 2476 925 2513 in
955 2476 1081 2514 festis
1104 2475 1437 2522 celebrioribus,
1462 2474 1665 2525 appensis
1687 2473 1851 2512 aulaeis
1883 2479 1926 2512 et

290 2545 623 2596 peristromatis.
649 2547 902 2597 Suscepere
919 2560 1028 2585 vero
1052 2547 1287 2598 negocium
1310 2546 1552 2585 adornandi
1573 2545 1729 2584 aedem
1751 2546 1830 2584 viri
1853 2545 1927 2584 de-

290 2617 384 2655 uoti
404 2617 585 2668 aliquot,
610 2619 682 2668 qui
704 2619 946 2669 praeterita
967 2619 1302 2670 quadragesima
1335 2618 1562 2668 eleganter
1594 2622 1924 2656 monumentum

289 2687 556 2726 adornarunt
579 2701 702 2737 auro,
727 2695 930 2740 argento,
954 2689 1398 2740 peripetasmatisque
1430 2689 1675 2739 bobyciniS,
1700 2694 1831 2739 atque
1854 2701 1925 2727 au-

291 2773 338 2798 ro
362 2760 556 2807 intextis,
596 2762 743 2800 multis
767 2763 897 2800 etiam
923 2762 1197 2801 candelabris
1220 2762 1443 2813 argenteis
1461 2765 1592 2811 atque
1617 2760 1772 2799 cereis.
1797 2760 1926 2798 Intel—

338 2921 356 2940 ἢ
407 2926 576 2968 partem.
632 2923 696 2947 ——b
722 2922 906 2959 Emena'.
928 2933 978 2959 ex
993 2922 1168 2969 quidam.
1192 2921 1306 2958 Add.
1328 2926 1465 2967 supra
1485 2931 1592 2958 vers.
1615 2923 1654 2957 et
1679 2919 1802 2957 delet.
1831 2933 1926 2957 non·

291 2981 407 3018 nulli.
462 2989 525 3007 -0
558 2981 739 3018 Videtur
757 2982 928 3019 emend.
952 2994 1002 3020 ex
1020 2983 1138 3029 plura
1157 2986 1249 3018 sunt
1269 2981 1317 3018 de
1337 2981 1410 3018 hoe
1430 2979 1515 3017 viro
1535 2979 1751 3017 narranda.

293 3041 359 3066 —d
381 3040 556 3078 Emend
572 3052 622 3078 ex
636 3041 761 3079 simus
783 3042 855 3088 [‘?].
