2038 3400
364 221 433 259 384
847 222 1067 261 Ll‘sTERAE
1093 224 1452 269 QUAomMESTREs

317 324 434 374 quod
467 330 509 362 et
545 324 637 362 sine
667 331 791 376 patre
823 331 866 364 et
899 325 1079 376 egregia
1100 326 1240 364 forma
1270 332 1314 363 et
1343 326 1468 377 inops
1501 333 1634 375 esset,
1669 333 1713 365 et
1747 340 1771 365 a
1801 329 1945 366 multis

318 396 550 434 multorum
583 397 914 435 commodorum
945 396 1334 448 pollicitationibus
1365 398 1674 446 solicitaretur,
1700 412 1943 438 sacramen-

317 474 460 506 torum
493 481 577 519 ope
609 474 651 506 et
688 474 950 507 conseruata
982 474 1063 515 est,
1097 474 1140 505 et
1176 481 1334 519 magno
1367 481 1556 508 accensa
1586 470 1806 509 desiderio
1839 484 1943 509 suae

316 553 477 591 sponso
513 540 688 579 Christo
726 541 987 592 uirginitatis
1023 541 1366 580 consecrandae.
1402 541 1576 580 Accidit
1610 543 1695 581 hoc
1728 542 1867 594 ipsum
1904 544 1943 580 in

315 612 409 661 alijs
426 613 585 659 multis,
607 618 650 650 et
672 612 765 650 uiro
790 612 1034 650 coniunctis
1057 618 1099 650 et
1123 611 1278 659 uiduis,
1299 617 1345 650 ut
1366 625 1390 649 a
1411 614 1556 651 multis
1573 613 1795 664 flagitatae
1812 613 1943 652 fidem

317 690 360 722 et
385 684 477 721 Deo
511 689 554 721 et
585 684 687 721 uiris
719 684 806 722 suis
838 684 1106 731 inuiolatam,
1132 687 1416 724 sacramentis
1438 686 1599 733 aiutae‚
1624 686 1941 725 conseruarint.

317 756 410 793 Hae
434 768 539 793 uero
566 761 609 793 et
631 756 740 793 aliae
762 756 973 806 plurimae
994 757 1139 806 prauis
1158 756 1414 796 edomandis
1437 758 1606 796 animae
1628 757 1862 795 affectibus
1884 756 1943 794 di-

312 828 501 878 ligenter
523 827 741 875 insistunt,
777 833 820 865 et
842 827 1021 877 spiritali
1043 829 1262 878 profectui
1283 829 1502 877 insudant,
1525 830 1829 869 nonnullarum
1852 841 1943 866 cer-

313 902 357 935 te
380 898 422 936 in
444 899 525 937 hac
546 904 670 949 parte
693 911 927 937 accensum
951 899 1142 938 studium
1164 907 1182 925 a
1203 912 1291 938 non
1311 913 1489 951 possum
1511 901 1613 951 quin
1635 900 1842 938 referam.

366 972 403 1007 ί).
463 968 666 1020 Virgines
688 970 896 1017 tenellae,
923 975 965 1008 et
987 984 1099 1021 quae
1122 971 1250 1021 paulo
1274 977 1377 1010 ante
1398 972 1418 997 b
1440 972 1603 1021 delitijs
1625 976 1846 1018 uacarant,
1871 971 1942 1009 ali-

314 1046 419 1090 quot
450 1041 574 1078 fuere
605 1053 733 1091 quae,
757 1053 872 1079 nunc
907 1041 961 1079 ad
993 1043 1344 1093 compescendos
1367 1043 1586 1081 effraenes
1618 1043 1759 1081 carnis
1781 1048 1940 1090 motus,

313 1124 427 1149 nunc
461 1117 507 1149 ut
541 1111 702 1162 aliquid
739 1113 914 1151 omnino
946 1114 1227 1161 incommodi,
1261 1113 1326 1152 sui
1362 1113 1508 1165 sponsi
1541 1114 1701 1154 Christi
1738 1115 1940 1164 exemplo

313 1188 578 1230 commotae,
601 1189 873 1234 paterentur,
897 1196 1013 1222 nunc
1033 1186 1187 1232 semel,
1212 1184 1430 1223 interdum
1451 1186 1531 1233 bis,
1555 1185 1787 1236 aliquando
1811 1186 1941 1223 etiarn

311 1259 379 1293 ter
401 1255 441 1293 in
465 1255 551 1303 die,
578 1268 625 1293 se
653 1255 812 1294 acriter
835 1257 1020 1307 flagellis
1045 1257 1301 1304 caederent,
1326 1259 1495 1296 nodoso
1519 1257 1638 1309 >fune
1668 1257 1844 1296 lumbos
1874 1270 1943 1295 as-

310 1327 438 1366 sidae
459 1327 729 1366 constrictos
751 1330 963 1374 tenere-nt,
988 1329 1150 1367 ieiunia
1170 1330 1304 1367 multa
1321 1329 1609 1380 susciperent,
1633 1334 1738 1368 uota
1753 1328 1942 1380 denique

312 1400 525 1438 castitatis
557 1400 826 1438 emitterent.
860 1401 1098 1452 Egregium
1130 1402 1238 1440 alius
1260 1401 1452 1439 mulieris
1475 1402 1698 1439 charitatis
1727 1414 1834 1452 opus
1855 1414 1943 1439 non

311 1473 411 1510 sinit
434 1480 464 1519 0,
502 1477 548 1510 ut
584 1484 679 1510 eam
710 1473 869 1511 tacitus
900 1474 1261 1523 praetermittam.
1287 1473 1390 1511 Adit
1412 1473 1465 1511 ad
1489 1486 1585 1512 eam
1606 1474 1738 1512 homo
1767 1473 1941 1524 quidam

311 1544 606 1592 calamitosus,
631 1543 834 1582 sordibus
858 1548 901 1582 et
923 1545 1072 1583 scabie
1096 1545 1278 1583 obsituS.
1314 1545 1396 1583 Hic
1425 1545 1497 1583 illa
1529 1557 1627 1583 eum
1650 1545 1691 1583 in
1713 1545 1831 1583 lecto
1855 1546 1941 1583 col-

310 1617 442 1663 locat>
466 1615 656 1654 aduocat
678 1614 912 1663 medicum,
937 1616 1111 1654 assidua
1131 1617 1316 1667 ipsamet
1346 1617 1530 1667 praebet
1563 1616 1776 1667 obsequia
1798 1616 1942 1654 donec

311 1687 607 1726 conualescat.

363 1769 400 1808 7.
462 1759 557 1797 Nec
587 1771 695 1797 uero
727 1758 867 1797 minor
894 1759 1063 1797 fructus
1094 1765 1275 1810 apparet
1304 1759 1347 1797 in
1378 1760 1495 1798 uiris.
1522 1759 1640 1799 Ciuis
1663 1759 1837 1809 quidam
1858 1760 1940 1810 pri-

310 1831 483 1878 marius,
508 1832 675 1869 alienus
705 1829 765 1868 ita
799 1843 823 1868 a
853 1829 1094 1878 Societate,
1120 1837 1166 1869 ut
1196 1843 1250 1869 ne
1282 1832 1466 1869 uerbum
1497 1830 1674 1882 quidem
1709 1831 1787 1869 sibi
1810 1831 1865 1869 de
1889 1844 1941 1869 ea

309 1903 403 1941 fieri
425 1908 555 1940 antea
584 1906 825 1953 pateretur,
850 1903 1038 1940 accessit
1059 1908 1206 1940 tamen
1228 1902 1375 1941 diuino
1398 1902 1607 1954 impulsus
1629 1903 1780 1954 spiritu
1803 1903 1940 1940 semel

309 1974 362 2012 ad
384 1988 465 2012 nos
487 1974 541 2013 de
560 1975 648 2013 suis
664 1974 860 2025 peccatis
883 1975 1165 2013 confessurus
1187 1975 1221 2017 d.
1242 1980 1373 2025 atque
1391 1975 1450 2013 ita
1471 1980 1662 2013 mutatus
1682 1980 1762 2023 est,
1787 1981 1834 2013 ut
1855 1988 1940 2013 ma-

311 2047 471 2084 ximum
495 2047 741 2098 susceperit
760 2059 865 2097 erga
887 2059 957 2084 res
975 2047 1143 2085 diuinas
1161 2046 1367 2095 studium,
1389 2052 1432 2085 et
1452 2060 1557 2098 erga
1573 2047 1845 2086 Societatem
1867 2047 1940 2085 be-

309 2119 622 2165 neuolentiam,
648 2123 694 2156 ut
718 2119 848 2156 etiam
870 2119 964 2168 ipse
988 2124 1147 2157 octauo
1171 2131 1346 2169 quoque
1377 2119 1447 2157 die
1471 2118 1524 2156 ad
1554 2118 1816 2157 dominicam
1848 2132 1939 2157 coe-

309 2204 417 2229 nam
441 2198 457 2215 θ
480 2191 680 2236 accedat,
707 2197 750 2228 et
783 2192 876 2229 eius
908 2191 1068 2228 familia
1097 2203 1211 2241 pene
1243 2196 1336 2229 tota
1369 2191 1522 2229 eadem
1556 2196 1828 2229 sacramenta
1857 2191 1940 2228 fre-

309 2269 507 2313 quentet.
532 2263 605 2302 Sic
627 2276 735 2301 uero
758 2263 851 2314 ipse
876 2262 1090 2300 submisse
1114 2275 1161 2300 se
1183 2263 1313 2313 gerit,
1338 2268 1383 2301 ut
1416 2264 1546 2301 etiam
1580 2275 1725 2301 coram
1748 2263 1843 2312 alijs
1864 2275 1938 2301 ne-

307 2347 521 2384 quaquam
553 2340 758 2372 uereatur
789 2347 933 2386 genua
962 2347 1040 2372 suo
1073 2335 1342 2373 confessario
1374 2335 1573 2382 flectere,
1597 2340 1754 2385 petens
1782 2335 1863 2372 sibi
1885 2336 1937 2372 ab

310 2418 362 2443 eo
386 2405 604 2444 benedici.
630 2407 713 2444 Hic
736 2419 833 2444 cum
856 2406 1028 2445 medico
1051 2412 1220 2453 nostro,
1244 2406 1338 2444 uiro
1371 2407 1412 2444 in
1435 2419 1512 2444 sua
1533 2412 1626 2444 arte
1649 2407 1769 2444 multi
1801 2408 1936 2445 nomi-

307 2477 371 2513 nis
409 2482 452 2513 et
489 2478 697 2528 egregiae
731 2476 1004 2524 eruditionis,
1043 2477 1247 2528 chirurgo
1285 2478 1431 2525 etiam,
1467 2483 1510 2514 et
1540 2477 1635 2527 alijs
1670 2478 1816 2516 multis
1850 2492 1936 2516 non

306 2548 419 2599 apud
449 2562 529 2588 nos
551 2549 706 2596 solum,
732 2549 810 2587 sed
833 2550 963 2587 etiam
986 2549 1099 2600 apud
1122 2549 1229 2587 alios
1251 2548 1504 2600 praedicant
1527 2562 1590 2596 se,
1615 2549 1696 2587 nisi
1717 2549 1937 2587 matrimo-

305 2619 362 2669 nij
402 2620 574 2658 uinculo
611 2621 838 2658 constricti
880 2626 1044 2668 essent,
1082 2620 1371 2659 libentissime
1412 2621 1650 2659 Societatis
1690 2621 1933 2659 institutum

306 2692 631 2741 complexuros,
654 2691 771 2741 quod
802 2691 962 2729 indicio
997 2704 1094 2730 esse
1125 2696 1273 2742 potest
1295 2691 1533 2730 Societatis
1554 2692 1799 2729 institutum
1821 2691 1890 2732 hic
1912 2705 1935 2730 a

305 2763 451 2801 multis
482 2763 771 2800 uehementer
793 2764 1038 2814 approbari.
1064 2764 1173 2801 Sunt
1204 2769 1351 2801 tamen
1382 2763 1718 2810 adolescentuli,
1749 2765 1821 2813 qui
1849 2765 1935 2802 hoc

350 2981 370 2999 a
422 2979 571 3016 Praec.
592 2989 631 3015 v.
665 2983 801 3023 supra
834 2990 941 3015 vers.
1009 2981 1074 3005 *b
1096 2979 1249 3016 Praec.
1282 2990 1319 3014 v.
1351 2984 1488 3024 supra
1509 2989 1633 3020 vers,
1664 2979 1801 3015 deleto
1832 2985 1932 3025 post.

304 3049 367 3066 ——0
389 3039 473 3076 finit
494 3049 573 3075 ms.
629 3038 694 3062 —d
718 3038 902 3075 Emend.
925 3049 974 3075 ex
993 3039 1211 3075 confessus.
1266 3045 1331 3063 „e
1353 3051 1547 3075 mensam.
