2038 3400
317 258 385 295 348
793 259 1014 296 erTERAE
1041 260 1396 305 QUADfflMEs'rREs

268 373 344 398 sex
376 373 558 407 menses,
598 362 665 399 ter
701 360 794 399 ιἰιιιι
827 361 1112 412 generaliter
1146 375 1228 399 sua
1266 362 1421 400 omnm
1451 365 1636 413 peccata
1672 361 1900 401 detexerit.

270 434 505 482 Cognosco
537 432 699 482 itaque,
728 434 773 471 lx’.
795 434 859 480 P„
896 446 994 471 eum
1019 446 1117 472 esse
1148 434 1213 471 his
1245 433 1603 473 adolescentibus
1631 435 1836 481 animum,
1857 439 1902 472 ut

267 503 300 540 si
322 502 402 540 illis
424 517 500 554 per
525 505 699 542 Patrem
723 511 946 542 rectorem
970 505 1139 552 liceret,
1165 511 1325 543 octauo
1349 518 1523 556 quoque
1547 505 1617 543 die
1641 505 1694 544 ad
1724 505 1902 544 sanctis-

267 573 361 612 simi
383 574 580 625 corporis
610 575 904 625 sumptionem
932 576 1216 623 accederent3
1249 576 1329 614 sed
1350 577 1554 627 quoniam
1575 577 1618 615 id
1640 577 1721 615 illis
1745 583 1812 615 est
1842 578 1901 614 in-

267 645 517 693 terdictum,
555 647 693 684 semel
715 647 801 693 uel,
827 652 873 684 ut
894 648 1138 698 plurimum,
1163 648 1229 685 bis
1257 648 1299 686 in
1331 660 1482 686 mense
1504 649 1706 699 angelico
1729 648 1802 686 illo
1822 651 1903 698 pct-

268 717 370 755 (mlo
399 724 418 741 a
452 722 690 755 uescuntur
726 730 777 756 ac
812 725 1080 757 recreantur.
1121 719 1204 769 Qui
1237 731 1344 757 uero
1381 719 1572 758 minores
1603 724 1701 757 sunt
1737 724 1899 765 aetate,

267 788 397 826 etiam
419 790 455 826 si
482 789 568 827 hoc
591 789 866 828 sanctissimo
890 791 987 829 cibo
1010 790 1248 841 priuantur,
1284 803 1372 829 non
1402 796 1549 829 tamen
1584 791 1685 829 ideo
1709 790 1901 841 degene-

267 864 359 897 rant
382 860 436 898 ab
466 860 576 909 alijs,
610 860 689 898 sed
721 873 818 899 cum
849 860 931 899 illis
963 861 1088 900 simul
1122 863 1212 912 pari
1250 874 1352 900 cura
1388 862 1567 913 parique
1602 861 1897 908 solicitudine,

266 944 353 969 non
375 931 514 969 minus
537 931 579 969 in
601 932 826 980 uirtutum,
851 946 980 984 quam
1002 933 1044 971 in
1066 934 1289 973 literarum
1311 933 1472 981 studio,
1497 946 1696 985 magnos,
1724 934 1819 972 Deo
1845 934 1902 972 fa-

266 1008 416 1049 uente,
440 1003 613 1042 faciunt
633 1016 912 1055 progressus.

318 1086 357 1123 9.
419 1074 550 1125 Quod
571 1075 699 1127 plane
720 1076 807 1114 hoc
827 1076 945 1114 festo
970 1075 1232 1115 sanctissimi
1255 1076 1451 1127 corporis
1473 1076 1637 1115 Christi
1660 1090 1812 1115 omnes
1834 1090 1904 1127 pa-

266 1145 371 1185 riter
400 1147 660 1193 indicarunt,
699 1161 868 1186 summo
907 1148 1056 1187 studio
1092 1154 1304 1187 cauentes
1338 1162 1394 1187 ne
1429 1162 1506 1200 per
1541 1155 1738 1188 nostrum
1774 1150 1904 1188 colle-

267 1217 385 1269 gium
415 1217 608 1257 diuinum
630 1219 735 1257 illud
766 1226 1087 1258 sacramentum
1118 1221 1399 1259 insalutatum
1421 1221 1440 1245 b
1465 1233 1709 1272 magnoque
1730 1233 1904 1272 appara-

266 1295 313 1328 tu
335 1297 351 1315 0
373 1289 611 1329 obuiatum
642 1290 846 1329 transiret
871 1291 905 1339 d,
929 1292 1052 1343 quasi
1081 1293 1167 1330 hoc
1196 1293 1414 1343 piaculum
1446 1292 1675 1332 ducentes.
1709 1292 1903 1344 Ideoque

267 1360 321 1399 ad
345 1373 440 1399 eam
477 1374 568 1400 rem
599 1360 896 1413 peragendam
933 1376 998 1402 me
1019 1362 1401 1414 importunissimis
1431 1364 1635 1415 precibus
1666 1363 1754 1403 mei
1774 1363 1889 1403 disci

263 1432 380 1483 puli,
405 1435 603 1473 coeteros
625 1440 941 1485 praeceptores
964 1434 1035 1473 sui
1067 1443 1083 1460 e
1112 1435 1419 1483 sollicitarunt3
1442 1436 1559 1487 quod
1588 1449 1684 1474 cum
1716 1449 1743 1474 a
1779 1436 1905 1474 nobis

265 1505 502 1555 impetrare
523 1518 611 1551 non
641 1510 839 1556 possent,
878 1507 1055 1544 Patrem
1087 1506 1268 1545 tandem
1301 1512 1523 1546 rectorem
1550 1507 1778 1558 petierunt
1801 1508 1828 1554 f,
1852 1507 1905 1545 ad

267 1577 392 1627 cujus
412 1576 551 1628 pedes
572 1577 808 1628 prouoluti,
832 1578 1037 1628 precibus
1071 1583 1115 1616 et
1144 1577 1386 1616 rationibus
1407 1578 1626 1617 interdum
1648 1579 1904 1629 quibusdam

266 1648 441 1696 additis,
465 1647 583 1700 quod
615 1649 802 1687 maxime
822 1650 1034 1700 optabant
1053 1648 1301 1689 obtinuere.
1323 1651 1422 1700 Quo
1456 1656 1656 1698 exorato,
1677 1651 1821 1689 statim
1852 1651 1905 1688 ad

266 1735 347 1760 nos
370 1720 623 1768 conuolant‚
648 1733 850 1772 quaeque
874 1721 927 1759 ad
951 1734 1050 1759 eum
1078 1726 1277 1760 ornatum
1301 1728 1450 1761 essent
1471 1723 1725 1761 necessaria
1747 1730 1769 1755 g
1790 1722 1905 1761 dice-

266 1805 413 1830 remus
443 1792 668 1831 instantes,
703 1791 780 1830 His
812 1792 945 1843 igitur
977 1792 1182 1843 precibus
1214 1798 1258 1831 et
1286 1806 1524 1844 puerorum
1554 1793 1827 1841 tumultibus,
1862 1799 1905 1831 et

266 1864 366 1914 quia
386 1863 447 1902 ita
466 1864 550 1902 iam
572 1864 614 1901 in
636 1864 722 1901 1100
744 1863 935 1914 collegio
961 1877 1062 1902 usus
1086 1864 1288 1912 obtinuit,
1308 1877 1395 1903 non
1413 1865 1597 1903 defuere
1619 1865 1731 1903 inter
1748 1865 1905 1903 fratres

268 1942 312 1974 et
353 1948 505 1974 eorum
545 1940 878 1986 praeceptores,
921 1935 992 1986 qui
1033 1948 1080 1973 se
1116 1935 1266 1974 subito
1302 1936 1321 1960 h
1359 1937 1480 1987 operi
1517 1936 1815 1987 accingerent.
1841 1937 1903 1974 Ex

267 2007 413 2058 pueris
448 2007 596 2057 itaque
631 2007 1001 2058 quatuolrldecim
1040 2008 1288 2058 elegerunt,
1331 2021 1516 2058 quorum
1552 2007 1708 2046 decem
1743 2020 1903 2046 nouem

267 2091 411 2117 musas
434 2084 479 2116 et
510 2078 757 2129 Apollinem
789 2085 989 2129 agerent,
1016 2080 1197 2127 caeteri,
1232 2080 1369 2117 ueluti
1400 2085 1578 2130 poetae,
1604 2081 1825 2130 quosdam
1857 2080 1904 2118 ιῖιι.

270 2162 409 2189 sacra
432 2149 708 2189 lustratione
728 2151 990 2189 salutarent
1013 2152 1039 2189 ί.
1065 2150 1239 2188 Deinde
1260 2151 1431 2189 fontem
1455 2150 1671 2202 quendam
1695 2151 1748 2190 ad
1779 2152 1903 2190 scho-

267 2222 402 2259 larum
438 2233 551 2272 pene
586 2221 834 2272 ingressum
871 2235 968 2260 cum
999 2223 1195 2273 plurimis
1230 2223 1330 2261 hinc
1359 2221 1461 2261 inde
1497 2222 1734 2262 tetrasticis
1764 2223 1904 2262 affixis

269 2298 522 2340 erexerunt,
548 2292 663 2331 circa
683 2306 813 2344 quem
837 2306 999 2332 nouem
1021 2293 1115 2332 illas
1138 2306 1282 2332 musas
1313 2307 1411 2332 cum
1443 2307 1521 2332 suo
1545 2295 1748 2345 Apolline
1771 2296 1903 2333 collo-

267 2370 436 2411 carunt;
468 2377 579 2414 quae
611 2365 930 2414 praemeditata
955 2366 1212 2416 plzanlecaj
1240 2372 1284 2404 et
1313 2366 1500 2419 iambica
1531 2365 1743 2413 dimetra,
1775 2380 1902 2418 quani

266 2436 448 2487 plurima
470 2434 660 2474 carmina
681 2442 771 2474 tum
794 2436 944 2484 latino,
973 2442 1063 2475 tum
1086 2438 1190 2476 italo
1214 2437 1423 2475 idiomate
1445 2438 1704 2488 composita,
1738 2451 1763 2476 a
1792 2437 1903 2488 prin-

267 2508 381 2558 cipio
404 2519 556 2545 sacrae
588 2508 859 2546 lustrationis
880 2508 933 2546 ad
964 2509 1096 2546 finem
1120 2521 1273 2559 usque,
1296 2509 1446 2559 paucis
1481 2510 1751 2560 interpositis
1772 2510 1901 2547 inter·

272 2578 396 2617 uallis
432 2579 703 2617 cecinerunt.
744 2579 901 2631 Apollo
938 2586 1085 2618 autem
1117 2592 1266 2618 ueram
1288 2580 1482 2619 foederis
1517 2581 1709 2633 archam,
1743 2580 1903 2620 Christi

268 2663 443 2701 corpus,
468 2650 663 2700 pluribus
687 2649 953 2688 carminibus
976 2645 1197 2689 salutauit.
1222 2649 1289 2688 Ad
1312 2651 1488 2702 collegij
1521 2651 1693 2690 ianuam
1724 2652 1766 2690 in
1802 2651 1904 2690 emi-

266 2722 387 2760 nenti
409 2720 599 2772 quodam
623 2726 775 2760 erecto
799 2723 916 2769 loco,
940 2728 1103 2773 poetae
1136 2722 1344 2760 talaribus
1376 2722 1533 2760 tunicis
1555 2722 1716 2770 amicti,
1742 2728 1784 2761 et
1815 2724 1902 2761 lau-

266 2794 352 2833 reis
402 2794 577 2833 coronis
618 2792 824 2841 redimiti,
881 2794 1152 2842 assidebant;
1193 2795 1265 2845 qui
1298 2795 1586 2845 presbiteros,
1631 2796 1900 2846 episcopum,

315 3037 333 3055 ὃ
360 3028 466 3066 cibo.
525 3029 590 3053 —b
619 3034 659 3065 rt
678 3028 781 3064 sine.
839 3035 903 3053 —0
925 3033 1149 3074 exceptum.
1203 3027 1269 3052 —d
1298 3027 1389 3073 Seq.
1411 3027 1493 3064 del.
1511 3027 1639 3074 quasi.
1704 3034 1770 3053 -e
1786 3039 1896 3063 suos.

266 3091 326 3115 ——f
349 3088 549 3126 adierunt.
600 3095 671 3121 —g
691 3093 745 3125 vt.
798 3089 863 3113 —h
885 3087 1035 3125 statim.
1090 3089 1149 3114 —1
1170 3087 1454 3125 induebantur.
1509 3087 1564 3121 —J'
1590 3087 1802 3135 phaleuea.
