2038 3400
557 243 867 281 308.-PAa1sus
892 243 915 280 5
941 243 1188 279 NOVEMBRrs
1217 241 1306 278 1559
1613 242 1683 279 373

110 347 236 398 tingit
258 346 488 398 aliquando
511 350 571 392 ut,
593 345 741 383 diuina
770 346 946 385 iuuante
977 345 1130 397 gratia,
1164 345 1386 382 retrahant
1416 344 1648 381 nonnullos
1677 344 1729 381 ab

110 418 336 455 mortifero
373 418 587 455 hereseos
618 429 793 467 sopore,
827 421 871 454 et
901 416 1156 454 saeuissima
1185 415 1297 453 illius
1329 414 1593 464 contagione
1628 415 1730 451 libe-

109 495 221 536 rent,
244 488 360 539 quod
381 487 619 525 nouissime
645 487 775 525 etiam
796 488 957 525 factum
978 493 1042 525 est
1065 489 1115 526 de
1138 488 1338 536 quadam
1355 488 1553 536 persona
1585 491 1603 509 a
1637 499 1730 535 gra-

111 561 284 598 uissime
315 561 396 597 hac
427 563 551 609 peste
584 559 813 597 laboranti.
848 558 979 608 Quod
1011 571 1114 596 sane
1147 571 1201 596 eo
1233 557 1371 608 magis
1404 556 1690 594 estimandum
1713 557 1731 580 b

110 631 244 676 uenit,
283 633 323 669 et
359 631 620 681 promptius
656 629 1024 677 desiderand'zmz,
1062 642 1147 679 quo
1184 629 1320 668 rarius
1341 635 1358 653 0
1393 618 1659 680 contingere
1694 631 1731 666 et

109 702 288 742 euenire
311 703 438 740 solet.
458 702 534 739 Est
558 702 671 739 enim
693 703 779 740 hoc
800 700 1184 752 flagitiosissimum
1203 714 1342 751 genus
1359 700 1581 739 hominum
1604 700 1730 738 ualde

107 772 313 824 peruicax
346 778 388 810 et
420 773 702 817 obstinatum,
731 772 944 823 siquidem
974 771 1092 819 nihil,
1125 772 1206 810 nisi
1237 771 1354 822 quod
1383 772 1485 823 ipsis
1515 771 1731 810 uideatur

109 846 188 882 stuf
211 842 410 895 fecerint
432 843 466 889 d,
490 856 577 880 non
598 842 778 881 irrident
801 856 852 881 ac
872 843 1116 894 negligunt,
1139 855 1224 880 sua>
1247 844 1576 889 tantummodo,
1601 855 1730 892 quae-

104 928 293 964 cumque
316 914 398 952 illa
419 914 525 961 sini,
550 916 674 953 recta
703 916 742 953 et
772 914 893 952 iusta
915 913 1243 960 exastimanfes,·
1266 914 1381 952 unde
1403 915 1465 961 fit,
1490 920 1536 952 ut
1557 914 1623 952 his
1645 912 1731 951 dia-

106 985 193 1023 boli
217 986 415 1024 obstricti
436 986 618 1035 laqueis,
646 985 723 1024 uix
743 999 957 1036 unquam,
979 988 1058 1024 aut
1075 999 1128 1024 ne
1145 986 1225 1024 uix
1243 985 1435 1035 quidem,
1455 985 1626 1023 nonnisi
1649 985 1730 1022 sin-

107 1057 243 1107 gulari
266 1057 438 1095 diuinae
459 1057 673 1108 largitatis
697 1070 780 1107 ope
804 1062 847 1094 et
868 1057 1028 1095 auxilio
1048 1056 1101 1094 ad
1119 1069 1165 1094 se
1184 1055 1368 1094 redeant
1391 1062 1434 1094 et
1457 1056 1728 1106 resipiscant.

108 1129 306 1179 Quedam
331 1130 460 1167 etiam
477 1129 591 1167 bona
609 1134 821 1175 matrona,
842 1141 952 1179 quae
981 1128 1176 1166 Patribus
1199 1128 1359 1166 nostris
1382 1128 1583 1166 confiteri
1599 1128 1728 1173 solet,

104 1205 225 1238 tanto
249 1206 371 1251 rapta
393 1204 458 1238 est
479 1200 656 1237 feruore
675 1206 718 1237 et
736 1200 831 1237 zelo
851 1200 1037 1247 Domini,
1060 1204 1103 1237 et
1120 1198 1306 1250 proximi
1328 1199 1556 1246 charitate,
1577 1204 1623 1236 ut
1644 1212 1730 1236 non

107 1272 245 1309 uerita
267 1272 319 1309 sit
345 1273 572 1321 postremo
595 1284 642 1308 se
663 1271 705 1308 in
726 1271 983 1321 grauissima
1006 1271 1135 1308 etiam
1166 1271 1319 1309 mortis
1348 1270 1637 1321 apertissima
1658 1282 1729 1320 pe-

105 1344 239 1382 ricula
262 1344 499 1392 conijcere,
525 1348 570 1380 ut
594 1343 851 1392 obsequium
874 1348 1118 1393 praestaret
1140 1344 1234 1381 Deo
1258 1343 1298 1381 in
1320 1342 1575 1381 accusandis
1605 1344 1729 1380 here-

105 1415 215 1453 ticis.
242 1417 439 1465 Longum
462 1418 579 1452 esset
603 1413 818 1452 eiusmodi
845 1414 927 1452 alia
948 1415 1177 1465 permulta,
1211 1427 1295 1465 que
1325 1415 1575 1466 singulatim
1605 1414 1727 1461 fiunt,

104 1499 339 1524 recensere
360 1487 489 1525 uelle.

158 1571 197 1608 4.
261 1558 391 1606 „Quod
416 1564 433 1582 e
461 1570 568 1596 uero
600 1559 756 1596 attinet
783 1558 836 1595 ad
867 1558 1092 1608 negotium
1124 1558 1359 1596 Societatis
1388 1557 1429 1595 in
1460 1558 1546 1595 hoc
1575 1569 1727 1608 regno,

106 1636 393 1681 procurarunt
424 1629 741 1681 uigilantissimi
764 1631 916 1668 Patres
937 1628 1075 1668 nostri
1101 1634 1301 1679 tempore
1332 1630 1450 1680 pacis
1472 1642 1569 1667 cum
1590 1629 1729 1679 hispa-

105 1703 169 1740 nis
192 1701 377 1740 dominis
399 1715 449 1740 ac
480 1701 743 1753 principibus
774 1702 845 1751 qui
868 1702 953 1739 huc
983 1707 1297 1748 conuenerant,
1330 1707 1377 1739 ut
1406 1701 1448 1739 in
1479 1702 1693 1752 gratiam
1720 1701 1731 1724 f

105 1772 339 1812 Societatis
361 1786 512 1824 regem
531 1772 783 1820 Henricum,
807 1773 977 1811 foelicis
1009 1774 1262 1820 memoriae,
1286 1773 1627 1823 alloquerentur3
1652 1773 1729 1811 sed

105 1845 331 1895 repentina
363 1857 460 1882 eum
493 1857 610 1882 mors
640 1844 756 1895 prius
790 1844 916 1881 nobis
948 1845 1119 1894 eripuit,
1151 1856 1277 1894 quam
1305 1844 1499 1894 potuerit
1528 1843 1728 1882 Societas

101 1916 187 1953 ulla
209 1927 262 1952 ex
284 1920 407 1964 parte
429 1915 560 1963 anjmi
582 1915 674 1953 eius
702 1915 1081 1953 mansuetudinem
1103 1916 1400 1966 pietatemque
1422 1915 1464 1952 in
1485 1927 1532 1953 se
1557 1915 1726 1965 experi-

103 1987 150 2023 ri.
179 1986 186 2004 ¹
211 1987 350 2036 Quam
370 1986 424 2024 ob
447 1998 537 2023 rem
559 1985 716 2024 nobilis
734 1986 934 2024 dominus
957 1987 1048 2035 Ruy
1067 1987 1248 2034 Gomes,
1276 1992 1318 2025 et
1337 1986 1423 2026 dux
1441 1987 1520 2025 ill.S
1542 1986 1728 2025 d’Arcos

106 2056 263 2095 eodem
284 2057 459 2094 nomine
481 2055 753 2095 hodiernzmz
770 2064 792 2089 g
813 2069 962 2107 regem
988 2058 1276 2102 Franciscum,
1301 2059 1481 2110 eiusque
1504 2065 1686 2098 matrem
1717 2059 1728 2078 ²

104 2141 155 2166 ac
171 2128 478 2178 Lotharingiae
501 2126 763 2166 cardinalem
783 2129 811 2175 ³,
831 2133 986 2178 postea
1009 2135 1325 2174 conuenerunt,
1346 2144 1529 2181 quorum
1552 2131 1667 2169 uotis
1685 2136 1728 2168 et

105 2200 335 2248 desiderijs
352 2212 544 2238 annuere
559 2199 706 2250 facile
728 2200 747 2224 ¹¹
773 2201 853 2238 uisi
870 2205 980 2244 sunt,
999 2200 1034 2238 si
1049 2204 1196 2238 tamen
1218 2202 1259 2239 in
1281 2202 1395 2240 aliud
1417 2208 1590 2253 tempus
1612 2216 1727 2241 com-

105 2271 275 2310 modius
305 2271 433 2309 huius
463 2271 527 2309 rei
549 2271 817 2310 decisionem
848 2274 888 2310 et
909 2272 1077 2311 exitum
1109 2273 1119 2297 i
1147 2274 1402 2321 tansferant3
1427 2281 1470 2312 et
1501 2274 1728 2313 cardinalis

107 2343 249 2381 dictus
269 2342 489 2393 pollicitus
513 2348 580 2381 est
600 2343 681 2380 illis
705 2356 880 2381 omnem
905 2356 1083 2394 operam
1105 2357 1225 2383 suam
1256 2352 1298 2382 et
1319 2346 1518 2396 gratiam,
1544 2352 1587 2384 et
1618 2359 1665 2385 se
1686 2347 1727 2385 in

105 2420 294 2453 mentem
318 2415 435 2465 regis
457 2415 711 2453 memoriam
737 2420 781 2453 et
803 2415 1069 2454 desiderium
1087 2416 1322 2455 Societatis
1338 2418 1635 2467 reducturum,
1654 2431 1726 2457 ne-

104 2486 246 2537 gocijs
268 2486 545 2536 grauioribus
566 2487 691 2537 regni
711 2487 916 2537 peractis,
941 2488 1035 2526 Nec
1056 2499 1133 2538 per
1160 2488 1241 2527 hos
1261 2494 1444 2537 tanturn,
1468 2503 1621 2528 uerum
1650 2502 1728 2541 per

149 2622 169 2641 a
219 2634 308 2658 cum
339 2620 523 2667 quodam.
602 2622 666 2645 —b
701 2621 885 2658 Emend.
920 2633 970 2659 ex
997 2623 1318 2661 existimandum.
1396 2633 1461 2651 -0
1492 2626 1724 2663 succedere.

104 2683 170 2707 ——d
191 2681 361 2728 placeat.
426 2702 459 2704 -
473 2688 490 2706 θ
512 2680 647 2717 Prius
665 2681 808 2728 quoad.
873 2682 931 2706 -f
956 2683 1316 2720 comendationem.
1382 2693 1450 2718 —g
1471 2686 1556 2722 eius
1584 2685 1723 2722 filium.

104 2743 169 2766 „h
191 2741 379 2777 libenter.
432 2741 489 2766 ——i
516 2740 825 2786 expeditionem.

152 2874 161 2893 ¹
212 2871 298 2908 Pax
316 2871 423 2907 inter
441 2871 573 2917 gallos
592 2876 630 2908 et
650 2871 839 2917 hispanos
860 2873 956 2909 inita
988 2878 1074 2909 erat
1105 2873 1270 2911 ineunte
1302 2875 1437 2921 Aprili
1467 2876 1585 2923 hujus
1615 2877 1722 2914 anni.

104 2931 306 2970 Henricus
325 2942 421 2966 vero
440 2930 652 2976 secundus,
673 2943 758 2976 rex,
779 2931 875 2968 obiit
893 2932 957 2968 die
980 2932 1023 2969 10
1034 2932 1146 2979 Julii.

151 2992 164 3011 ²
216 2989 440 3027 catharina
458 2989 506 3026 de
527 2989 710 3027 Medicis.

153 3051 165 3071 ³
216 3048 390 3087 Carolus
407 3049 456 3086 de
471 3047 614 3087 Guise.
