2038 3400
592 259 878 297 290.—PRAGA
903 258 950 295 30
977 258 1168 295 AUGUSTI
1198 258 1287 295 1559
1321 245 1330 256 ‘
1632 259 1697 295 301

125 359 349 399 thodoxae
370 359 544 411 pietatis
566 360 803 409 aduersarij
838 359 964 397 nobis
981 359 1269 396 uehementer
1290 358 1515 396 inuideant
1537 371 1585 396 ac
1617 360 1748 397 retra-

126 437 300 482 gentur3
335 444 422 470 non
451 436 598 469 tamen
620 432 757 470 etiam
788 432 945 469 desunt
966 430 1159 481 insignes
1181 442 1231 468 ac
1263 430 1412 480 optimi
1442 430 1653 477 fautores,
1678 431 1749 479 qui

126 515 197 540 res
230 506 402 540 nostras
438 502 680 540 defendere
722 507 764 540 et
798 514 1063 553 promouere
1105 500 1245 539 modis
1282 501 1479 538 omnibus
1521 508 1746 540 conantur.

127 574 241 623 Quin
261 574 455 611 hussitae
478 574 666 623 quidam,
692 574 771 611 uiri
802 585 906 611 sane
941 572 1112 610 nobiles
1143 585 1193 610 ac
1215 572 1374 622 magni,
1400 584 1445 609 se
1469 577 1588 609 totos
1619 573 1749 609 rebus

124 645 283 682 nostris
304 645 478 682 tuendis
501 644 773 683 dedicarunt
792 645 825 691 ἃ,
852 649 896 681 et
923 642 1080 693 ubique
1099 644 1118 667 b
1140 646 1337 693 possunt,
1362 642 1575 692 prodesse
1599 644 1749 680 uolunt

126 721 170 752 et
193 715 385 765 cupiunt,
410 715 465 753 de
487 728 671 765 quorum
694 716 986 754 conuersione
1012 727 1101 753 non
1122 727 1272 765 parum
1293 726 1534 763 speramus,

176 797 213 824 2.
278 786 464 836 Quidam
500 799 554 824 ex
591 786 918 824 couuictoribus
952 784 1128 832 nostris,
1162 785 1424 823 hussitarum
1459 784 1571 822 filius
1608 786 1633 831 ¹,
1671 784 1749 822 sed

122 863 223 896 ante
245 871 420 896 menses
443 858 606 908 aliquot
629 857 774 895 diuina
798 870 881 908 ope
917 857 971 895 ad
993 856 1253 895 catholicam
1276 856 1407 893 fidem
1429 856 1576 904 inscijs
1598 868 1749 906 paren·

121 930 237 968 tibus
259 942 514 977 conuersus,
540 929 613 967 diu
634 930 848 967 hactenus
870 941 977 975 rem,
1003 932 1046 966 et
1069 926 1244 978 quidem
1268 927 1485 974 consulto,
1510 926 1748 965 dissimula-

121 1002 196 1040 uit.
223 1001 277 1039 At
299 1015 396 1040 cum
427 1002 550 1040 locus
571 1002 753 1052 amplius
776 999 1074 1039 dissimulandi
1107 1012 1194 1037 non
1227 999 1417 1045 daretur,
1443 1011 1590 1036 coram
1613 1008 1747 1036 ma¹re

120 1072 286 1110 hussita
307 1085 354 1111 se
377 1072 640 1110 catholicum
664 1084 762 1109 esse
786 1083 1005 1122 generoso
1029 1083 1080 1109 ac
1110 1069 1329 1120 intrepido
1352 1070 1495 1107 animo
1519 1069 1748 1107 confessus

121 1149 202 1182 est.
244 1144 297 1181 Et
335 1144 531 1193 quamuis
573 1144 627 1181 ob
662 1143 775 1180 hanc
809 1142 881 1191 filij
925 1141 1277 1187 conuersionem,
1319 1139 1512 1190 iniquum
1548 1139 1746 1178 dolorem

120 1214 264 1252 multis
288 1214 418 1252 etiam
441 1214 673 1263 lachrymis
695 1218 834 1251 mater
857 1220 873 1237 0
893 1216 1147 1258 testaretur,
1172 1224 1223 1250 ac
1257 1210 1360 1248 nihil
1391 1211 1659 1260 relinqueret
1688 1212 1747 1248 in—

119 1290 349 1333 tentatum,
382 1298 467 1335 quo
501 1297 600 1323 eum
631 1284 776 1322 denuo
807 1288 1087 1334 peruerteret
1118 1295 1247 1332 quem
1278 1282 1389 1320 male
1417 1282 1600 1332 primum
1630 1280 1748 1319 insti-

118 1361 277 1403 tuerat,
309 1369 396 1394 non
417 1360 565 1394 tamen
586 1355 658 1394 uel
688 1356 825 1393 latum
847 1367 1038 1405 unguem
1070 1366 1117 1392 se
1138 1366 1246 1404 puer
1278 1366 1302 1391 a
1321 1353 1510 1390 ueritate
1533 1352 1747 1390 dimoueri

118 1440 268 1477 passus
292 1432 374 1475 est;
405 1427 507 1477 quin
539 1439 591 1465 ea
624 1426 856 1478 prudentia
891 1432 935 1464 et
971 1425 1217 1464 constantia
1251 1424 1470 1475 improbas
1505 1424 1653 1461 matris
1688 1425 1747 1462 la-

117 1498 316 1548 chrymas
351 1511 402 1536 ac
436 1498 638 1548 querelas
673 1497 733 1535 ita
769 1497 908 1535 euasit
943 1502 1073 1546 atque
1106 1495 1358 1542 decliuauit,
1397 1500 1443 1532 ut
1477 1499 1627 1533 tacere
1661 1495 1680 1519 d
1704 1500 1747 1532 et

117 1570 368 1608 consentire
390 1574 642 1620 cogeretur.
676 1569 769 1607 Nos
791 1567 950 1606 deinde
973 1572 1201 1618 parentem
1223 1570 1440 1617 utrunque
1463 1566 1652 1604 romanis
1679 1579 1746 1604 ro-

118 1642 242 1690 sarijs
263 1641 323 1680 ita
344 1641 600 1692 placuimus,
626 1646 673 1679 ut
695 1653 742 1679 se
764 1645 885 1679 totos
906 1645 1084 1678 nostros
1108 1651 1206 1677 esse
1229 1637 1441 1677 dicerent.

170 1724 207 1761 3.
268 1714 493 1752 Caesarea
514 1713 627 1750 M.tas
650 1712 930 1751 commiserat
953 1713 1004 1750 D.
1028 1709 1280 1761 praeposito
1304 1710 1315 1727 ‘³
1348 1714 1391 1748 et
1426 1710 1567 1757 nobis,
1592 1714 1638 1747 ut
1669 1710 1746 1748 cir-

120 1784 490 1835 cumspiceremus
519 1797 620 1822 num
650 1784 803 1822 haberi
832 1788 1014 1833 possent
1045 1795 1123 1820 sex
1159 1781 1335 1819 honesti
1365 1780 1638 1828 sacerdotes,
1676 1780 1747 1828 qui

118 1856 440 1894 collocarentur
462 1856 503 1893 in
538 1855 727 1905 quodam
749 1854 1017 1893 monasterio
1040 1853 1258 1891 inferioris
1280 1853 1498 1899 Lusatiae,
1528 1852 1642 1904 apud
1672 1852 1745 1890 Sa-

118 1927 290 1965 xoniam
307 1929 335 1975 ³,
359 1928 428 1977 qui
453 1927 709 1965 dicebantur
731 1926 773 1963 in
794 1926 946 1963 annuis
968 1924 1210 1963 redditibus
1232 1924 1420 1962 habituri
1436 1933 1515 1973 450
1535 1925 1742 1963 florenos.

117 1998 208 2036 Nos
230 2010 336 2036 uero
374 2010 471 2036 cum
506 1997 726 2035 neminem
761 1996 1057 2034 inueniremus
1093 1996 1163 2034 cui
1197 1996 1284 2033 tale
1320 2008 1475 2033 munus
1511 2007 1564 2033 ex
1595 2002 1746 2034 nostra

117 2068 501 2108 commendatione
519 2069 638 2108 credi
658 2074 824 2119 posset,
850 2081 947 2107 cum
973 2068 1044 2106 hic
1066 2080 1233 2105 summa
1252 2067 1433 2117 penuria
1454 2067 1507 2105 sit
1528 2067 1743 2105 bonorum

116 2141 411 2188 sacerdotum,
436 2144 475 2180 et
492 2147 510 2166 θ
533 2146 651 2179 esset
673 2152 808 2191 graue
827 2138 1041 2178 Societati
1070 2145 1248 2177 nostrae
1272 2140 1319 2176 ut
1347 2139 1478 2177 talem
1500 2138 1623 2176 istius
1654 2151 1743 2176 mo-

116 2213 292 2261 nasterij
318 2225 464 2251 curam
487 2212 745 2262 susciperet,
770 2212 856 2250 hoc
873 2210 1050 2248 tandem
1074 2209 1283 2248 effectum
1307 2213 1388 2257 est,
1413 2215 1460 2247 ut
1477 2208 1594 2248 dicta
1614 2222 1744 2260 pecu-

115 2285 185 2322 nia
219 2285 260 2322 in
295 2297 419 2322 usum
455 2283 750 2322 studiosorum
786 2295 1025 2333 pauperum
1057 2282 1111 2319 sit
1141 2281 1373 2331 quotannis
1406 2281 1644 2332 eroganda,
1671 2282 1743 2332 qui

116 2356 284 2406 Pragae
315 2360 440 2393 erunt
474 2356 516 2392 in
547 2355 736 2405 collegio
759 2353 833 2392 tali
856 2354 948 2391 usui
972 2353 1201 2402 deputato3
1224 2352 1306 2390 nisi
1340 2353 1576 2390 vienenses
1606 2351 1743 2390 nostri

161 2505 181 2524 a
230 2503 483 2552 impendunt.
542 2505 606 2529 —b
629 2503 883 2549 ubicumque.
927 2510 989 2527 -0
1011 2507 1140 2538 mater
1158 2506 1296 2546 supra
1311 2512 1421 2538 vers.
1462 2501 1530 2526 ——d
1549 2501 1636 2546 illa;
1655 2511 1739 2548 seq.

115 2565 198 2602 del.
219 2570 262 2601 ut
280 2569 430 2601 tacere.
485 2571 549 2589 -..e
573 2576 758 2610 cumque.

113 2714 194 2751 Sol.
220 2713 428 2751 Praecedit
448 2714 678 2760 exemplum
697 2712 916 2748 secundum
936 2710 1220 2755 correctiones,
1250 2710 1288 2746 in
1317 2710 1357 2746 ff.
1390 2710 1467 2755 158,
1503 2709 1582 2747 159.
1616 2711 1740 2748 Plura

116 2787 164 2810 ex
190 2774 251 2810 his
281 2785 384 2820 quae
411 2773 475 2809 hie
505 2773 704 2816 dicuntur,
738 2771 999 2807 inveniuntur
1025 2770 1065 2806 in
1093 2770 1263 2817 epistola
1291 2769 1335 2806 P.
1365 2769 1541 2814 Hoffaei,
1570 2770 1616 2806 30
1630 2770 1740 2817 Junii

115 2835 220 2878 data,
241 2845 345 2879 quae
365 2839 425 2870 est
444 2832 483 2869 in
503 2832 645 2868 eodem
663 2831 748 2868 cod.
769 2830 812 2867 ff.
836 2830 914 2874 136,
938 2830 1019 2866 137.

163 2894 172 2912 ¹
224 2891 387 2928 Rochus
406 2896 446 2928 et
464 2890 739 2938 Hieronymus
758 2891 989 2937 appellatur
1007 2902 1030 2925 a
1049 2888 1096 2925 P.
1124 2888 1310 2926 Hoffaeo.

163 2952 175 2971 ‘²
225 2950 428 2987 Henrieus
447 2949 695 2988 Scribonius.

162 3011 174 3030 ³
224 3009 456 3047 Secundum
475 3009 818 3052 SCHM1DL(Hz'st.
841 3010 932 3046 Soc.
955 3008 1067 3055 Jesu
1093 3013 1214 3054 prov.
1245 3009 1497 3051 Bohemiae,
1526 3007 1555 3052 Ι,
1590 3010 1660 3045 lib.
1687 3008 1736 3052 ΙΙ,

114 3083 153 3108 n.
173 3069 234 3114 72)
252 3069 539 3106 monasterium
558 3069 657 3105 illud
675 3068 886 3106 dicebatur
904 3068 1129 3105 Dobroluk.
