2038 3400
565 286 887 325 371.—NEAP0L1
912 288 934 324 3
961 288 1068 337 MAjl
1098 289 1185 325 1560
1563 292 1631 329 627

61 390 250 440 collegio
272 403 386 428 nunc
407 389 621 441 degimus,
645 396 831 441 quatuor
855 395 898 427 et
920 391 1097 441 triginta
1118 403 1298 429 numero
1324 406 1484 439 sumus,
1512 406 1563 431 ex
1587 395 1676 444 qui-

61 461 140 498 bus
163 460 317 499 decem
344 466 443 499 sunt
474 461 744 508 sacerdotes,
779 462 931 513 reliquj
964 474 1071 499 vero
1103 462 1275 500 fratres.
1311 462 1476 501 Omnes
1506 465 1676 514 quiden]

61 532 313 581 inflammarj
346 532 534 583 quodam
564 532 707 570 studio
739 532 1050 583 progrediendj
1084 533 1124 570 in
1155 534 1322 584 spiritu,
1347 546 1397 571 ac
1426 535 1596 584 flagrarj
1621 536 1679 573 vi-

62 602 233 649 dentur,
271 602 313 641 id
343 603 459 654 quod
482 610 572 641 turn
604 603 777 642 demum
809 617 895 642 non
927 617 1076 654 parurn
1109 606 1303 651 eminuit,
1339 618 1433 642 cum
1466 607 1550 643 hoc
1584 612 1678 643 toto

60 674 424 725 quadragesimalj
448 680 648 726 tempore
672 676 799 713 enixe
822 689 898 726 pro
922 676 1008 713 suis
1030 676 1220 726 lapsibus
1243 689 1266 713 a
1289 676 1583 727 superioribus
1606 678 1678 714 im-

62 751 234 794 petrare
257 745 594 793 contenderunt,
619 746 688 795 alij
716 751 759 783 vt
780 747 965 796 flagellis
987 759 1134 784 coram
1156 746 1359 784 fratribus
1383 759 1429 784 se
1448 748 1564 796 ipsos
1587 760 1675 784 ver·

61 816 280 863 berarent,
303 817 375 865 alij
399 823 446 854 vt
476 818 538 854 eis
560 816 934 855 discumbentibus
956 818 1199 856 ministrare
1224 819 1302 866 sibj
1328 818 1518 865 daretur,
1543 818 1611 866 alij
1635 824 1681 855 vt

61 887 247 937 aliquam
282 887 633 938 obiurgationem
669 888 960 938 susciperent,
993 894 1039 926 et
1074 888 1294 939 publicum
1327 888 1506 926 alicuius
1537 889 1682 926 conui-

63 958 167 996 tium
189 958 472 997 sustinerent.

113 1040 150 1068 2.
215 1029 346 1079 Quod
367 1030 421 1067 ad
443 1030 586 1068 studia
615 1031 825 1069 bonarum
857 1032 1081 1069 literarum
1115 1032 1286 1078 attinet,
1319 1032 1515 1070 nonnulli
1537 1037 1637 1068 sunt
1659 1043 1682 1068 e

61 1100 329 1138 nostratibus
351 1101 422 1151 quj
446 1100 621 1151 quidem
652 1102 693 1138 in
724 1102 989 1140 rhetoricam
1020 1103 1291 1148 incumbunt,
1325 1103 1442 1152 atquj
1477 1102 1605 1139 etiam
1629 1114 1681 1139 eo

63 1184 166 1209 sane
187 1183 442 1222 progressu,
475 1177 522 1209 vt
542 1185 629 1210 non
660 1174 715 1210 sit
744 1173 1059 1223 poenitendus.
1100 1175 1198 1223 Quo
1231 1175 1271 1211 in
1302 1185 1467 1224 genere
1500 1172 1681 1211 eaedem

63 1242 409 1281 exercitationes
441 1244 746 1291 obseruantur‚
770 1257 881 1295 quae
904 1246 946 1283 in
968 1245 1266 1296 superioribus
1296 1244 1683 1295 quadrimestribus

62 1315 251 1365 scriptae
283 1320 396 1353 sunt.
420 1316 732 1354 Verumtamen
755 1316 857 1363 duo,
885 1317 1043 1355 tertiae
1075 1322 1118 1354 et
1141 1328 1161 1365 5
1186 1317 1334 1354 classis
1352 1321 1681 1366 praeceptores,

64 1386 277 1436 immutntj
303 1392 415 1424 sunt:
450 1399 535 1437 ego
567 1388 679 1425 enim
712 1388 804 1438 ipse
828 1389 944 1437 Patrj
978 1389 1164 1426 Nicolao
1198 1389 1408 1434 successi,
1439 1388 1684 1425 Anthonius

61 1463 207 1495 autem
238 1459 327 1496 Leo
350 1457 464 1496 Nola
492 1458 577 1496 huc
606 1458 847 1497 aduocatus
869 1460 910 1497 in
943 1460 1081 1497 Patris
1097 1460 1276 1509 Joannis
1298 1460 1440 1497 locum
1473 1458 1684 1495 suffectus

63 1535 131 1567 est
168 1536 193 1576 ¹3
225 1529 343 1579 quod
382 1528 417 1567 si
455 1531 583 1568 ambo
615 1531 736 1570 Pres.
771 1531 1003 1569 commoda
1033 1531 1287 1569 valetudine
1318 1544 1404 1568 non
1440 1536 1681 1577 vterentur,

62 1606 107 1637 vt
130 1601 233 1638 satis
254 1600 335 1651 ipsi
356 1600 586 1639 commode
609 1608 791 1651 possent
812 1601 853 1639 id
877 1603 1069 1640 muneris
1091 1602 1297 1653 prosequj
1322 1609 1354 1648 ἃ,
1379 1600 1611 1639 sustinere.

114 1683 151 1720 3.
212 1673 347 1710 Porro
371 1673 439 1711 Pr.
473 1673 703 1712 Salmeron
733 1678 828 1711 tota
849 1675 930 1712 hac
959 1674 1295 1725 quadragesima
1325 1673 1502 1724 singulis
1532 1672 1684 1710 diebus

62 1744 263 1794 gnaviter
293 1751 561 1796 strenueque
597 1746 884 1785 concionatus
916 1753 999 1794 est,
1029 1753 1150 1784 tanta
1183 1747 1382 1784 nimirum
1419 1744 1685 1783 audientium

62 1816 322 1867 frequentia,
347 1822 551 1867 quantam
572 1824 769 1857 nostrum
802 1820 1026 1869 templum,
1053 1825 1096 1856 et
1127 1819 1230 1857 illud
1261 1831 1347 1856 non
1372 1818 1592 1868 exiguum,
1618 1828 1682 1853 ca-

60 1899 166 1938 pere
196 1893 386 1938 poterat3
418 1890 461 1926 in
491 1889 646 1939 quibus
675 1891 803 1940 plane
835 1890 969 1927 multo
1007 1891 1193 1927 maxima
1228 1902 1326 1939 pars
1359 1889 1611 1939 optimatum
1636 1899 1686 1924 ac

60 1958 299 2009 principum
321 1959 446 1996 huius
468 1959 657 1998 ciuitatis
679 1960 846 2007 aderat,
872 1967 943 1998 tan
978 1960 1115 1998 virilis
1137 1973 1264 2009 quam
1294 1960 1515 1997 muliebris
1537 1972 1682 1997 sexus.

61 2030 125 2067 Ex
147 2043 232 2080 quo
255 2043 384 2069 nemo
409 2037 477 2068 est
497 2032 592 2069 fere
615 2032 685 2081 quj
717 2032 905 2069 fructum
937 2045 1023 2069 non
1047 2033 1101 2069 sit
1134 2031 1442 2081 amplissimum
1475 2042 1683 2068 consecu-

64 2105 144 2140 tus.
170 2102 329 2140 Testes
351 2110 448 2140 sunt
470 2104 663 2152 nonnullj
687 2103 841 2153 quibus
862 2105 945 2142 hac
975 2103 1029 2142 de
1055 2116 1183 2141 causa
1206 2110 1280 2141 aut
1310 2104 1450 2140 honor
1482 2107 1555 2140 aut
1576 2102 1687 2138 tama

66 2172 268 2211 restituta
292 2180 376 2221 est3
400 2179 541 2212 testes
563 2179 661 2212 sunt
682 2188 769 2213 non
790 2175 934 2225 paucj,
958 2175 1028 2226 quj
1053 2177 1135 2213 iam
1159 2175 1327 2226 pridem
1358 2175 1469 2212 inter
1501 2186 1546 2211 se
1569 2185 1687 2210 acer-

63 2244 260 2283 bissimas
282 2245 525 2284 inimicitias
549 2253 857 2294 exercuerunt,
883 2253 928 2286 et
947 2260 1061 2285 nunc
1082 2247 1260 2285 tandem
1285 2247 1469 2297 primuni
1486 2246 1527 2283 in
1548 2246 1687 2295 pristi-

63 2327 160 2354 nam
190 2322 478 2367 veteremque
500 2319 683 2367 gratiam
706 2318 947 2365 redierunt3
970 2319 989 2343 b
1011 2325 1152 2357 testes
1174 2325 1273 2356 sunt
1305 2317 1508 2368 permultj
1533 2317 1687 2366 quibus

63 2399 150 2424 non
183 2388 286 2425 nihil
322 2389 383 2437 rej
421 2389 655 2436 familiaris,
688 2389 805 2439 quod
842 2389 904 2427 eis
940 2391 1099 2428 iniuste
1131 2389 1432 2438 detinebatur,
1470 2388 1685 2427 redditum

65 2463 148 2505 est3
172 2464 310 2497 testes
332 2466 430 2498 sunt
451 2474 579 2511 quam
598 2461 785 2511 plurimj,
817 2462 974 2512 quippe
999 2463 1069 2512 qui
1103 2463 1387 2513 grauissimas
1417 2462 1591 2500 iniurias
1613 2473 1687 2497 vo-

63 2530 247 2568 luntaria
269 2532 491 2570 obliuione
514 2534 833 2579 contriuerunt.

117 2613 156 2650 4.
216 2601 341 2640 Adeo
363 2603 561 2654 plerique
582 2605 703 2653 multj
728 2608 826 2642 sunt
844 2604 885 2641 in
906 2618 986 2642 nos
1008 2605 1175 2654 affectj,
1200 2612 1247 2643 vt
1278 2617 1487 2655 nusquam
1512 2616 1688 2654 prorsus

64 2684 191 2721 quam
213 2673 255 2710 in
275 2680 426 2713 nostro
454 2676 618 2726 templo
648 2676 853 2713 libentius
883 2676 1101 2725 immorarj
1136 2677 1382 2715 videantur.
1423 2676 1468 2713 Id
1501 2674 1617 2726 quod
1648 2675 1686 2711 in

65 2743 212 2792 quinta
240 2743 350 2782 feria
370 2746 543 2784 maioris
564 2746 868 2784 hebdomadae
889 2754 904 2771 ⁰
925 2759 1012 2784 non
1035 2748 1222 2785 obscure
1257 2747 1469 2797 quaedam
1493 2747 1683 2783 illustres

111 2885 130 2904 a
180 2885 331 2923 Praec.
353 2898 390 2923 v.
412 2887 590 2924 obscure
607 2891 839 2926 exaratum
923 2889 987 2913 —b
1005 2888 1096 2935 Seq.
1118 2888 1200 2925 del.
1227 2888 1252 2925 6
1269 2900 1336 2925 vv.
1360 2900 1409 2925 ex
1427 2887 1686 2934 praeceden-

64 2944 179 2982 tibus
197 2946 367 2983 iterata.
422 2954 486 2973 —0
507 2947 598 2994 Seq.
621 2947 703 2985 del,
726 2952 905 2984 sanctae.

116 3084 125 3104 ¹
180 3083 286 3122 Vide
304 3085 502 3132 superius,
523 3098 561 3133 p.
582 3085 663 3124 492.
