2038 3400
521 236 591 274 435
610 237 860 275 -VENETns
885 237 932 275 ‘28
958 237 1220 275 SEPTEMBRIS
1248 235 1338 273 1560
1626 237 1695 273 889

121 354 229 391 quae
262 342 346 380 hoc
372 355 483 380 anno
508 348 552 380 et
583 348 767 381 venetos
799 348 842 381 et
864 343 1019 380 inultas
1050 342 1245 380 similiter
1274 341 1472 379 nationes
1502 342 1740 388 inl'cstauit,

123 413 318 451 eiusdem
359 427 492 464 opera
527 420 570 452 et
606 414 983 453 cohortationibus
1019 414 1073 451 sit
1111 413 1353 460 subleuata‚
1391 412 1639 450 declaralw.
1678 413 1740 450 Eo

122 490 318 535 tempore
341 486 548 523 conuenit
579 486 626 523 R.
652 487 698 523 Ρ.
731 489 881 523 noster
911 484 1234 522 serenissimum
1256 482 1428 531 ducem,
1452 484 1519 521 cui
1551 484 1742 521 rationes

122 555 276 593 multas
299 556 585 606 depellendae
616 556 797 594 huiusce
832 556 1037 606 penuriae
1074 555 1292 606 exposuit,
1329 568 1454 592 unam
1490 555 1739 605 praecipue,

121 639 229 677 quae
261 627 441 677 principi
473 627 624 664 mirum
654 627 696 664 in
718 627 893 665 modum
925 632 992 664 est
1021 627 1217 677 probata.
1244 626 1376 676 Jussit
1408 626 1521 663 enim
1553 627 1738 664 omniun]

120 698 420 748 parochiarum
441 698 569 748 (quae
591 711 772 736 numero
801 698 953 736 LXXII
983 698 1100 747 sunt)
1131 699 1367 736 curatores
1388 704 1404 722 ὃ
1430 711 1526 735 cum
1558 697 1651 746 alijs
1674 712 1742 736 ea-

121 781 213 807 rum
247 768 440 820 patricijs
475 774 605 820 atque
639 768 837 807 honestis
876 769 1042 807 ciuibus
1077 769 1297 815 aduocari,
1334 768 1488 818 quibus
1524 769 1739 819 sigillatim

119 854 355 892 pauperum
377 853 553 879 suorum
576 853 722 879 curam
745 841 1036 891 demandauit:
1060 853 1145 890 quo
1170 839 1315 878 edicto
1338 840 1461 877 simul
1484 853 1580 878 cum
1603 841 1741 878 Patris

119 912 301 950 assiduis
322 912 662 959 incitationibus,
686 912 766 962 Dej
789 912 1007 950 beneficio
1029 912 1191 950 factum
1208 917 1290 958 est,
1314 916 1358 949 ut
1387 912 1616 950 uniuersae
1639 912 1741 950 ciui·

119 984 220 1022 tatis
249 983 420 1035 inopiae
443 984 761 1031 consuleretur,
786 984 1001 1034 errogatis
1022 985 1074 1022 ab
1102 983 1439 1033 uniuscuiusque
1460 984 1479 1008 b
1508 983 1740 1034 parochiae

121 1056 286 1095 ciuibus
308 1060 484 1094 centum
504 1056 546 1094 in
574 1056 770 1107 singulos
791 1068 964 1093 menses
994 1057 1154 1106 aurejs3
1177 1057 1393 1095 interdum
1415 1059 1561 1093 autem
1583 1055 1742 1093 ducen-

119 1127 191 1176 tjs·‚
211 1125 472 1178 generatim
499 1129 649 1166 autem
670 1126 723 1165 ad
751 1132 919 1177 septem
941 1141 1171 1166 aureorum
1202 1127 1331 1165 millia
1360 1140 1481 1164 suma
1501 1127 1660 1165 crescit
1689 1128 1742 1165 ab

122 1198 319 1236 omnibus
340 1198 558 1249 parochijs
579 1198 621 1236 in
643 1211 815 1236 menses
836 1197 1031 1249 singulos
1053 1200 1267 1249 exposita.
1291 1199 1339 1237 Id
1360 1211 1465 1237 uero
1490 1199 1677 1237 omnium
1700 1200 1739 1237 in

118 1283 198 1307 nos
220 1269 377 1308 ciuium
400 1270 626 1309 coniectos
655 1271 807 1309 oculos
829 1270 1011 1308 mirabili
1030 1271 1157 1308 huius
1185 1269 1509 1308 misericordiae
1532 1271 1741 1321 magnitu-

121 1341 220 1379 dine
245 1342 497 1388 oblectauit‚
522 1342 652 1380 immo
675 1347 720 1380 et
740 1342 844 1381 alias
865 1343 995 1380 urbes
1023 1343 1075 1381 ad
1096 1343 1180 1381 hoc
1201 1344 1552 1394 persequendum
1573 1343 1638 1393 (ut
1667 1356 1742 1380 nu-

119 1425 197 1463 per
218 1413 508 1463 referebatur)
530 1413 712 1452 induxit.

171 1493 209 1531 3.
272 1482 382 1522 Illud
411 1483 590 1534 quidem
619 1484 813 1536 suppetit
840 1497 1012 1535 quoque
1035 1492 1051 1510 0
1081 1485 1313 1524 dicendum
1344 1498 1429 1535 quo
1448 1485 1566 1523 Deus
1597 1486 1741 1523 multis

118 1554 203 1594 hoc
224 1560 421 1606 tempore
445 1555 621 1607 flagitijs
651 1556 764 1594 uiam
786 1557 1017 1595 obstruxit.
1037 1556 1371 1595 Consueuerant
1393 1561 1553 1595 matres
1573 1557 1739 1607 aliquae

118 1627 225 1665 filias
247 1628 510 1678 exponendo
533 1627 697 1666 uictum
718 1628 797 1666 sibi
818 1633 997 1679 propter
1019 1629 1220 1667 eximiam
1240 1633 1542 1679 paupertatem
1571 1643 1741 1680 compa-

119 1710 229 1745 rare,
254 1698 371 1748 quod
392 1711 493 1737 cum
515 1697 776 1737 inauditum
797 1699 963 1738 facinus
991 1698 1010 1724 d
1032 1699 1085 1738 ad
1107 1701 1281 1738 Patrem
1303 1705 1423 1738 esset
1439 1700 1644 1746 delatum,
1670 1714 1741 1739 cu-

118 1769 228 1807 rauit
268 1769 340 1807 ille
378 1770 557 1820 priuatis
596 1771 867 1821 publicisque
907 1771 1193 1809 concionibus
1233 1771 1285 1809 ad
1323 1772 1449 1809 huius
1489 1771 1740 1809 teterrimae

116 1840 252 1891 pestis
283 1840 577 1888 euersionem,
611 1841 780 1880 collatis
807 1841 1041 1879 multorum
1064 1841 1356 1892 portionibus
1377 1850 1409 1890 e,
1434 1843 1609 1880 domum
1640 1856 1740 1881 con-

118 1911 218 1950 duci
240 1911 343 1949 satis
373 1912 572 1963 amplam,
596 1925 706 1962 quae
727 1912 892 1963 puellas
914 1926 937 1951 e
960 1913 1164 1951 uitiorum
1194 1914 1390 1952 faucibus
1421 1919 1595 1964 ereptas
1626 1928 1740 1953 com-

118 1983 248 2021 mode
270 1987 462 2033 caperet.
488 1982 655 2022 Placuit
675 1983 735 2021 ita
749 1984 967 2034 plerisque
991 1997 1043 2023 ea
1063 1997 1147 2033 reS‚
1168 1984 1246 2035 qut
1266 1984 1417 2036 capita
1435 1987 1738 2034 contulerant,

118 2059 163 2092 ut
184 2055 386 2104 quoniam
407 2067 518 2093 anno
540 2055 778 2105 praeterito
797 2056 1050 2107 refriguisse
1068 2057 1109 2094 in
1126 2062 1247 2095 tanto
1265 2058 1446 2108 negotio
1464 2057 1737 2104 uidebantur,

117 2140 231 2165 nunc
252 2128 387 2165 multo
409 2127 545 2177 magis
567 2127 743 2174 instent,
769 2132 813 2165 et
833 2127 948 2166 bona
967 2129 1249 2179 pecuniarum
1271 2130 1397 2180 copia
1418 2130 1553 2180 elapsi
1573 2135 1741 2180 tempo-

119 2198 174 2235 ris
195 2197 392 2236 iniuriam
414 2199 668 2246 resarciant3
691 2211 875 2248 cumque
897 2199 1075 2250 triginta
1095 2206 1300 2250 receptae
1323 2200 1407 2238 sint
1428 2201 1598 2251 puellae
1620 2200 1740 2238 nubi-

117 2269 195 2316 les,
228 2268 337 2307 aliae
367 2260 424 2307 fia
451 2269 668 2308 nonnullis
699 2270 867 2308 ciuibus
897 2271 1031 2321 gratis
1061 2271 1179 2309 domi
1209 2272 1375 2309 alantur
1396 2279 1432 2319 g,
1466 2272 1608 2310 donec
1639 2286 1740 2310 con-

117 2341 350 2379 struendae
380 2341 581 2392 propriae
612 2346 657 2379 et
687 2342 904 2392 amplioris
935 2342 1088 2380 domus
1116 2342 1251 2381 maior
1281 2356 1328 2381 se
1360 2343 1515 2381 offerat
1548 2345 1737 2391 occasio,

117 2425 194 2462 pro
216 2424 300 2460 qua
320 2412 516 2454 emenda,
540 2417 723 2461 quatuor
743 2412 835 2450 fere
858 2413 989 2450 millia
1008 2425 1239 2451 aureorum
1260 2419 1358 2452 sunt
1378 2414 1588 2465 promissa
1609 2428 1633 2452 a
1652 2416 1739 2465 ple-

118 2481 262 2532 risque
284 2482 367 2533 pijs
387 2481 505 2529 uiris,
527 2483 681 2533 quibus
703 2484 812 2522 haec
842 2485 1028 2522 maxime
1059 2485 1182 2523 cordi
1203 2498 1301 2523 esse
1323 2486 1541 2524 uidentur.
1566 2486 1739 2523 Duode-

119 2555 201 2592 cim
223 2558 463 2601 matronae,
488 2558 532 2592 et
553 2555 633 2593 uiri
655 2553 842 2593 ciuitatis
872 2555 1076 2606 primates
1097 2557 1298 2604 totidem,
1321 2557 1449 2606 hujus
1478 2556 1644 2608 negotij
1669 2570 1739 2594 cu-

118 2640 207 2665 ram
242 2631 544 2677 susceperunt,
578 2637 631 2663 ex
667 2625 820 2675 quibus
850 2631 1035 2676 quatuor
1068 2632 1167 2665 sunt
1204 2628 1460 2665 nobilissimi
1494 2632 1736 2674 senatores,

117 2703 301 2748 quatuor
331 2698 436 2736 item
466 2697 671 2735 mulieres
700 2698 939 2747 puellarum
973 2704 1072 2736 sunt
1102 2699 1430 2745 moderatrices,
1463 2712 1641 2748 quarum
1672 2704 1739 2736 est

120 2769 311 2808 officium
341 2769 444 2807 alias
474 2767 721 2815 admittere,
758 2768 964 2808 admissas
994 2774 1140 2808 autem
1171 2770 1326 2808 crebro
1347 2770 1552 2817 inuisere,
1576 2783 1737 2819 easque

164 2976 184 2996 a
216 2976 414 3013 curiones.
491 2978 558 3002 —b
590 2977 774 3014 Emend.
812 2988 862 3015 ex
896 2977 1175 3025 unieuiusque.
1254 2987 1317 3005 -0
1353 2980 1475 3016 etiam
1522 2981 1734 3018 succurrit.

120 3036 187 3064 -d
207 3047 310 3074 cum.
364 3043 429 3062 -θ
450 3036 720 3074 eleemosinis.
775 3037 834 3062 —s
862 3036 957 3074 Del.
978 3049 1070 3085 que.
1123 3046 1193 3073 —g
1212 3038 1398 3076 Emend.
1420 3049 1470 3076 ex
1487 3039 1664 3076 aluntur.
