<?xml version="1.0" encoding="UTF-8"?>
<!DOCTYPE html PUBLIC "-//W3C//DTD XHTML 1.0 Transitional//EN"
    "http://www.w3.org/TR/xhtml1/DTD/xhtml1-transitional.dtd">
<html xmlns="http://www.w3.org/1999/xhtml" xml:lang="en" lang="en">
 <head>
  <title>
</title>
<meta http-equiv="Content-Type" content="text/html;charset=utf-8" />
  <meta name='ocr-system' content='tesseract 3.04.00' />
  <meta name='ocr-capabilities' content='ocr_page ocr_carea ocr_par ocr_line ocrx_word'/>
</head>
<body>
  <div class='ocr_page' id='page_1' title='image "./litteraequadrime18lain_0306.png"; bbox 0 0 2038 3400; ppageno 0'>
   <div class='ocr_carea' id='block_1_1' title="bbox 350 232 1428 288">
    <p class='ocr_par' dir='ltr' id='par_1_1' title="bbox 350 232 1428 288">
     <span class='ocr_line' id='line_1_1' title="bbox 350 232 1428 288; baseline 0.007 -16"><span class='ocrx_word' id='word_1_1' title='bbox 350 232 420 273; x_wconf 77' lang='lat'>288</span> <span class='ocrx_word' id='word_1_2' title='bbox 819 236 1041 278; x_wconf 73' lang='lat' dir='ltr'>L1TTERAE</span> <span class='ocrx_word' id='word_1_3' title='bbox 1067 238 1428 288; x_wconf 80' lang='lat' dir='ltr'><strong>QUADRIMESTRES</strong></span> 
     </span>
    </p>
   </div>
   <div class='ocr_carea' id='block_1_2' title="bbox 277 323 1937 2956">
    <p class='ocr_par' dir='ltr' id='par_1_2' title="bbox 286 323 1937 1739">
     <span class='ocr_line' id='line_1_2' title="bbox 303 323 1936 378; baseline 0.006 -20"><span class='ocrx_word' id='word_1_4' title='bbox 303 327 403 365; x_wconf 87' lang='lat' dir='ltr'>mat,</span> <span class='ocrx_word' id='word_1_5' title='bbox 425 328 471 360; x_wconf 90' lang='lat' dir='ltr'>ut</span> <span class='ocrx_word' id='word_1_6' title='bbox 505 335 553 362; x_wconf 86' lang='lat' dir='ltr'>se</span> <span class='ocrx_word' id='word_1_7' title='bbox 582 328 703 363; x_wconf 88' lang='lat' dir='ltr'>totos</span> <span class='ocrx_word' id='word_1_8' title='bbox 734 323 907 363; x_wconf 91' lang='lat' dir='ltr'>diuinae</span> <span class='ocrx_word' id='word_1_9' title='bbox 938 326 1093 376; x_wconf 85' lang='lat' dir='ltr'>pietati</span> <span class='ocrx_word' id='word_1_10' title='bbox 1124 327 1416 375; x_wconf 82' lang='lat' dir='ltr'>committant,</span> <span class='ocrx_word' id='word_1_11' title='bbox 1452 340 1503 367; x_wconf 89' lang='lat' dir='ltr'>ac</span> <span class='ocrx_word' id='word_1_12' title='bbox 1538 328 1802 378; x_wconf 77' lang='lat' dir='ltr'>praesidium</span> <span class='ocrx_word' id='word_1_13' title='bbox 1824 328 1936 367; x_wconf 86' lang='lat' dir='ltr'>illius</span> 
     </span>
     <span class='ocr_line' id='line_1_3' title="bbox 303 391 1936 450; baseline 0.006 -21"><span class='ocrx_word' id='word_1_14' title='bbox 303 391 457 432; x_wconf 73' lang='lat' dir='ltr'>sedulo</span> <span class='ocrx_word' id='word_1_15' title='bbox 479 394 729 445; x_wconf 81' lang='lat' dir='ltr'>implorent,</span> <span class='ocrx_word' id='word_1_16' title='bbox 753 410 839 447; x_wconf 86' lang='lat' dir='ltr'>quo</span> <span class='ocrx_word' id='word_1_17' title='bbox 862 399 1237 447; x_wconf 83' lang='lat' dir='ltr'>perseuerantiam</span> <span class='ocrx_word' id='word_1_18' title='bbox 1260 398 1423 436; x_wconf 87' lang='lat' dir='ltr'>donare</span> <span class='ocrx_word' id='word_1_19' title='bbox 1454 399 1675 450; x_wconf 81' lang='lat' dir='ltr'>dignetur.</span> <span class='ocrx_word' id='word_1_20' title='bbox 1709 400 1826 438; x_wconf 89' lang='lat' dir='ltr'>Inter</span> <span class='ocrx_word' id='word_1_21' title='bbox 1856 401 1936 438; x_wconf 86' lang='lat' dir='ltr'>hos</span> 
     </span>
     <span class='ocr_line' id='line_1_4' title="bbox 302 468 1934 522; baseline 0.006 -22"><span class='ocrx_word' id='word_1_22' title='bbox 302 476 411 501; x_wconf 79' lang='lat' dir='ltr'>vnus</span> <span class='ocrx_word' id='word_1_23' title='bbox 435 471 502 503; x_wconf 93' lang='lat' dir='ltr'>est</span> <span class='ocrx_word' id='word_1_24' title='bbox 531 468 857 518; x_wconf 85' lang='lat' dir='ltr'>neomagiensis</span> <span class='ocrx_word' id='word_1_25' title='bbox 899 470 1064 516; x_wconf 78' lang='lat' dir='ltr'>rhetor,</span> <span class='ocrx_word' id='word_1_26' title='bbox 1087 469 1348 508; x_wconf 73' lang='lat' dir='ltr'>adolescens</span> <span class='ocrx_word' id='word_1_27' title='bbox 1381 469 1685 522; x_wconf 87' lang='lat' dir='ltr'>duodeuiginti</span> <span class='ocrx_word' id='word_1_28' title='bbox 1707 483 1934 519; x_wconf 77' lang='lat' dir='ltr'>annorum,</span> 
     </span>
     <span class='ocr_line' id='line_1_5' title="bbox 300 539 1936 594; baseline 0.005 -21"><span class='ocrx_word' id='word_1_29' title='bbox 300 542 475 585; x_wconf 88' lang='lat' dir='ltr'>praeter</span> <span class='ocrx_word' id='word_1_30' title='bbox 517 539 741 590; x_wconf 81' lang='lat' dir='ltr'>egregiam</span> <span class='ocrx_word' id='word_1_31' title='bbox 781 539 974 578; x_wconf 86' lang='lat' dir='ltr'>indolem</span> <span class='ocrx_word' id='word_1_32' title='bbox 1015 540 1139 578; x_wconf 88' lang='lat' dir='ltr'>diues</span> <span class='ocrx_word' id='word_1_33' title='bbox 1179 553 1230 579; x_wconf 90' lang='lat' dir='ltr'>ac</span> <span class='ocrx_word' id='word_1_34' title='bbox 1270 546 1451 579; x_wconf 88' lang='lat' dir='ltr'>naturae</span> <span class='ocrx_word' id='word_1_35' title='bbox 1493 541 1669 580; x_wconf 86' lang='lat' dir='ltr'>dotibus</span> <span class='ocrx_word' id='word_1_36' title='bbox 1709 541 1936 594; x_wconf 88' lang='lat' dir='ltr'>insigniter</span> 
     </span>
     <span class='ocr_line' id='line_1_6' title="bbox 298 608 1936 665; baseline 0.004 -20"><span class='ocrx_word' id='word_1_37' title='bbox 298 608 541 657; x_wconf 78' lang='lat' dir='ltr'>praeditus3</span> <span class='ocrx_word' id='word_1_38' title='bbox 588 610 698 648; x_wconf 87' lang='lat' dir='ltr'>alter</span> <span class='ocrx_word' id='word_1_39' title='bbox 749 615 815 648; x_wconf 87' lang='lat' dir='ltr'>est</span> <span class='ocrx_word' id='word_1_40' title='bbox 865 611 1118 659; x_wconf 68' lang='lat' dir='ltr'>leodiensis,</span> <span class='ocrx_word' id='word_1_41' title='bbox 1152 611 1394 651; x_wconf 78' lang='lat' dir='ltr'>identidem</span> <span class='ocrx_word' id='word_1_42' title='bbox 1444 613 1610 660; x_wconf 85' lang='lat' dir='ltr'>rhetor,</span> <span class='ocrx_word' id='word_1_43' title='bbox 1662 613 1936 665; x_wconf 84' lang='lat' dir='ltr'>vndeuiginti</span> 
     </span>
     <span class='ocr_line' id='line_1_7' title="bbox 301 678 1937 735; baseline 0.004 -19"><span class='ocrx_word' id='word_1_44' title='bbox 301 678 476 718; x_wconf 79' lang='lat' dir='ltr'>circiter</span> <span class='ocrx_word' id='word_1_45' title='bbox 526 694 754 729; x_wconf 86' lang='lat' dir='ltr'>annorum,</span> <span class='ocrx_word' id='word_1_46' title='bbox 809 688 853 720; x_wconf 91' lang='lat' dir='ltr'>et</span> <span class='ocrx_word' id='word_1_47' title='bbox 902 683 990 721; x_wconf 89' lang='lat' dir='ltr'>suis</span> <span class='ocrx_word' id='word_1_48' title='bbox 1033 684 1236 734; x_wconf 82' lang='lat' dir='ltr'>profecto</span> <span class='ocrx_word' id='word_1_49' title='bbox 1295 682 1474 722; x_wconf 87' lang='lat' dir='ltr'>dotibus</span> <span class='ocrx_word' id='word_1_50' title='bbox 1529 685 1794 735; x_wconf 88' lang='lat' dir='ltr'>praeclarus.</span> <span class='ocrx_word' id='word_1_51' title='bbox 1855 686 1937 723; x_wconf 90' lang='lat' dir='ltr'>Hic</span> 
     </span>
     <span class='ocr_line' id='line_1_8' title="bbox 297 754 1934 807; baseline 0.004 -18"><span class='ocrx_word' id='word_1_52' title='bbox 297 757 529 803; x_wconf 74' lang='lat' dir='ltr'>postquam</span> <span class='ocrx_word' id='word_1_53' title='bbox 553 754 725 804; x_wconf 85' lang='lat' dir='ltr'>saepius</span> <span class='ocrx_word' id='word_1_54' title='bbox 757 754 1039 793; x_wconf 85' lang='lat' dir='ltr'>sollicitasset</span> <span class='ocrx_word' id='word_1_55' title='bbox 1071 757 1253 807; x_wconf 84' lang='lat' dir='ltr'>supplex</span> <span class='ocrx_word' id='word_1_56' title='bbox 1278 757 1323 794; x_wconf 72' lang='lat' dir='ltr'>P.</span> <span class='ocrx_word' id='word_1_57' title='bbox 1362 756 1640 794; x_wconf 87' lang='lat' dir='ltr'>Leonardum</span> <span class='ocrx_word' id='word_1_58' title='bbox 1671 763 1803 807; x_wconf 87' lang='lat' dir='ltr'>atque</span> <span class='ocrx_word' id='word_1_59' title='bbox 1824 757 1934 795; x_wconf 79' lang='lat' dir='ltr'>alios</span> 
     </span>
     <span class='ocr_line' id='line_1_9' title="bbox 298 822 1933 877; baseline 0.003 -16"><span class='ocrx_word' id='word_1_60' title='bbox 298 822 515 871; x_wconf 74' lang='lat' dir='ltr'>dominos,</span> <span class='ocrx_word' id='word_1_61' title='bbox 547 837 631 864; x_wconf 85' lang='lat' dir='ltr'>nec</span> <span class='ocrx_word' id='word_1_62' title='bbox 661 830 812 875; x_wconf 87' lang='lat' dir='ltr'>posset</span> <span class='ocrx_word' id='word_1_63' title='bbox 843 827 961 864; x_wconf 86' lang='lat' dir='ltr'>votis</span> <span class='ocrx_word' id='word_1_64' title='bbox 989 826 1134 877; x_wconf 90' lang='lat' dir='ltr'>potiri,</span> <span class='ocrx_word' id='word_1_65' title='bbox 1169 827 1328 866; x_wconf 83' lang='lat' dir='ltr'>multas</span> <span class='ocrx_word' id='word_1_66' title='bbox 1350 827 1541 866; x_wconf 86' lang='lat' dir='ltr'>docebat</span> <span class='ocrx_word' id='word_1_67' title='bbox 1572 832 1729 867; x_wconf 90' lang='lat' dir='ltr'>noctes</span> <span class='ocrx_word' id='word_1_68' title='bbox 1759 828 1853 867; x_wconf 89' lang='lat' dir='ltr'>fere</span> <span class='ocrx_word' id='word_1_69' title='bbox 1873 829 1933 866; x_wconf 92' lang='lat' dir='ltr'>in-</span> 
     </span>
     <span class='ocr_line' id='line_1_10' title="bbox 297 896 1933 950; baseline 0.004 -18"><span class='ocrx_word' id='word_1_70' title='bbox 297 907 488 944; x_wconf 81' lang='lat' dir='ltr'>somnes,</span> <span class='ocrx_word' id='word_1_71' title='bbox 526 896 682 946; x_wconf 83' lang='lat' dir='ltr'>quibus</span> <span class='ocrx_word' id='word_1_72' title='bbox 713 903 982 948; x_wconf 79' lang='lat' dir='ltr'>conquestus</span> <span class='ocrx_word' id='word_1_73' title='bbox 1015 903 1081 936; x_wconf 90' lang='lat' dir='ltr'>est</span> <span class='ocrx_word' id='word_1_74' title='bbox 1111 912 1157 937; x_wconf 93' lang='lat' dir='ltr'>se</span> <span class='ocrx_word' id='word_1_75' title='bbox 1190 900 1345 937; x_wconf 88' lang='lat' dir='ltr'>multas</span> <span class='ocrx_word' id='word_1_76' title='bbox 1378 911 1633 950; x_wconf 88' lang='lat' dir='ltr'>perpessum</span> <span class='ocrx_word' id='word_1_77' title='bbox 1664 900 1933 938; x_wconf 78' lang='lat' dir='ltr'>tentationes</span> 
     </span>
     <span class='ocr_line' id='line_1_11' title="bbox 297 967 1934 1019; baseline 0.003 -15"><span class='ocrx_word' id='word_1_78' title='bbox 297 967 349 1004; x_wconf 89' lang='lat' dir='ltr'>ab</span> <span class='ocrx_word' id='word_1_79' title='bbox 387 968 527 1005; x_wconf 87' lang='lat' dir='ltr'>omnis</span> <span class='ocrx_word' id='word_1_80' title='bbox 564 968 736 1006; x_wconf 86' lang='lat' dir='ltr'>virtutis</span> <span class='ocrx_word' id='word_1_81' title='bbox 770 968 946 1007; x_wconf 88' lang='lat' dir='ltr'>inimico</span> <span class='ocrx_word' id='word_1_82' title='bbox 984 969 1189 1017; x_wconf 87' lang='lat' dir='ltr'>demone,</span> <span class='ocrx_word' id='word_1_83' title='bbox 1220 971 1291 1019; x_wconf 86' lang='lat' dir='ltr'>qui</span> <span class='ocrx_word' id='word_1_84' title='bbox 1328 971 1466 1009; x_wconf 87' lang='lat' dir='ltr'>seculi</span> <span class='ocrx_word' id='word_1_85' title='bbox 1501 970 1797 1009; x_wconf 88' lang='lat' dir='ltr'>blandimenta</span> <span class='ocrx_word' id='word_1_86' title='bbox 1817 971 1934 1009; x_wconf 88' lang='lat' dir='ltr'>falla-</span> 
     </span>
     <span class='ocr_line' id='line_1_12' title="bbox 295 1039 1930 1093; baseline 0.002 -16"><span class='ocrx_word' id='word_1_87' title='bbox 295 1040 361 1077; x_wconf 88' lang='lat' dir='ltr'>cia</span> <span class='ocrx_word' id='word_1_88' title='bbox 380 1051 431 1078; x_wconf 90' lang='lat' dir='ltr'>ac</span> <span class='ocrx_word' id='word_1_89' title='bbox 465 1039 725 1091; x_wconf 88' lang='lat' dir='ltr'>praestigias</span> <span class='ocrx_word' id='word_1_90' title='bbox 742 1040 1042 1092; x_wconf 53' lang='lat' dir='ltr'>suggerebat,</span> <span class='ocrx_word' id='word_1_91' title='bbox 1076 1046 1122 1079; x_wconf 90' lang='lat' dir='ltr'>ut</span> <span class='ocrx_word' id='word_1_92' title='bbox 1143 1054 1167 1080; x_wconf 86' lang='lat' dir='ltr'>a</span> <span class='ocrx_word' id='word_1_93' title='bbox 1188 1048 1275 1080; x_wconf 88' lang='lat' dir='ltr'>tam</span> <span class='ocrx_word' id='word_1_94' title='bbox 1308 1048 1460 1080; x_wconf 88' lang='lat' dir='ltr'>sancto</span> <span class='ocrx_word' id='word_1_95' title='bbox 1492 1043 1720 1093; x_wconf 86' lang='lat' dir='ltr'>proposito</span> <span class='ocrx_word' id='word_1_96' title='bbox 1743 1042 1930 1081; x_wconf 89' lang='lat' dir='ltr'>animum</span> 
     </span>
     <span class='ocr_line' id='line_1_13' title="bbox 293 1112 1932 1164; baseline 0.002 -16"><span class='ocrx_word' id='word_1_97' title='bbox 293 1117 517 1149; x_wconf 88' lang='lat' dir='ltr'>auocaret.</span> <span class='ocrx_word' id='word_1_98' title='bbox 545 1113 710 1151; x_wconf 89' lang='lat' dir='ltr'>Contra</span> <span class='ocrx_word' id='word_1_99' title='bbox 731 1124 839 1150; x_wconf 86' lang='lat' dir='ltr'>vero</span> <span class='ocrx_word' id='word_1_100' title='bbox 874 1112 1016 1150; x_wconf 89' lang='lat' dir='ltr'>bonus</span> <span class='ocrx_word' id='word_1_101' title='bbox 1047 1114 1230 1164; x_wconf 82' lang='lat' dir='ltr'>angelus</span> <span class='ocrx_word' id='word_1_102' title='bbox 1262 1112 1409 1151; x_wconf 91' lang='lat' dir='ltr'>mundi</span> <span class='ocrx_word' id='word_1_103' title='bbox 1445 1119 1746 1164; x_wconf 87' lang='lat' dir='ltr'>contemptum</span> <span class='ocrx_word' id='word_1_104' title='bbox 1781 1126 1832 1153; x_wconf 85' lang='lat' dir='ltr'>ac</span> <span class='ocrx_word' id='word_1_105' title='bbox 1868 1115 1932 1152; x_wconf 90' lang='lat' dir='ltr'>sui</span> 
     </span>
     <span class='ocr_line' id='line_1_14' title="bbox 292 1183 1928 1236; baseline 0.002 -15"><span class='ocrx_word' id='word_1_106' title='bbox 292 1183 633 1235; x_wconf 87' lang='lat' dir='ltr'>abnegationem</span> <span class='ocrx_word' id='word_1_107' title='bbox 669 1183 909 1222; x_wconf 72' lang='lat' dir='ltr'>efficaciter</span> <span class='ocrx_word' id='word_1_108' title='bbox 943 1184 1252 1235; x_wconf 83' lang='lat' dir='ltr'>persuadebat.</span> <span class='ocrx_word' id='word_1_109' title='bbox 1296 1186 1390 1234; x_wconf 80' lang='lat' dir='ltr'>Hijs</span> <span class='ocrx_word' id='word_1_110' title='bbox 1426 1184 1782 1236; x_wconf 86' lang='lat' dir='ltr'>inspirationibus</span> <span class='ocrx_word' id='word_1_111' title='bbox 1816 1185 1928 1225; x_wconf 90' lang='lat' dir='ltr'>adeo</span> 
     </span>
     <span class='ocr_line' id='line_1_15' title="bbox 290 1254 1930 1307; baseline 0.002 -15"><span class='ocrx_word' id='word_1_112' title='bbox 290 1254 369 1292; x_wconf 89' lang='lat' dir='ltr'>fuit</span> <span class='ocrx_word' id='word_1_113' title='bbox 391 1254 595 1294; x_wconf 89' lang='lat' dir='ltr'>delinitus</span> <span class='ocrx_word' id='word_1_114' title='bbox 617 1257 799 1301; x_wconf 80' lang='lat' dir='ltr'>animus,</span> <span class='ocrx_word' id='word_1_115' title='bbox 824 1261 870 1293; x_wconf 91' lang='lat' dir='ltr'>ut</span> <span class='ocrx_word' id='word_1_116' title='bbox 891 1256 933 1294; x_wconf 88' lang='lat' dir='ltr'>in</span> <span class='ocrx_word' id='word_1_117' title='bbox 954 1256 1038 1305; x_wconf 86' lang='lat' dir='ltr'>hijs</span> <span class='ocrx_word' id='word_1_118' title='bbox 1061 1257 1400 1307; x_wconf 83' lang='lat' dir='ltr'>conquiesceret</span> <span class='ocrx_word' id='word_1_119' title='bbox 1420 1269 1471 1296; x_wconf 90' lang='lat' dir='ltr'>ac</span> <span class='ocrx_word' id='word_1_120' title='bbox 1493 1258 1571 1295; x_wconf 89' lang='lat' dir='ltr'>sibi</span> <span class='ocrx_word' id='word_1_121' title='bbox 1594 1257 1821 1296; x_wconf 89' lang='lat' dir='ltr'>videretur</span> <span class='ocrx_word' id='word_1_122' title='bbox 1844 1271 1930 1296; x_wconf 90' lang='lat' dir='ltr'>nec</span> 
     </span>
     <span class='ocr_line' id='line_1_16' title="bbox 291 1327 1928 1381; baseline 0.003 -18"><span class='ocrx_word' id='word_1_123' title='bbox 291 1327 485 1376; x_wconf 90' lang='lat' dir='ltr'>quietem</span> <span class='ocrx_word' id='word_1_124' title='bbox 515 1340 599 1366; x_wconf 92' lang='lat' dir='ltr'>nec</span> <span class='ocrx_word' id='word_1_125' title='bbox 629 1340 784 1378; x_wconf 90' lang='lat' dir='ltr'>pacem</span> <span class='ocrx_word' id='word_1_126' title='bbox 813 1340 965 1366; x_wconf 80' lang='lat' dir='ltr'>veram</span> <span class='ocrx_word' id='word_1_127' title='bbox 998 1341 1130 1379; x_wconf 86' lang='lat' dir='ltr'>posse</span> <span class='ocrx_word' id='word_1_128' title='bbox 1164 1328 1375 1378; x_wconf 83' lang='lat' dir='ltr'>consequi</span> <span class='ocrx_word' id='word_1_129' title='bbox 1410 1341 1493 1367; x_wconf 92' lang='lat' dir='ltr'>nec</span> <span class='ocrx_word' id='word_1_130' title='bbox 1524 1329 1657 1367; x_wconf 83' lang='lat' dir='ltr'>vitam</span> <span class='ocrx_word' id='word_1_131' title='bbox 1687 1342 1928 1381; x_wconf 90' lang='lat' dir='ltr'>prorogare</span> 
     </span>
     <span class='ocr_line' id='line_1_17' title="bbox 290 1397 1928 1452; baseline 0.004 -18"><span class='ocrx_word' id='word_1_132' title='bbox 290 1397 466 1446; x_wconf 87' lang='lat' dir='ltr'>diutius,</span> <span class='ocrx_word' id='word_1_133' title='bbox 499 1399 580 1437; x_wconf 85' lang='lat' dir='ltr'>nisi</span> <span class='ocrx_word' id='word_1_134' title='bbox 613 1400 788 1438; x_wconf 88' lang='lat' dir='ltr'>omnino</span> <span class='ocrx_word' id='word_1_135' title='bbox 825 1411 1052 1438; x_wconf 81' lang='lat' dir='ltr'>assensum</span> <span class='ocrx_word' id='word_1_136' title='bbox 1080 1401 1331 1450; x_wconf 86' lang='lat' dir='ltr'>praeberet.</span> <span class='ocrx_word' id='word_1_137' title='bbox 1363 1401 1474 1438; x_wconf 86' lang='lat' dir='ltr'>Dum</span> <span class='ocrx_word' id='word_1_138' title='bbox 1505 1400 1637 1450; x_wconf 80' lang='lat' dir='ltr'>igitur</span> <span class='ocrx_word' id='word_1_139' title='bbox 1669 1401 1824 1439; x_wconf 89' lang='lat' dir='ltr'>crebro</span> <span class='ocrx_word' id='word_1_140' title='bbox 1857 1414 1928 1452; x_wconf 87' lang='lat' dir='ltr'>pa-</span> 
     </span>
     <span class='ocr_line' id='line_1_18' title="bbox 289 1471 1926 1523; baseline 0.002 -15"><span class='ocrx_word' id='word_1_141' title='bbox 289 1475 458 1509; x_wconf 89' lang='lat' dir='ltr'>teretur</span> <span class='ocrx_word' id='word_1_142' title='bbox 489 1471 722 1521; x_wconf 80' lang='lat' dir='ltr'>repulsam,</span> <span class='ocrx_word' id='word_1_143' title='bbox 756 1473 975 1510; x_wconf 90' lang='lat' dir='ltr'>nescimus</span> <span class='ocrx_word' id='word_1_144' title='bbox 1006 1485 1091 1523; x_wconf 89' lang='lat' dir='ltr'>qua</span> <span class='ocrx_word' id='word_1_145' title='bbox 1120 1473 1190 1523; x_wconf 87' lang='lat' dir='ltr'>pia</span> <span class='ocrx_word' id='word_1_146' title='bbox 1221 1471 1456 1511; x_wconf 85' lang='lat' dir='ltr'>calliditate</span> <span class='ocrx_word' id='word_1_147' title='bbox 1479 1477 1633 1510; x_wconf 86' lang='lat' dir='ltr'>nactus</span> <span class='ocrx_word' id='word_1_148' title='bbox 1656 1479 1724 1511; x_wconf 88' lang='lat' dir='ltr'>est</span> <span class='ocrx_word' id='word_1_149' title='bbox 1745 1473 1926 1511; x_wconf 87' lang='lat' dir='ltr'>alicuius</span> 
     </span>
     <span class='ocr_line' id='line_1_19' title="bbox 289 1542 1927 1592; baseline 0.002 -12"><span class='ocrx_word' id='word_1_150' title='bbox 289 1542 343 1580; x_wconf 85' lang='lat' dir='ltr'>de</span> <span class='ocrx_word' id='word_1_151' title='bbox 366 1543 594 1582; x_wconf 87' lang='lat' dir='ltr'>Societate</span> <span class='ocrx_word' id='word_1_152' title='bbox 612 1549 780 1590; x_wconf 87' lang='lat' dir='ltr'>votum,</span> <span class='ocrx_word' id='word_1_153' title='bbox 805 1556 856 1582; x_wconf 87' lang='lat' dir='ltr'>ac</span> <span class='ocrx_word' id='word_1_154' title='bbox 876 1544 999 1582; x_wconf 85' lang='lat' dir='ltr'>iuxta</span> <span class='ocrx_word' id='word_1_155' title='bbox 1019 1544 1131 1582; x_wconf 86' lang='lat' dir='ltr'>illius</span> <span class='ocrx_word' id='word_1_156' title='bbox 1153 1548 1355 1582; x_wconf 88' lang='lat' dir='ltr'>tenorem</span> <span class='ocrx_word' id='word_1_157' title='bbox 1379 1557 1426 1582; x_wconf 82' lang='lat' dir='ltr'>se</span> <span class='ocrx_word' id='word_1_158' title='bbox 1453 1545 1544 1581; x_wconf 76' lang='lat' dir='ltr'>Deo</span> <span class='ocrx_word' id='word_1_159' title='bbox 1565 1544 1761 1592; x_wconf 88' lang='lat' dir='ltr'>deuouit,</span> <span class='ocrx_word' id='word_1_160' title='bbox 1784 1548 1826 1582; x_wconf 89' lang='lat' dir='ltr'>et</span> <span class='ocrx_word' id='word_1_161' title='bbox 1849 1545 1927 1584; x_wconf 84' lang='lat' dir='ltr'>So-</span> 
     </span>
     <span class='ocr_line' id='line_1_20' title="bbox 287 1615 1926 1667; baseline 0.002 -15"><span class='ocrx_word' id='word_1_162' title='bbox 287 1615 459 1653; x_wconf 89' lang='lat' dir='ltr'>cietatis</span> <span class='ocrx_word' id='word_1_163' title='bbox 495 1615 695 1654; x_wconf 88' lang='lat' dir='ltr'>instituto</span> <span class='ocrx_word' id='word_1_164' title='bbox 733 1615 1027 1655; x_wconf 87' lang='lat' dir='ltr'>consecrauit.</span> <span class='ocrx_word' id='word_1_165' title='bbox 1068 1616 1143 1654; x_wconf 86' lang='lat' dir='ltr'>Pia</span> <span class='ocrx_word' id='word_1_166' title='bbox 1178 1622 1299 1654; x_wconf 84' lang='lat' dir='ltr'>certe</span> <span class='ocrx_word' id='word_1_167' title='bbox 1335 1616 1467 1663; x_wconf 85' lang='lat' dir='ltr'>fraus,</span> <span class='ocrx_word' id='word_1_168' title='bbox 1501 1617 1600 1665; x_wconf 83' lang='lat' dir='ltr'>quia</span> <span class='ocrx_word' id='word_1_169' title='bbox 1630 1616 1689 1654; x_wconf 87' lang='lat' dir='ltr'>ita</span> <span class='ocrx_word' id='word_1_170' title='bbox 1718 1617 1926 1667; x_wconf 89' lang='lat' dir='ltr'>improbis</span> 
     </span>
     <span class='ocr_line' id='line_1_21' title="bbox 286 1687 1588 1739; baseline 0.002 -15"><span class='ocrx_word' id='word_1_171' title='bbox 286 1687 447 1726; x_wconf 87' lang='lat' dir='ltr'>diaboli</span> <span class='ocrx_word' id='word_1_172' title='bbox 470 1689 699 1727; x_wconf 87' lang='lat' dir='ltr'>conatibus</span> <span class='ocrx_word' id='word_1_173' title='bbox 722 1688 961 1735; x_wconf 85' lang='lat' dir='ltr'>insultauit,</span> <span class='ocrx_word' id='word_1_174' title='bbox 986 1701 1037 1727; x_wconf 89' lang='lat' dir='ltr'>ac</span> <span class='ocrx_word' id='word_1_175' title='bbox 1059 1688 1204 1726; x_wconf 85' lang='lat' dir='ltr'>varios</span> <span class='ocrx_word' id='word_1_176' title='bbox 1229 1687 1369 1726; x_wconf 85' lang='lat' dir='ltr'>euasit</span> <span class='ocrx_word' id='word_1_177' title='bbox 1392 1689 1588 1739; x_wconf 84' lang='lat' dir='ltr'>laqueos,</span> 
     </span>
    </p>

    <p class='ocr_par' dir='ltr' id='par_1_3' title="bbox 277 1758 1925 2956">
     <span class='ocr_line' id='line_1_22' title="bbox 339 1758 1925 1810; baseline 0.001 -13"><span class='ocrx_word' id='word_1_178' title='bbox 339 1769 376 1806; x_wconf 82' lang='lat'>3.</span> <span class='ocrx_word' id='word_1_179' title='bbox 437 1759 547 1797; x_wconf 86' lang='lat' dir='ltr'>Sunt</span> <span class='ocrx_word' id='word_1_180' title='bbox 569 1760 638 1810; x_wconf 82' lang='lat' dir='ltr'>alij</span> <span class='ocrx_word' id='word_1_181' title='bbox 661 1760 815 1810; x_wconf 90' lang='lat' dir='ltr'>nouitij</span> <span class='ocrx_word' id='word_1_182' title='bbox 841 1760 896 1798; x_wconf 92' lang='lat' dir='ltr'>de</span> <span class='ocrx_word' id='word_1_183' title='bbox 920 1761 1163 1807; x_wconf 83' lang='lat' dir='ltr'>Societate,</span> <span class='ocrx_word' id='word_1_184' title='bbox 1188 1760 1259 1809; x_wconf 85' lang='lat' dir='ltr'>qui</span> <span class='ocrx_word' id='word_1_185' title='bbox 1283 1772 1381 1797; x_wconf 92' lang='lat' dir='ltr'>sese</span> <span class='ocrx_word' id='word_1_186' title='bbox 1413 1759 1574 1798; x_wconf 89' lang='lat' dir='ltr'>mutuis</span> <span class='ocrx_word' id='word_1_187' title='bbox 1608 1758 1830 1798; x_wconf 88' lang='lat' dir='ltr'>charitatis</span> <span class='ocrx_word' id='word_1_188' title='bbox 1863 1760 1925 1798; x_wconf 89' lang='lat' dir='ltr'>of-</span> 
     </span>
     <span class='ocr_line' id='line_1_23' title="bbox 283 1830 1923 1882; baseline 0.001 -14"><span class='ocrx_word' id='word_1_189' title='bbox 283 1831 387 1880; x_wconf 81' lang='lat' dir='ltr'>fitijs</span> <span class='ocrx_word' id='word_1_190' title='bbox 423 1843 632 1882; x_wconf 82' lang='lat' dir='ltr'>superare</span> <span class='ocrx_word' id='word_1_191' title='bbox 670 1832 959 1879; x_wconf 87' lang='lat' dir='ltr'>contendunt,</span> <span class='ocrx_word' id='word_1_192' title='bbox 994 1838 1037 1870; x_wconf 91' lang='lat' dir='ltr'>et</span> <span class='ocrx_word' id='word_1_193' title='bbox 1068 1831 1264 1882; x_wconf 85' lang='lat' dir='ltr'>quotidie</span> <span class='ocrx_word' id='word_1_194' title='bbox 1297 1831 1349 1870; x_wconf 86' lang='lat' dir='ltr'>ad</span> <span class='ocrx_word' id='word_1_195' title='bbox 1373 1831 1628 1871; x_wconf 86' lang='lat' dir='ltr'>humilitatis</span> <span class='ocrx_word' id='word_1_196' title='bbox 1651 1830 1923 1870; x_wconf 88' lang='lat' dir='ltr'>incrementa</span> 
     </span>
     <span class='ocr_line' id='line_1_24' title="bbox 286 1903 1922 1955; baseline 0.001 -15"><span class='ocrx_word' id='word_1_197' title='bbox 286 1916 554 1955; x_wconf 87' lang='lat' dir='ltr'>magnopere</span> <span class='ocrx_word' id='word_1_198' title='bbox 576 1904 873 1943; x_wconf 85' lang='lat' dir='ltr'>inardescunt.</span> <span class='ocrx_word' id='word_1_199' title='bbox 899 1904 1034 1943; x_wconf 88' lang='lat' dir='ltr'>Cuius</span> <span class='ocrx_word' id='word_1_200' title='bbox 1058 1910 1179 1942; x_wconf 89' lang='lat' dir='ltr'>certe</span> <span class='ocrx_word' id='word_1_201' title='bbox 1202 1904 1266 1942; x_wconf 89' lang='lat' dir='ltr'>rei</span> <span class='ocrx_word' id='word_1_202' title='bbox 1288 1904 1512 1954; x_wconf 88' lang='lat' dir='ltr'>specimen</span> <span class='ocrx_word' id='word_1_203' title='bbox 1534 1917 1621 1942; x_wconf 89' lang='lat' dir='ltr'>non</span> <span class='ocrx_word' id='word_1_204' title='bbox 1638 1903 1922 1954; x_wconf 85' lang='lat' dir='ltr'>penitendum</span> 
     </span>
     <span class='ocr_line' id='line_1_25' title="bbox 284 1975 1920 2027; baseline 0 -14"><span class='ocrx_word' id='word_1_205' title='bbox 284 1976 584 2026; x_wconf 89' lang='lat' dir='ltr'>superioribus</span> <span class='ocrx_word' id='word_1_206' title='bbox 605 1977 770 2027; x_wconf 88' lang='lat' dir='ltr'>aliquot</span> <span class='ocrx_word' id='word_1_207' title='bbox 794 1976 948 2015; x_wconf 86' lang='lat' dir='ltr'>diebus</span> <span class='ocrx_word' id='word_1_208' title='bbox 973 1976 1283 2015; x_wconf 73' lang='lat' dir='ltr'>exhibuerunt.</span> <span class='ocrx_word' id='word_1_209' title='bbox 1308 1976 1404 2014; x_wconf 91' lang='lat' dir='ltr'>Nec</span> <span class='ocrx_word' id='word_1_210' title='bbox 1426 1975 1704 2027; x_wconf 89' lang='lat' dir='ltr'>grauabimur</span> <span class='ocrx_word' id='word_1_211' title='bbox 1726 1988 1920 2022; x_wconf 86' lang='lat' dir='ltr'>narrare,</span> 
     </span>
     <span class='ocr_line' id='line_1_26' title="bbox 284 2046 1920 2099; baseline 0 -15"><span class='ocrx_word' id='word_1_212' title='bbox 284 2047 317 2084; x_wconf 81' lang='lat' dir='ltr'>si</span> <span class='ocrx_word' id='word_1_213' title='bbox 340 2046 491 2085; x_wconf 84' lang='lat' dir='ltr'>audire</span> <span class='ocrx_word' id='word_1_214' title='bbox 513 2060 599 2085; x_wconf 92' lang='lat' dir='ltr'>non</span> <span class='ocrx_word' id='word_1_215' title='bbox 622 2048 677 2085; x_wconf 86' lang='lat' dir='ltr'>sit</span> <span class='ocrx_word' id='word_1_216' title='bbox 698 2048 948 2086; x_wconf 91' lang='lat' dir='ltr'>molestum.</span> <span class='ocrx_word' id='word_1_217' title='bbox 983 2048 1060 2086; x_wconf 89' lang='lat' dir='ltr'>Est</span> <span class='ocrx_word' id='word_1_218' title='bbox 1090 2046 1309 2099; x_wconf 87' lang='lat' dir='ltr'>quoddam</span> <span class='ocrx_word' id='word_1_219' title='bbox 1344 2047 1549 2098; x_wconf 88' lang='lat' dir='ltr'>oppidum</span> <span class='ocrx_word' id='word_1_220' title='bbox 1581 2047 1695 2084; x_wconf 89' lang='lat' dir='ltr'>fama</span> <span class='ocrx_word' id='word_1_221' title='bbox 1726 2047 1920 2085; x_wconf 88' lang='lat' dir='ltr'>celeber-</span> 
     </span>
     <span class='ocr_line' id='line_1_27' title="bbox 283 2117 1920 2171; baseline 0.001 -16"><span class='ocrx_word' id='word_1_222' title='bbox 283 2118 452 2166; x_wconf 89' lang='lat' dir='ltr'>rimum,</span> <span class='ocrx_word' id='word_1_223' title='bbox 485 2120 662 2157; x_wconf 90' lang='lat' dir='ltr'>nomine</span> <span class='ocrx_word' id='word_1_224' title='bbox 690 2120 1028 2171; x_wconf 86' lang='lat' dir='ltr'>Aquisgranum.</span> <span class='ocrx_word' id='word_1_225' title='bbox 1060 2120 1143 2158; x_wconf 92' lang='lat' dir='ltr'>Hic</span> <span class='ocrx_word' id='word_1_226' title='bbox 1165 2119 1352 2170; x_wconf 87' lang='lat' dir='ltr'>septimo</span> <span class='ocrx_word' id='word_1_227' title='bbox 1375 2131 1551 2169; x_wconf 87' lang='lat' dir='ltr'>quoque</span> <span class='ocrx_word' id='word_1_228' title='bbox 1574 2131 1686 2156; x_wconf 87' lang='lat' dir='ltr'>anno</span> <span class='ocrx_word' id='word_1_229' title='bbox 1710 2117 1920 2170; x_wconf 86' lang='lat' dir='ltr'>reliquiae</span> 
     </span>
     <span class='ocr_line' id='line_1_28' title="bbox 283 2189 1920 2240; baseline 0.001 -14"><span class='ocrx_word' id='word_1_230' title='bbox 283 2195 534 2228; x_wconf 84' lang='lat' dir='ltr'>sanctorum</span> <span class='ocrx_word' id='word_1_231' title='bbox 557 2202 655 2240; x_wconf 78' lang='lat' dir='ltr'>cum</span> <span class='ocrx_word' id='word_1_232' title='bbox 679 2190 795 2229; x_wconf 91' lang='lat' dir='ltr'>omni</span> <span class='ocrx_word' id='word_1_233' title='bbox 817 2191 1108 2229; x_wconf 89' lang='lat' dir='ltr'>veneratione</span> <span class='ocrx_word' id='word_1_234' title='bbox 1131 2193 1443 2228; x_wconf 88' lang='lat' dir='ltr'>monstrantur.</span> <span class='ocrx_word' id='word_1_235' title='bbox 1468 2190 1567 2227; x_wconf 88' lang='lat' dir='ltr'>Huc</span> <span class='ocrx_word' id='word_1_236' title='bbox 1588 2189 1777 2228; x_wconf 85' lang='lat' dir='ltr'>maxima</span> <span class='ocrx_word' id='word_1_237' title='bbox 1806 2190 1920 2229; x_wconf 89' lang='lat' dir='ltr'>solet</span> 
     </span>
     <span class='ocr_line' id='line_1_29' title="bbox 282 2261 1917 2312; baseline 0 -13"><span class='ocrx_word' id='word_1_238' title='bbox 282 2262 428 2312; x_wconf 86' lang='lat' dir='ltr'>populi</span> <span class='ocrx_word' id='word_1_239' title='bbox 458 2261 708 2312; x_wconf 84' lang='lat' dir='ltr'>frequentia</span> <span class='ocrx_word' id='word_1_240' title='bbox 737 2262 914 2312; x_wconf 89' lang='lat' dir='ltr'>pietatis</span> <span class='ocrx_word' id='word_1_241' title='bbox 944 2262 1088 2301; x_wconf 89' lang='lat' dir='ltr'>studio</span> <span class='ocrx_word' id='word_1_242' title='bbox 1121 2263 1362 2309; x_wconf 86' lang='lat' dir='ltr'>confluere,</span> <span class='ocrx_word' id='word_1_243' title='bbox 1397 2261 1508 2299; x_wconf 88' lang='lat' dir='ltr'>sicut</span> <span class='ocrx_word' id='word_1_244' title='bbox 1541 2267 1583 2299; x_wconf 91' lang='lat' dir='ltr'>et</span> <span class='ocrx_word' id='word_1_245' title='bbox 1614 2274 1729 2299; x_wconf 89' lang='lat' dir='ltr'>nunc</span> <span class='ocrx_word' id='word_1_246' title='bbox 1755 2261 1917 2299; x_wconf 83' lang='lat' dir='ltr'>factum</span> 
     </span>
     <span class='ocr_line' id='line_1_30' title="bbox 281 2332 1916 2385; baseline 0.001 -15"><span class='ocrx_word' id='word_1_247' title='bbox 281 2338 362 2379; x_wconf 87' lang='lat' dir='ltr'>est,</span> <span class='ocrx_word' id='word_1_248' title='bbox 397 2333 568 2371; x_wconf 84' lang='lat' dir='ltr'>etiamsi</span> <span class='ocrx_word' id='word_1_249' title='bbox 603 2333 817 2371; x_wconf 85' lang='lat' dir='ltr'>haeretici</span> <span class='ocrx_word' id='word_1_250' title='bbox 851 2333 1253 2385; x_wconf 86' lang='lat' dir='ltr'>peregrinationum</span> <span class='ocrx_word' id='word_1_251' title='bbox 1291 2344 1445 2370; x_wconf 87' lang='lat' dir='ltr'>osores</span> <span class='ocrx_word' id='word_1_252' title='bbox 1476 2332 1630 2370; x_wconf 88' lang='lat' dir='ltr'>mirum</span> <span class='ocrx_word' id='word_1_253' title='bbox 1665 2333 1706 2370; x_wconf 92' lang='lat' dir='ltr'>in</span> <span class='ocrx_word' id='word_1_254' title='bbox 1738 2332 1916 2371; x_wconf 91' lang='lat' dir='ltr'>modum</span> 
     </span>
     <span class='ocr_line' id='line_1_31' title="bbox 280 2402 1914 2456; baseline -0.001 -15"><span class='ocrx_word' id='word_1_255' title='bbox 280 2405 518 2455; x_wconf 90' lang='lat' dir='ltr'>ringantur.</span> <span class='ocrx_word' id='word_1_256' title='bbox 544 2405 639 2443; x_wconf 90' lang='lat' dir='ltr'>Nec</span> <span class='ocrx_word' id='word_1_257' title='bbox 661 2418 797 2452; x_wconf 86' lang='lat' dir='ltr'>mora,</span> <span class='ocrx_word' id='word_1_258' title='bbox 823 2404 924 2443; x_wconf 91' lang='lat' dir='ltr'>dum</span> <span class='ocrx_word' id='word_1_259' title='bbox 946 2410 1119 2456; x_wconf 90' lang='lat' dir='ltr'>tempus</span> <span class='ocrx_word' id='word_1_260' title='bbox 1141 2404 1346 2455; x_wconf 87' lang='lat' dir='ltr'>reliquias</span> <span class='ocrx_word' id='word_1_261' title='bbox 1370 2402 1635 2442; x_wconf 89' lang='lat' dir='ltr'>ostendendi</span> <span class='ocrx_word' id='word_1_262' title='bbox 1657 2404 1914 2455; x_wconf 88' lang='lat' dir='ltr'>appetisset,</span> 
     </span>
     <span class='ocr_line' id='line_1_32' title="bbox 278 2475 1913 2525; baseline 0 -12"><span class='ocrx_word' id='word_1_263' title='bbox 278 2482 455 2514; x_wconf 89' lang='lat' dir='ltr'>nostrae</span> <span class='ocrx_word' id='word_1_264' title='bbox 491 2477 728 2515; x_wconf 87' lang='lat' dir='ltr'>Societatis</span> <span class='ocrx_word' id='word_1_265' title='bbox 763 2477 1073 2516; x_wconf 88' lang='lat' dir='ltr'>adolescentes</span> <span class='ocrx_word' id='word_1_266' title='bbox 1111 2475 1265 2525; x_wconf 82' lang='lat' dir='ltr'>nouitij</span> <span class='ocrx_word' id='word_1_267' title='bbox 1307 2488 1421 2513; x_wconf 92' lang='lat' dir='ltr'>nunc</span> <span class='ocrx_word' id='word_1_268' title='bbox 1458 2475 1512 2513; x_wconf 84' lang='lat' dir='ltr'>M.</span> <span class='ocrx_word' id='word_1_269' title='bbox 1552 2475 1845 2514; x_wconf 82' lang='lat' dir='ltr'>Ffranciscum</span> <span class='ocrx_word' id='word_1_270' title='bbox 1888 2480 1913 2523; x_wconf 86' lang='lat'>¹,</span> 
     </span>
     <span class='ocr_line' id='line_1_33' title="bbox 278 2547 1915 2598; baseline 0 -12"><span class='ocrx_word' id='word_1_271' title='bbox 278 2561 393 2587; x_wconf 91' lang='lat' dir='ltr'>nunc</span> <span class='ocrx_word' id='word_1_272' title='bbox 416 2549 461 2586; x_wconf 87' lang='grc' dir='ltr'>Ρ.</span> <span class='ocrx_word' id='word_1_273' title='bbox 486 2549 763 2587; x_wconf 86' lang='lat' dir='ltr'>Leonardum</span> <span class='ocrx_word' id='word_1_274' title='bbox 787 2547 965 2597; x_wconf 84' lang='lat' dir='ltr'>adeunt,</span> <span class='ocrx_word' id='word_1_275' title='bbox 989 2562 1041 2587; x_wconf 90' lang='lat' dir='ltr'>ac</span> <span class='ocrx_word' id='word_1_276' title='bbox 1063 2549 1240 2587; x_wconf 89' lang='lat' dir='ltr'>summis</span> <span class='ocrx_word' id='word_1_277' title='bbox 1263 2548 1378 2586; x_wconf 87' lang='lat' dir='ltr'>votis</span> <span class='ocrx_word' id='word_1_278' title='bbox 1402 2552 1629 2598; x_wconf 78' lang='lat' dir='ltr'>exoptant,</span> <span class='ocrx_word' id='word_1_279' title='bbox 1654 2553 1701 2585; x_wconf 89' lang='lat' dir='ltr'>ut</span> <span class='ocrx_word' id='word_1_280' title='bbox 1731 2548 1773 2585; x_wconf 92' lang='lat' dir='ltr'>in</span> <span class='ocrx_word' id='word_1_281' title='bbox 1804 2548 1915 2586; x_wconf 86' lang='lat' dir='ltr'>hanc</span> 
     </span>
     <span class='ocr_line' id='line_1_34' title="bbox 278 2619 1914 2672; baseline -0.001 -13"><span class='ocrx_word' id='word_1_282' title='bbox 278 2621 679 2672; x_wconf 84' lang='lat' dir='ltr'>peregrinationem</span> <span class='ocrx_word' id='word_1_283' title='bbox 704 2622 956 2660; x_wconf 86' lang='lat' dir='ltr'>consentire</span> <span class='ocrx_word' id='word_1_284' title='bbox 978 2620 1100 2659; x_wconf 86' lang='lat' dir='ltr'>velit.</span> <span class='ocrx_word' id='word_1_285' title='bbox 1124 2619 1305 2658; x_wconf 87' lang='lat' dir='ltr'>Addunt</span> <span class='ocrx_word' id='word_1_286' title='bbox 1326 2631 1374 2657; x_wconf 83' lang='lat' dir='ltr'>se</span> <span class='ocrx_word' id='word_1_287' title='bbox 1405 2624 1572 2657; x_wconf 88' lang='lat' dir='ltr'>tantum</span> <span class='ocrx_word' id='word_1_288' title='bbox 1603 2620 1720 2658; x_wconf 86' lang='lat' dir='ltr'>velle</span> <span class='ocrx_word' id='word_1_289' title='bbox 1751 2619 1914 2658; x_wconf 89' lang='lat' dir='ltr'>mendi·</span> 
     </span>
     <span class='ocr_line' id='line_1_35' title="bbox 278 2689 1913 2744; baseline -0.002 -13"><span class='ocrx_word' id='word_1_290' title='bbox 278 2691 419 2731; x_wconf 89' lang='lat' dir='ltr'>cando</span> <span class='ocrx_word' id='word_1_291' title='bbox 443 2692 635 2730; x_wconf 76' lang='lat' dir='ltr'>ostiatim</span> <span class='ocrx_word' id='word_1_292' title='bbox 657 2693 884 2744; x_wconf 89' lang='lat' dir='ltr'>colligere,</span> <span class='ocrx_word' id='word_1_293' title='bbox 908 2698 1116 2743; x_wconf 90' lang='lat' dir='ltr'>quantum</span> <span class='ocrx_word' id='word_1_294' title='bbox 1137 2690 1191 2729; x_wconf 90' lang='lat' dir='ltr'>ad</span> <span class='ocrx_word' id='word_1_295' title='bbox 1214 2692 1410 2741; x_wconf 87' lang='lat' dir='ltr'>corporis</span> <span class='ocrx_word' id='word_1_296' title='bbox 1432 2689 1806 2729; x_wconf 87' lang='lat' dir='ltr'>alimentationem</span> <span class='ocrx_word' id='word_1_297' title='bbox 1829 2691 1913 2728; x_wconf 91' lang='lat' dir='ltr'>suf-</span> 
     </span>
     <span class='ocr_line' id='line_1_36' title="bbox 277 2761 1911 2815; baseline -0.002 -13"><span class='ocrx_word' id='word_1_298' title='bbox 277 2764 412 2802; x_wconf 90' lang='lat' dir='ltr'>ficere</span> <span class='ocrx_word' id='word_1_299' title='bbox 433 2765 586 2815; x_wconf 88' lang='lat' dir='ltr'>possit.</span> <span class='ocrx_word' id='word_1_300' title='bbox 612 2765 958 2803; x_wconf 88' lang='lat' dir='ltr'>Pulcherrimum</span> <span class='ocrx_word' id='word_1_301' title='bbox 981 2770 1073 2802; x_wconf 90' lang='lat' dir='ltr'>erat</span> <span class='ocrx_word' id='word_1_302' title='bbox 1095 2765 1181 2802; x_wconf 90' lang='lat' dir='ltr'>huc</span> <span class='ocrx_word' id='word_1_303' title='bbox 1202 2769 1333 2813; x_wconf 87' lang='lat' dir='ltr'>atque</span> <span class='ocrx_word' id='word_1_304' title='bbox 1355 2763 1456 2801; x_wconf 89' lang='lat' dir='ltr'>illuc</span> <span class='ocrx_word' id='word_1_305' title='bbox 1475 2762 1741 2800; x_wconf 89' lang='lat' dir='ltr'>currentium</span> <span class='ocrx_word' id='word_1_306' title='bbox 1758 2761 1911 2800; x_wconf 89' lang='lat' dir='ltr'>videre</span> 
     </span>
     <span class='ocr_line' id='line_1_37' title="bbox 277 2833 1911 2887; baseline -0.002 -14"><span class='ocrx_word' id='word_1_307' title='bbox 277 2834 589 2887; x_wconf 87' lang='lat' dir='ltr'>spectaculum,</span> <span class='ocrx_word' id='word_1_308' title='bbox 614 2835 715 2873; x_wconf 90' lang='lat' dir='ltr'>dum</span> <span class='ocrx_word' id='word_1_309' title='bbox 738 2847 911 2886; x_wconf 85' lang='lat' dir='ltr'>semper</span> <span class='ocrx_word' id='word_1_310' title='bbox 941 2848 1079 2874; x_wconf 87' lang='lat' dir='ltr'>nouas</span> <span class='ocrx_word' id='word_1_311' title='bbox 1112 2833 1325 2873; x_wconf 80' lang='lat' dir='ltr'>exorandi</span> <span class='ocrx_word' id='word_1_312' title='bbox 1354 2834 1548 2872; x_wconf 91' lang='lat' dir='ltr'>rationes</span> <span class='ocrx_word' id='word_1_313' title='bbox 1582 2833 1827 2883; x_wconf 83' lang='lat' dir='ltr'>explorant,</span> <span class='ocrx_word' id='word_1_314' title='bbox 1860 2846 1911 2871; x_wconf 86' lang='lat' dir='ltr'>ac</span> 
     </span>
     <span class='ocr_line' id='line_1_38' title="bbox 277 2903 1909 2956; baseline -0.002 -11"><span class='ocrx_word' id='word_1_315' title='bbox 277 2919 378 2946; x_wconf 91' lang='lat' dir='ltr'>sese</span> <span class='ocrx_word' id='word_1_316' title='bbox 400 2906 559 2945; x_wconf 64' lang='lat' dir='ltr'>mutuis</span> <span class='ocrx_word' id='word_1_317' title='bbox 580 2906 770 2944; x_wconf 82' lang='lat' dir='ltr'>animant</span> <span class='ocrx_word' id='word_1_318' title='bbox 792 2920 843 2945; x_wconf 89' lang='lat' dir='ltr'>ac</span> <span class='ocrx_word' id='word_1_319' title='bbox 864 2912 1031 2945; x_wconf 77' lang='lat' dir='ltr'>armant</span> <span class='ocrx_word' id='word_1_320' title='bbox 1063 2906 1272 2955; x_wconf 90' lang='lat' dir='ltr'>consilijs,</span> <span class='ocrx_word' id='word_1_321' title='bbox 1306 2905 1462 2956; x_wconf 90' lang='lat' dir='ltr'>quibus</span> <span class='ocrx_word' id='word_1_322' title='bbox 1493 2905 1541 2943; x_wconf 84' lang='lat' dir='ltr'>P.</span> <span class='ocrx_word' id='word_1_323' title='bbox 1574 2903 1793 2942; x_wconf 83' lang='lat' dir='ltr'>Leonardi</span> <span class='ocrx_word' id='word_1_324' title='bbox 1823 2905 1909 2942; x_wconf 92' lang='lat' dir='ltr'>ani-</span> 
     </span>
    </p>
   </div>
   <div class='ocr_carea' id='block_1_3' title="bbox 327 3062 860 3100">
    <p class='ocr_par' dir='ltr' id='par_1_4' title="bbox 327 3062 860 3100">
     <span class='ocr_line' id='line_1_39' title="bbox 327 3062 860 3100; baseline 0.002 -1"><span class='ocrx_word' id='word_1_325' title='bbox 327 3066 335 3084; x_wconf 91' lang='lat'>¹</span> <span class='ocrx_word' id='word_1_326' title='bbox 389 3062 631 3100; x_wconf 85' lang='lat' dir='ltr'>Franciscus</span> <span class='ocrx_word' id='word_1_327' title='bbox 653 3062 860 3100; x_wconf 86' lang='lat' dir='ltr'>Costerus.</span> 
     </span>
    </p>
   </div>
  </div>
 </body>
</html>
