2038 3400
602 192 940 231 255.—LAURET0
970 194 985 229 1
1016 193 1123 240 MAJ1
1154 193 1242 230 1559
1627 195 1686 232 161

108 294 352 333 immortale
372 293 802 342 8”Ι(1(11ο,166611(1051
836 307 912 345 per
948 294 1021 332 noi
1054 295 1194 341 finito,
1230 294 1434 344 passibile
1466 301 1507 333 et
1536 297 1734 343 mortale,

108 364 223 402 doue
244 365 289 403 fu
318 365 480 404 nutrito
512 365 625 403 dalla
653 365 818 413 madre,
843 365 943 403 dalli
965 370 1080 403 sette
1103 365 1196 402 sino
1220 365 1290 403 alli
1312 370 1456 403 trenta
1477 368 1575 404 anni
1601 396 1611 401 1
1629 367 1641 404 1
1662 380 1738 405 sua

108 436 210 482 uita,
235 435 496 474 lasciandosi
517 437 573 474 lei
589 437 975 487 particolarmente
992 436 1034 474 in
1051 440 1208 486 questo
1227 436 1479 474 beatissimo
1498 437 1630 488 luogo
1650 450 1736 475 me-

107 505 244 544 moria
266 506 381 545 della
401 520 480 545 sua
499 507 837 557 profondissima
865 506 1118 546 obedientia
1140 511 1183 544 et
1204 506 1413 553 humilita,
1440 508 1688 558 eleggendo
1711 508 1737 545 il

108 577 266 628 Signor
288 578 410 616 Iddio
434 584 591 629 questo
614 579 748 630 luogo
773 592 897 617 601116
921 593 978 616 1111
1007 578 1310 629 propitiatorio
1343 577 1458 616 della
1489 592 1565 616 sua
1595 579 1739 617 diuina

108 651 274 687 maesta
297 653 340 686 et
363 654 484 687 certo
509 649 679 700 refugio
699 649 753 688 de
774 649 1015 700 peccatori.

159 730 196 758 2.
256 720 288 756 Il
311 720 393 757 che
416 719 521 757 dura
543 721 562 745 b
583 733 661 770 per
683 719 822 758 insino
845 720 883 758 al
906 720 947 758 di
969 719 1149 770 d’hoggi
1171 724 1215 757 et
1236 732 1291 757 ua
1319 719 1562 757 crescendo
1585 726 1740 770 questa

107 789 207 828 fede
230 794 273 827 et
291 789 518 828 diuotione
543 791 646 841 cgni
663 790 705 828 di
725 791 813 841 piu,
838 791 1041 828 massime
1059 789 1205 840 doppo
1229 790 1309 828 che
1332 790 1372 828 16
1396 794 1546 828 nostra
1567 790 1740 828 minima

108 861 378 912 Compagnia
397 874 476 912 per
499 861 689 912 singular
711 862 989 912 prouidentia
1011 861 1053 899 di
1075 862 1157 900 Dio
1182 865 1225 899 et
1253 860 1396 899 d'essa
1426 862 1741 912 gloriosissima

108 931 270 980 Madre,
295 933 336 970 ui
360 935 383 971 6
406 937 518 971 stata
545 933 749 972 mandata
772 939 780 957 ¹
804 946 828 972 a
854 932 1142 984 grandissima
1170 933 1475 972 consolatione
1497 932 1739 971 d’infinitis-

107 1002 214 1042 sime
237 1003 393 1051 anime,
420 1017 547 1042 come
569 1007 632 1042 s’e
655 1005 771 1043 uisto
796 1005 1016 1055 ogn'anno
1039 1004 1126 1055 piu,
1153 1009 1196 1042 et
1217 1010 1374 1055 questo
1397 1009 1605 1054 presente
1627 1017 1739 1042 anno

106 1075 178 1125 piu
201 1082 217 1100 0
239 1076 320 1113 che
343 1075 442 1123 mai3
464 1077 701 1127 percioche
727 1078 749 1114 6
773 1081 887 1114 stato
912 1081 1034 1114 tanto
1057 1075 1224 1127 grande
1251 1075 1279 1114 il
1307 1088 1523 1114 concorso
1546 1076 1601 1114 de
1632 1076 1738 1125 uarij

106 1147 252 1197 popoli
274 1152 317 1186 et
337 1147 504 1186 nationi
526 1149 607 1186 che
630 1148 713 1186 mai
734 1148 773 1186 ci
795 1148 814 1172 d
836 1147 1082 1186 ricordiano
1106 1156 1123 1173 e
1145 1147 1173 1186 11
1193 1149 1390 1199 presenti
1410 1149 1546 1186 hauer
1575 1148 1739 1186 ueduto

107 1218 135 1255 il
158 1219 313 1266 simile3
336 1220 393 1257 tal
417 1220 499 1258 che
519 1220 563 1258 in
584 1233 641 1257 un
662 1220 756 1257 solo
781 1219 836 1266 (11,
863 1219 944 1257 6116
965 1219 1010 1257 fu
1031 1218 1059 1256 11
1081 1220 1233 1258 sabato
1263 1225 1403 1266 santo,
1429 1219 1467 1257 ci
1490 1232 1597 1257 sono
1627 1224 1740 1256 state

107 1281 320 1337 (secondo
343 1291 372 1328 il
389 1303 593 1328 commun
613 1290 788 1341 parere)
809 1298 873 1338 35,
901 1303 924 1328 o
947 1301 999 1338 40
1020 1289 1134 1328 milia
1155 1291 1313 1337 anime,
1336 1303 1415 1341 per
1438 1303 1559 1328 esser
1576 1291 1616 1328 la
1631 1290 1742 1329 festa

108 1360 544 1400 dell'annuntiatione
581 1367 625 1399 et
659 1375 737 1412 per
772 1362 955 1412 rispetto
993 1362 1108 1400 delle
1145 1363 1428 1410 confessioni,
1465 1362 1670 1400 uenendo
1702 1363 1742 1400 la

108 1431 307 1482 maggior
327 1437 451 1483 parte
472 1433 484 1457 f
511 1432 554 1470 di
575 1438 731 1484 queste
753 1433 896 1471 anime
924 1434 1060 1471 molto
1085 1434 1170 1471 ben
1200 1433 1397 1484 disposte
1429 1446 1454 1471 a
1483 1434 1683 1472 riceuere
1714 1434 1742 1471 11

108 1503 341 1542 santissimi
381 1505 666 1553 sacramentj,
709 1509 751 1542 et
790 1517 868 1555 per
904 1517 1057 1542 mezzo
1099 1505 1214 1543 della
1248 1505 1521 1555 Compagnia
1557 1510 1600 1542 et
1639 1504 1741 1542 delli

108 1573 201 1612 Rdi.
227 1575 426 1613 canonici
447 1575 511 1613 s’e
533 1575 765 1614 sodistatto
788 1588 813 1613 a
832 1580 954 1613 tanta
976 1575 1205 1614 diuotione
1227 1576 1255 1614 il
1277 1577 1438 1627 meglio
1463 1577 1543 1614 che
1573 1577 1637 1614 s'e
1665 1588 1741 1626 po-

107 1648 220 1683 tuto.
245 1646 362 1683 Duro
385 1651 542 1696 questo
575 1646 742 1684 mirabil
773 1653 796 1679 g
823 1659 1039 1685 concorso
1070 1647 1263 1698 alquanti
1293 1647 1436 1698 giorni
1467 1647 1611 1697 doppo
1644 1646 1741 1684 l'ot-

107 1720 208 1753 taua
239 1716 282 1754 di
310 1729 490 1767 pasqua,
522 1718 594 1755 nel
616 1718 715 1768 qual
736 1723 885 1768 tempo
908 1718 950 1756 in
971 1718 1102 1768 pochi
1123 1718 1180 1766 di,
1205 1719 1303 1757 6106
1325 1718 1393 1756 dal
1416 1717 1595 1769 giouedi
1617 1722 1740 1755 santo

108 1788 201 1825 sino
237 1788 465 1826 all’ottaua
494 1788 537 1826 di
566 1802 744 1840 pasqua,
778 1790 814 1827 si
844 1789 1202 1828 communicorno
1233 1790 1275 1827 in
1319 1795 1475 1840 questa
1511 1789 1659 1827 chiesa
1689 1788 1743 1826 da

108 1869 159 1898 20
179 1859 296 1897 milia
315 1872 505 1910 persone
529 1866 573 1898 et
595 1852 638 1898 31
651 1860 821 1899 (1135610
844 1872 867 1899 2
890 1861 1006 1899 milia
1026 1873 1187 1899 messe.
1213 1862 1339 1911 Dopo
1362 1861 1502 1899 anche
1531 1873 1619 1898 non
1651 1872 1742 1897 ces-

108 1930 244 1969 sando
275 1937 433 1981 questo
466 1944 699 1980 concorso,
732 1933 766 1971 si
799 1945 907 1971 sono
950 1932 1189 1971 confessati
1229 1936 1273 1970 et
1314 1932 1622 1970 communicati
1656 1932 1741 1969 ben

107 2002 216 2040 altre
237 2007 375 2050 tante,
399 2005 433 2040 si
456 2004 537 2041 che
558 2004 601 2041 in
622 2004 761 2054 spatio
785 2003 827 2041 di
847 2014 897 2053 43
919 2003 1062 2054 giorni
1083 2004 1118 2042 si
1139 2016 1219 2042 son
1240 2003 1260 2027 h
1283 2003 1535 2042 confessate
1557 2008 1602 2040 et
1624 2015 1741 2040 corn-

108 2073 327 2121 municate
356 2085 408 2123 40
437 2074 553 2113 milia
582 2074 724 2113 anime
755 2075 797 2113 in
819 2074 943 2113 dette
963 2087 989 2124 4
1009 2073 1125 2113 milia
1146 2087 1306 2122 messe,
1332 2087 1459 2113 come
1481 2086 1641 2124 appare
1664 2086 1740 2123 per

106 2144 135 2182 il
157 2150 289 2184 conto
307 2145 411 2184 delli
432 2146 770 2184 communichini
793 2150 835 2184 et
852 2146 997 2185 hostie
1017 2146 1098 2185 che
1119 2158 1421 2197 preparorono
1444 2146 1504 2197 gli
1525 2149 1741 2196 sagresta-

107 2217 166 2264 111;
189 2217 293 2256 (16111
313 2217 427 2268 quali
448 2223 562 2255 tutto
587 2217 654 2256 cio
676 2218 733 2256 ho
755 2217 915 2256 inteso.
940 2218 994 2255 Et
1015 2218 1056 2256 io
1080 2222 1223 2256 stesso
1246 2219 1303 2256 ho
1326 2218 1440 2255 uiste
1470 2229 1575 2256 cose
1605 2217 1685 2254 che
1718 2228 1742 2253 6

110 2287 179 2326 chi
206 2300 294 2326 non
327 2288 367 2325 le
398 2288 454 2326 ha
482 2287 663 2335 uedute,
695 2288 974 2338 potrebbono
1005 2300 1162 2339 parere
1183 2287 1443 2335 incredibili,
1467 2300 1593 2326 come
1630 2286 1740 2325 saria

109 2359 202 2397 dire
225 2359 306 2397 che
327 2371 413 2397 uno
436 2358 539 2397 delli
558 2359 637 2397 nri.
663 2360 747 2397 Pri.
772 2359 976 2397 hauendo
1000 2365 1258 2398 consacrato
1282 2373 1337 2398 un
1359 2372 1466 2410 gran
1493 2371 1675 2397 numero
1699 2357 1741 2395 di

110 2429 448 2468 communichini
466 2442 544 2480 per
566 2430 642 2468 dar
663 2443 687 2468 a
707 2440 730 2478 3
752 2430 851 2469 altri
871 2430 1108 2478 sacerdoti,
1132 2432 1246 2481 quali
1269 2443 1353 2469 con
1377 2431 1512 2468 molta
1535 2441 1742 2467 reueren-

108 2502 168 2540 tia
188 2500 390 2539 dall’alba
410 2501 480 2539 del
502 2501 545 2539 di
564 2500 704 2540 insino
727 2501 872 2553 doppo
895 2502 906 2527 ἰ
934 2515 1084 2541 mezzo
1107 2503 1263 2553 giorno
1285 2502 1328 2540 in
1349 2506 1417 2540 tre
1438 2502 1590 2552 luoghi
1621 2513 1738 2539 com-

156 2632 176 2652 a
227 2633 397 2669 mortale
417 2642 497 2669 ms.
552 2633 617 2658 —b
638 2632 739 2670 dura
757 2637 895 2678 supra
914 2643 1024 2670 vers.
1078 2641 1142 2659 —0
1163 2633 1194 2670 5
1208 2644 1276 2669 vv.
1305 2637 1445 2679 praee.
1464 2636 1601 2677 supra
1629 2640 1740 2667 vers.

112 2692 178 2718 ——d
198 2692 385 2729 Emend.
402 2703 453 2729 ex
466 2692 498 2728 si
514 2695 595 2729 aut
606 2694 840 2730 viceversa.
893 2699 960 2718 -θ
982 2692 1167 2730 Emend.
1186 2703 1237 2729 ex
1252 2692 1506 2729 ricordiamo.
1562 2690 1620 2715 -ί
1648 2690 1739 2735 seq.

109 2751 194 2788 del.
222 2750 409 2787 uenendo
440 2751 480 2787 la
510 2751 699 2798 maggior
723 2756 854 2797 parte.
907 2759 976 2784 —g
997 2750 1150 2788 Praec.
1179 2762 1217 2787 v.
1245 2755 1382 2797 supra
1413 2760 1522 2786 vers.
1578 2749 1643 2773 —h
1665 2760 1740 2784 son

109 2814 247 2857 supra
265 2820 374 2847 vers.
428 2810 486 2835 ——i
512 2810 641 2857 doppo
658 2814 797 2856 supra
816 2820 943 2856 vers„
964 2809 1104 2847 deleto
1123 2822 1159 2846 a.

159 2943 167 2962 ¹
221 2940 454 2988 Collegium
473 2942 727 2979 lauretanum
745 2941 837 2980 Soc.
854 2941 954 2990 Jesu
972 2942 1130 2980 initium
1155 2941 1295 2979 habuit
1315 2945 1489 2978 exeunte
1510 2950 1613 2975 anno
1637 2937 1738 2975 1554.

113 3000 176 3038 Cf.
197 3000 408 3045 PoLANco,
430 3001 597 3044 Chyton..
618 3000 695 3044 IV,
715 3001 761 3038 45
778 3014 866 3049 sqq.

253 3083 416 3110 1111*oean
435 3083 795 3117 Qumxmusrus.—T.
815 3084 870 3111 VI.
1568 3086 1597 3105 11
