2038 3400
386 281 456 323 610
861 284 1080 325 LITTERAE
1109 289 1466 334 QUADRIMESTRES

340 389 483 428 l'hora
517 390 630 429 della
665 391 956 439 recreatione,
996 391 1109 430 delle
1147 393 1326 431 coccole
1364 393 1406 431 di
1441 398 1563 432 certo
1601 394 1766 441 albero,
1798 394 1878 433 che
1901 394 1971 446 qui

341 462 568 500 chiamano
592 463 828 510 sicomoro,
852 465 1172 502 naturalmente
1197 465 1333 502 molto
1356 463 1611 516 appropiate
1639 479 1663 504 a
1682 467 1770 504 tale
1798 466 1970 508 effetto,

341 539 386 571 et
403 534 535 585 quelli
551 536 705 584 poueri
722 534 867 573 afssitti
884 537 923 574 le
942 537 1153 574 riceuono
1173 548 1255 574 con
1274 542 1395 575 tanta
1411 537 1639 576 diuotione
1659 544 1702 576 et
1720 544 1973 577 contentez-

341 618 403 653 za,
425 606 505 643 che
524 619 747 645 muouono
769 608 896 645 altrui
918 620 942 645 a
962 620 1068 658 gran
1089 608 1221 658 pieta.
1243 608 1312 647 Gli
1335 608 1576 660 insegnano
1594 622 1756 648 ancora
1776 610 1803 647 il
1821 608 1970 657 credo,

340 678 725 716 icomanclamenti
748 684 792 716 et
826 680 866 716 le
902 679 1010 717 altre
1045 692 1149 717 cose
1181 680 1449 727 necessarie,
1475 694 1497 718 e
1534 686 1649 719 tutto
1672 681 1731 732 gli
1751 682 1834 719 han
1870 681 1972 719 dato

340 750 492 787 scritto
524 749 565 787 in
589 756 711 788 certe
733 752 950 789 tauolette
974 752 1182 789 300100116
1205 752 1277 801 pisi
1298 751 1549 791 facilmente
1571 753 1832 804 l'imparino.

394 832 428 858 2.
488 821 614 860 Delle
639 822 821 860 schuole
853 823 891 860 ci
915 825 936 860 6
969 835 1083 873 poco
1108 823 1188 860 che
1221 823 1314 861 dire
1337 830 1368 861 a.
1395 824 1638 862 Habbiamo
1660 825 1680 848 b
1703 825 1817 863 circa
1842 837 1866 861 a
1888 824 1972 862 cin-

339 897 500 943 quanta
518 894 676 931 scolari
709 898 753 931 et
775 894 813 931 13
848 894 1047 944 maggior
1069 900 1193 945 parte
1228 895 1451 945 imparano
1476 895 1514 933 13
1549 896 1832 946 grammatica
1860 897 1974 934 nella

339 965 533 1003 seconda
555 966 711 1012 classe,
737 965 853 1004 doue
876 978 1038 1004 ancora
1060 966 1094 1003 si
1117 966 1247 1017 legge
1270 966 1310 1004 la
1330 967 1532 1004 bucolica
1554 965 1595 1004 di
1617 967 1816 1018 Virgilio.
1847 967 1974 1004 Nella

341 1037 479 1087 prima
501 1037 535 1075 si
556 1038 750 1089 leggono
773 1037 831 1088 gli
856 1038 979 1086 offitij
1023 1037 1064 1075 di
1088 1038 1233 1085 Tulio,
1266 1038 1292 1076 il
1316 1044 1436 1077 sesto
1459 1037 1500 1076 di
1532 1038 1732 1090 Virgilio,
1756 1040 1973 1090 l’epistole

336 1107 534 1147 familiari
558 1115 602 1147 et
619 1110 659 1147 13
676 1110 960 1160 grammatica
977 1122 1112 1160 greca
1130 1115 1174 1147 et
1196 1110 1230 1147 si
1249 1123 1327 1148 usa
1343 1110 1562 1160 diligenza
1583 1111 1664 1149 che
1683 1111 1865 1149 insieme
1885 1111 1971 1149 col-

336 1181 375 1218 le
398 1181 558 1220 lettere
581 1181 941 1231 principalmente
965 1182 1176 1231 imparino
1208 1181 1220 1218 i
1251 1182 1434 1220 costumi
1466 1182 1703 1220 christiani.
1731 1184 1789 1220 La
1819 1182 1971 1221 dottri-

336 1265 391 1290 na
412 1253 647 1291 christiana
682 1253 717 1292 si
740 1253 870 1305 legge
894 1254 1081 1291 tuttauia
1102 1253 1143 1291 in
1167 1266 1267 1292 casa
1299 1258 1349 1291 et>
1363 1253 1477 1292 fuori
1499 1259 1542 1291 et
1566 1266 1648 1292 con
1669 1255 1787 1292 buon
1817 1254 1969 1301 frutto,

336 1325 499 1374 perche
522 1326 644 1363 molti
667 1338 723 1364 ne
746 1332 922 1364 restano
943 1326 1167 1376 compunti
1187 1330 1229 1363 et
1249 1326 1283 1364 si
1301 1325 1580 1374 confessano,
1601 1326 1802 1364 massime
1821 1327 1831 1364 i
1849 1327 1972 1377 giuo-

336 1397 488 1434 catori.
514 1397 711 1435 Visitano
734 1410 895 1435 ancora
916 1398 927 1434 i
950 1397 1088 1436 nostri
1110 1397 1166 1448 gli
1190 1397 1405 1448 hospiclali
1428 1410 1511 1436 con
1542 1398 1676 1436 molta
1708 1398 1971 1436 0003013110-

336 1466 456 1506 tione
481 1468 703 1518 spirituale
727 1469 779 1506 (le
803 1469 958 1519 poueri
979 1469 1167 1516 infermi,
1192 1467 1204 1505 i
1225 1469 1339 1519 quali
1363 1482 1471 1508 sono
1496 1469 1700 1507 solleuati
1723 1474 1766 1506 et
1802 1469 1970 1507 confer-

339 1540 442 1578 mati
463 1541 579 1578 nella
600 1540 769 1578 fidanza
790 1540 832 1579 di
850 1542 954 1592 Jesu
975 1541 1029 1579 N.
1055 1541 1189 1592 Sig.re

389 1622 426 1659 3.
489 1611 664 1660 Quanto
702 1613 785 1650 alle
822 1626 925 1651 cose
963 1613 1033 1650 del
1072 1613 1277 1664 collegio,
1316 1613 1452 1651 siamo
1489 1613 1531 1651 in
1550 1599 1680 1651 ⁶tutto
1717 1612 1879 1660 dodici;
1903 1620 1968 1652 tre

336 1683 572 1731 sacerdoti,
597 1683 668 1722 dui
692 1685 885 1731 maestri,
911 1685 1069 1736 cinque
1093 1684 1250 1723 scolari
1269 1697 1293 1723 e
1308 1690 1374 1723 tre
1394 1683 1655 1732 coadiutori,
1675 1696 1760 1722 uno
1780 1684 1835 1722 de
1857 1686 1971 1736 quali

338 1756 380 1794 fa
402 1758 520 1794 l’uno
545 1761 589 1794 et
611 1756 755 1794 l’altro
780 1757 919 1795 offitio
943 1756 1324 1808 diligentemente.
1350 1757 1440 1795 Son
1462 1757 1564 1795 tutti
1585 1757 1692 1804 sani,
1717 1755 1839 1795 Iddio
1874 1770 1969 1807 gra-

339 1829 413 1874 tia,
439 1834 483 1866 et
506 1829 711 1866 ciascuno
734 1828 1090 1867 feruentemente
1114 1829 1296 1867 attende
1332 1829 1371 1866 al
1393 1827 1574 1866 seruitio
1598 1827 1668 1866 del
1699 1828 1848 1879 Sigse,
1883 1834 1970 1866 sot-

334 1900 656 1938 tomcttenclosi
678 1900 719 1938 in
741 1905 856 1938 tutto
879 1901 962 1938 alla
984 1905 1108 1938 santa
1130 1899 1398 1939 obedientia.
1424 1899 1572 1938 Laude
1605 1904 1649 1937 et
1670 1900 1811 1951 gloria
1830 1913 1884 1938 ne
1909 1900 1970 1937 sia

336 1973 418 2010 alla
441 1972 587 2010 diuina
604 1972 782 2010 Maesta.
805 1972 924 2010 Tutti
946 1972 1218 2023 prieghiamo
1238 1973 1289 2010 V.
1311 1973 1354 2009 Ρ.
1375 1972 1454 2010 0116
1474 1972 1511 2009 01
1534 1971 1669 2009 renda
1690 1972 1800 2022 grati
1823 1970 1968 2009 31831-

335 2050 459 2082 nator
490 2049 642 2082 nostro
674 2044 886 2082 accioche
923 2044 961 2082 ci
997 2044 1194 2082 conceda
1229 2044 1370 2096 gratia
1405 2043 1447 2081 di
1482 2041 1773 2082 conformarci
1806 2042 1967 2093 perfet-

333 2120 526 2153 tamente
552 2116 664 2153 colla
687 2129 763 2153 sua
784 2121 909 2153 santa
925 2115 1015 2153 vita
1038 2121 1082 2154 et
1105 2116 1299 2154 uolonta.
1325 2115 1377 2152 Di
1400 2115 1613 2152 Fiorenza
1635 2115 1662 2152 il
1692 2114 1756 2166 p.⁰
1787 2114 1829 2152 di
1851 2114 1966 2165 Mag-

333 2187 405 2237 gio
430 2187 541 2235 1560.
567 2186 620 2224 Di
642 2186 953 2225 commissione
976 2186 1047 2224 del
1071 2188 1116 2224 P.
1143 2188 1327 2225 Rettore
1351 2186 1376 2224 ¹.
1402 2184 1597 2237 Indegno
1623 2191 1667 2223 et
1688 2184 1809 2224 inutil
1828 2185 1966 2236 figlio-

333 2259 373 2296 lo
398 2263 441 2296 et
463 2271 593 2296 seruo
617 2258 658 2296 di
679 2259 730 2301 V.
759 2259 823 2305 P.‚

1332 2337 1477 2375 CARLO
1510 2336 1753 2374 CARLANTIN
1777 2339 1805 2373 ².

376 2499 396 2518 a
448 2498 705 2544 Sequuntur
720 2498 874 2543 aliqua
893 2497 1023 2534 verba
1043 2496 1199 2540 deleta,
1220 2507 1334 2542 quae
1351 2498 1412 2533 ita
1432 2495 1644 2533 videntur
1661 2494 1857 2540 legenda:
1877 2506 1965 2540 per-

331 2559 405 2596 che
424 2570 496 2605 par
514 2558 588 2594 che
619 2558 838 2594 attendono
869 2557 936 2603 piu
967 2557 1049 2593 alle
1082 2556 1287 2602 botteghe,
1322 2557 1395 2593 che
1427 2555 1510 2592 alle
1543 2556 1704 2600 lettere5
1738 2566 1838 2601 pure
1871 2553 1964 2590 hab-

331 2619 477 2656 biamo.
532 2618 596 2643 -b
619 2617 771 2654 Praec.
791 2629 828 2654 v.
847 2618 972 2663 prius
987 2616 1193 2660 deletum,
1212 2617 1373 2653 iterum
1392 2617 1608 2661 scriptum
1626 2618 1688 2651 est
1700 2618 1836 2661 supra
1852 2623 1962 2651 vers.

382 2759 388 2778 ¹
442 2756 487 2794 In
514 2757 635 2794 catal.
665 2756 829 2802 collegii
856 2754 1061 2792 florentini
1092 2755 1156 2791 die
1191 2755 1232 2791 13
1264 2754 1424 2801 Aprilis
1455 2754 1573 2802 hujus
1605 2754 1699 2790 anni
1729 2752 1876 2799 scripto
1907 2753 1961 2796 (in

331 2818 415 2855 eod.
449 2817 575 2854 Rom.
614 2815 702 2859 781³,
724 2829 761 2852 n.
798 2814 876 2858 192;
911 2815 1020 2862 prius
1050 2814 1134 2858 269)
1167 2820 1460 2851 enumerantur
1490 2813 1532 2850 12
1562 2813 1657 2850 socii
1685 2813 1790 2849 inter
1816 2825 1915 2859 quos
1940 2812 1962 2849 3

330 2877 574 2917 sacerdotes,
596 2881 639 2912 ut
657 2875 696 2911 in
716 2875 790 2911 hac
810 2874 926 2921 epist.
945 2875 1103 2911 dicitur.
1124 2873 1196 2910 «Li
1211 2880 1273 2911 tre
1288 2873 1486 2910 sacerdoti
1502 2883 1641 2910 sonno:
1659 2871 1835 2909 Camillo
1855 2871 1959 2907 Van·

330 2949 446 2982 nuzo;
464 2938 491 2973 il
511 2935 603 2972 Pre.
627 2934 855 2979 Desiderio;
874 2935 899 2970 il
918 2933 1008 2970 Pre.
1031 2934 1190 2981 Filippo
1206 2933 1244 2969 di
1260 2933 1442 2970 Antonio
1458 2932 1715 2970 Guazzalotti
1730 2932 1780 2967 da
1803 2931 1958 2967 Prato.»

330 2996 453 3033 Forte
473 2997 616 3033 aberat
636 2995 679 3031 Ρ.
702 2993 883 3031 Didacus
902 2995 949 3031 de
969 2993 1171 3038 Guzman,
1192 2994 1259 3040 qui
1280 2994 1401 3039 paulo
1420 2998 1514 3030 ante
1542 2996 1581 3028 et
1613 2992 1733 3038 paulo
1765 2995 1851 3035 post
1882 2990 1962 3026 col-

331 3057 484 3102 legium
504 3056 689 3102 regebat.
713 3054 819 3090 Vide
839 3067 941 3099 sup..
964 3068 999 3100 p.
1022 3055 1102 3098 415,
1125 3059 1163 3091 et
1184 3053 1339 3091 Laim'z’
1356 3053 1565 3096 Monam„
1584 3051 1638 3091 V,
1658 3051 1724 3088 351
1743 3049 1853 3086 -352,

379 3118 391 3136 ²
441 3115 550 3154 Vide
569 3129 606 3163 p.
626 3115 708 3158 417,
730 3120 866 3151 annot.
891 3114 923 3150 l.
