2038 3400
508 258 897 298 355.—BELL1MARE
921 259 968 297 28
996 258 1155 297 MARTn
1184 259 1276 298 1560
1589 262 1654 300 561

89 364 322 414 Bellymar3
340 363 512 413 hocque
532 375 629 402 esse
647 363 935 415 agricolarum
952 375 1110 414 pagum
1134 364 1289 414 Burgis
1306 376 1432 414 quam
1449 365 1708 415 proximum,

87 437 218 474 immo
242 436 550 473 suburbanum.
576 435 633 472 At
655 448 761 473 uero
784 449 869 486 quo
890 440 1019 486 pacto
1043 436 1108 473 vir
1129 435 1214 473 iste
1236 436 1471 485 collegium
1494 435 1607 473 idem
1629 437 1711 474 iam

87 507 302 545 Societati
334 506 577 553 tradiderit,
614 513 721 556 quot
753 506 834 544 sint
869 509 911 544 in
948 506 1106 544 eodem
1144 506 1334 557 collegio
1371 506 1606 544 Societatis
1641 508 1713 544 mi-

86 579 225 625 nistri,
249 590 418 628 quaeue
441 577 585 615 munia
607 578 762 627 singuli
785 583 1073 627 exequantur,
1102 589 1212 627 quos
1241 576 1425 614 subinde
1456 577 1564 615 Deo.
1603 577 1712 625 ejus-

89 649 187 688 dem
219 650 300 687 Dei
330 649 498 695 fauore,
529 649 721 686 referant
748 649 930 695 fructus,
953 649 1099 687 forsan
1134 648 1324 686 nondum
1346 648 1569 698 accepisti.
1595 648 1716 685 Haec

90 720 222 770 igitur
244 720 436 757 iniuncta
458 724 555 756 sunt
578 720 679 756 mihi
702 732 724 756 a
748 721 818 757 Re
841 719 953 770 Mag.
980 719 1176 769 Baptista
1198 725 1223 765 ¹,
1260 719 1389 768 hujus
1417 719 1590 768 collegii
1626 732 1715 756 rec-

91 797 203 836 tore,
241 795 288 827 ut
311 789 387 827 tibi
422 802 624 827 sermone
648 790 951 840 qualicumque
975 789 1124 836 latino,
1144 789 1375 840 perspicue
1401 795 1546 827 tamen
1571 796 1615 827 et
1636 803 1719 840 qua

88 872 265 911 possem
287 860 520 907 breuitate,
544 872 780 899 narrarem.

141 942 178 969 2.
240 931 495 969 Praedictus
518 931 596 977 vir,
622 931 690 968 cui
712 931 933 969 indefessa
951 932 970 949 ἃ
992 936 1059 968 651
1076 930 1131 968 de
1154 931 1294 968 salute
1317 931 1554 968 animarum
1578 929 1718 968 solici-

88 1004 211 1050 tudo,
234 1002 346 1041 adeo
370 1001 563 1040 instam't
584 1002 603 1026 b
625 1003 728 1039 noui
751 1002 925 1053 collegij
951 1008 1212 1049 structurae,
1242 1007 1289 1039 ut
1317 1002 1578 1040 breuissimo
1611 1008 1718 1039 tern-

88 1087 196 1124 pore
230 1074 492 1125 permultum
526 1074 670 1124 operis
705 1074 862 1111 fecerit
893 1073 1076 1111 absolui.
1110 1073 1192 1112 Vbi
1227 1085 1334 1111 uero
1370 1072 1520 1111 habuit
1556 1073 1720 1123 aliquas

87 1145 236 1192 cellas,
256 1157 367 1194 quae
386 1144 618 1182 commode
639 1149 822 1194 possent
842 1143 1041 1191 habitari,
1065 1144 1295 1195 impatiens
1317 1144 1529 1194 longioris
1552 1156 1715 1191 morae,

88 1222 197 1263 orat,
222 1216 389 1268 flagitat
413 1221 657 1267 opportune
680 1222 724 1253 et
745 1217 992 1267 importune
1016 1218 1190 1254 Patrem
1212 1217 1511 1266 praepositum
1546 1216 1718 1265 prouin-

89 1289 243 1327 cialem
264 1289 276 1308 ²
298 1288 440 1326 mittat
460 1288 732 1325 habitatores
755 1287 948 1338 collegij,
972 1288 1044 1338 qui
1065 1289 1393 1338 possessionem
1416 1287 1602 1338 capiant,
1627 1288 1718 1324 mit-

90 1366 153 1397 tat
176 1359 400 1410 operarios
422 1359 464 1397 in
484 1360 614 1397 latam
636 1359 748 1396 hanc
770 1364 813 1397 et
836 1359 938 1396 satis
960 1359 1166 1397 incultam
1195 1361 1367 1414 vineam
1394 1358 1585 1407 Dominj.
1620 1359 1718 1396 Non

86 1432 228 1481 potuit
250 1432 379 1469 Pater
400 1431 676 1482 praepositus
698 1431 976 1481 prouincialis
999 1436 1086 1469 tam
1107 1431 1188 1481 pijs
1212 1436 1256 1468 et
1276 1430 1580 1481 frequentibus
1603 1430 1718 1467 votis

86 1515 173 1540 non
194 1515 405 1550 annuere,
430 1507 473 1540 et
495 1501 609 1540 misit
632 1504 805 1539 Patrem
830 1503 941 1552 Mag.
968 1503 1222 1553 Baptistam,
1243 1502 1315 1552 qui
1332 1503 1374 1540 in
1390 1514 1508 1539 nouo
1528 1501 1717 1551 collegio

88 1574 274 1612 rectoris
296 1574 554 1624 fungeretur
578 1573 740 1620 officio,
765 1574 878 1611 misit
909 1586 994 1618 me,
1026 1573 1251 1624 indignum
1287 1573 1581 1619 sacerdotem,
1606 1573 1720 1610 misit

89 1650 132 1682 et
167 1644 277 1683 duos
312 1644 469 1683 fratres
509 1645 775 1694 temporales
811 1644 1109 1692 coadjutores,
1147 1645 1262 1682 misit
1297 1644 1456 1682 deinde
1492 1649 1591 1694 post
1626 1642 1720 1680 dies

88 1715 266 1767 aliquot,
291 1716 507 1767 quendam
529 1714 765 1753 Societatis
787 1715 981 1762 fratrem,
1006 1716 1077 1765 qui
1099 1715 1333 1753 admodum
1368 1716 1548 1766 pulchre
1584 1714 1720 1764 picto·

88 1788 193 1825 riam
224 1792 407 1825 exercet
437 1793 590 1833 artem,
616 1792 662 1823 ut
682 1785 862 1836 picturis
885 1793 929 1823 et
950 1786 1208 1836 imaginibus
1229 1799 1467 1837 pauperem
1491 1786 1616 1832 hanc,
1641 1785 1720 1823 sed

88 1859 311 1909 pulchram
333 1859 509 1897 domum
531 1858 825 1909 pulchriorem
849 1857 1071 1896 redderet.
1106 1859 1392 1896 Peruenimus
1423 1857 1476 1895 ad
1513 1857 1598 1894 hoc
1634 1857 1720 1895 601-

87 1931 247 1981 legium
279 1935 432 1981 quarto
469 1931 563 1968 Kal.
596 1929 742 1975 Febr.,
767 1927 837 1967 die
861 1930 999 1967 sancti
1021 1930 1157 1976 Pauli,
1182 1930 1306 1980 primi
1328 1929 1571 1967 heremitae
1593 1933 1620 1975 ⁸,
1646 1928 1718 1966 ubi

88 2008 174 2039 tam
197 2002 324 2039 laetis
345 2002 497 2040 animis
517 2002 570 2039 ab
595 2002 794 2040 omnibus
834 2014 982 2038 sumus
1005 2002 1195 2051 excepti,
1220 2014 1347 2051 quam
1370 2001 1625 2039 ardentibus
1647 2001 1720 2038 de-

88 2072 276 2123 syderijs
298 2085 470 2111 eramus
493 2073 730 2124 expectati.
755 2073 907 2110 Patres
939 2071 1102 2122 aliquot
1138 2072 1374 2110 Societatis
1407 2073 1582 2123 collegij
1619 2073 1718 2110 bur-

88 2143 236 2194 gensis
257 2156 337 2181 nos
358 2147 456 2181 sunt
479 2145 688 2191 comitati,
723 2144 849 2183 simul
881 2150 925 2182 et
946 2142 1261 2194 proepiscopus
1289 2144 1522 2194 burgensis
1554 2143 1718 2193 episco-

88 2220 214 2265 patus
236 2227 333 2252 cum
355 2214 450 2263 alijs
471 2215 703 2252 nobilibus.
730 2216 899 2264 Quibus
921 2214 1162 2252 astantibus
1184 2214 1346 2252 factum
1378 2221 1444 2251 est
1476 2226 1645 2252 sacrum
1678 2214 1718 2250 in

91 2285 257 2336 capella
277 2284 463 2335 quadam
485 2284 540 2323 ad
560 2286 646 2324 hoc
669 2291 834 2324 ornata.
860 2285 1064 2323 Nondum
1088 2285 1201 2323 enim
1219 2284 1501 2334 principczlis
1532 2284 1721 2321 ecclesia

91 2357 265 2407 collegij
297 2357 495 2407 perfecta
525 2363 606 2395 est.
641 2357 939 2396 Concionatus
971 2362 1037 2394 est
1059 2356 1233 2407 quidam
1256 2364 1272 2381 0
1295 2356 1532 2394 Societatis
1554 2368 1641 2392 non
1663 2356 1721 2391 in-

90 2428 215 2465 fimus
251 2428 550 2475 concionator,
587 2440 671 2466 nec
705 2427 887 2466 defuere
927 2429 1092 2465 musica
1130 2427 1433 2472 instrumenta,
1474 2432 1600 2476 prout
1637 2426 1721 2463 iste

91 2497 378 2548 agricolarum
399 2498 570 2536 ferebat
592 2499 730 2536 locus.
755 2499 860 2536 Post
883 2511 1052 2536 sacrum
1073 2498 1233 2536 tradita
1256 2505 1323 2536 est
1346 2498 1520 2548 collegij
1546 2509 1718 2547 posses-

138 2697 157 2716 a
207 2696 391 2742 Syllaba
409 2695 447 2731 fe
466 2700 603 2740 supra
622 2705 814 2731 versum.
873 2695 933 2719 --b
955 2694 1113 2731 institit.
1167 2702 1231 2720 —0
1252 2707 1364 2730 nrae.

143 2903 151 2921 ¹
202 2900 248 2937 P.
263 2899 445 2946 Joannes
463 2898 648 2946 Baptista
666 2897 715 2934 de
735 2895 911 2942 Segura.

142 2960 155 2979 ²
204 2959 250 2997 P.
271 2959 475 2996 Antonius
494 2958 543 2995 de
563 2956 715 2994 Araoz.

141 3020 154 3039 ³
205 3018 272 3056 Sic
306 3024 458 3062 auctor,
495 3016 667 3054 fortasse
697 3015 917 3052 seeundum
948 3015 1146 3052 ecclesiae
1177 3015 1394 3060 burgensis
1428 3012 1719 3051 calendarium.

97 3078 261 3115 Festum
283 3078 356 3115 Sti.
381 3077 495 3114 Pauli
517 3076 710 3112 eremitae
729 3074 958 3121 generatim
976 3074 1040 3111 die
1063 3074 1104 3111 10
1118 3074 1306 3121 Januarii
1326 3073 1622 3110 celebrabatur.

238 3162 400 3187 Lumina
421 3159 779 3194 QuAanusrnns.-T.
801 3158 853 3184 VI.
1550 3154 1582 3183 36
