2038 3400
374 281 442 319 364
844 288 920 326 Lu·
932 303 939 326 ι
951 302 1062 328 ERAE
1099 294 1457 337 Quaommns‘nffls

326 384 382 423 ris
404 386 614 427 iacturam
636 390 946 432 adolescentes
968 396 1143 434 minime
1164 397 1328 445 facere,
1352 400 1469 450 quod
1492 402 1623 440 creba
1648 402 1737 452 [sic]
1763 404 1952 442 scriben-

326 456 367 494 di
402 457 664 512 dicendique
702 465 1023 505 exercitatione
1064 468 1301 507 reddantur
1337 476 1381 508 et
1415 472 1469 510 ad
1505 474 1783 513 scribendum
1820 481 1864 513 et
1899 476 1950 514 ad

326 527 558 570 dicendum
579 533 621 571 in
644 533 738 572 dies
759 538 1016 586 paratiores.
1043 540 1186 590 thue
1209 552 1349 592 aeque
1372 543 1413 580 in
1440 544 1606 593 pietate
1630 546 1950 598 christianaque

323 600 538 657 religione
577 606 821 654 proficiant,
864 621 993 646 nemo
1036 615 1103 648 est
1142 618 1339 650 nostrum
1375 615 1445 664 qui
1485 627 1572 654 non
1612 617 1766 656 sedulo
1809 624 1946 657 curet.

324 671 454 722 Quod
483 687 590 713 uero
615 678 792 715 conatui
823 685 974 717 nostro
998 680 1165 719 fructus
1196 695 1282 721 non
1314 686 1595 736 respondeat,
1618 686 1659 725 id
1683 701 1841 727 causae
1865 703 1950 728 ma-

322 744 437 782 xime
468 747 741 795 arbitramur,
766 750 883 798 quod
914 751 1177 804 paedagogi,
1212 760 1258 792 ut
1288 768 1363 806 par
1396 763 1529 805 esset,
1563 771 1687 797 suum
1711 760 1828 799 domi
1857 762 1948 800 offi-

320 815 433 854 cium
464 830 550 856 non
580 819 755 867 faciant,
779 834 866 859 non
897 827 984 860 tam
1016 824 1190 863 utilitati
1220 826 1565 868 domesticorum
1596 844 1788 879 suorum,
1820 847 1946 884 quam

318 888 494 938 proprio
517 890 718 939 quaestui
739 892 1048 933 inseruientes.
1072 896 1129 933 Vt
1150 901 1295 935 tamen
1317 911 1394 948 per
1418 912 1495 937 eos
1517 901 1692 940 minime
1715 908 1817 951 stet,
1842 917 1946 953 quo-

318 959 456 997 minus
497 963 612 999 uotis
650 970 880 1014 compotes
918 978 1016 1004 esse
1051 969 1282 1018 possimus,
1321 971 1368 1009 P.
1407 976 1450 1009 et
1484 972 1660 1011 fratrum
1695 980 1945 1014 nostrorum

316 1030 480 1069 crebris
502 1032 872 1075 admonitionibus
895 1038 1107 1090 minisque
1129 1053 1181 1079 ac
1203 1042 1476 1091 uerberibus,
1501 1043 1601 1082 dum
1625 1046 1762 1097 exigit
1796 1059 1880 1094 reS‚
1904 1048 1945 1086 in

318 1101 464 1141 officio
488 1105 582 1154 plus
605 1106 735 1144 solito
759 1107 1053 1148 continentur.
1081 1111 1195 1161 Quin
1217 1113 1304 1152 hac
1323 1114 1342 1132 a
1363 1115 1502 1165 gratia
1522 1115 1606 1154 iarn
1628 1117 1823 1156 secundo
1846 1132 1944 1157 nos-

316 1173 392 1212 tris
413 1175 454 1212 in
476 1176 659 1215 aedibus
682 1190 764 1215 una
787 1192 940 1219 omnes
961 1181 1213 1234 paedagogi
1234 1197 1258 1222 a
1280 1186 1326 1223 R.
1353 1186 1398 1224 Ρ.
1425 1187 1621 1237 Baptista
1639 1189 1646 1207 ¹
1667 1188 1721 1226 de
1745 1189 1943 1229 omnibus

314 1257 424 1296 quae
447 1246 501 1284 ad
523 1261 569 1285 se
592 1250 814 1299 pertinent
837 1254 1178 1293 commonefacti
1209 1261 1322 1295 sunt.
1349 1258 1587 1296 Praeterea
1607 1272 1631 1297 a
1654 1261 1699 1298 Ρ.
1733 1266 1908 1300 rectore
1931 1266 1943 1285 ²

315 1317 547 1369 unicuique
583 1325 779 1359 nostrum
811 1323 1176 1364 scholasticorum
1208 1327 1506 1376 uisendorum,
1541 1330 1693 1369 ordine
1727 1332 1938 1381 adhibito,

313 1387 413 1426 data
436 1394 502 1427 est
525 1403 642 1438 cura,
668 1397 713 1430 ut
736 1393 891 1432 saltem
914 1397 1051 1434 semel
1074 1397 1115 1435 in
1143 1398 1423 1438 hebdomade
1448 1401 1637 1440 omnium
1662 1403 1859 1442 cubicula
1882 1406 1940 1443 ui-

312 1467 474 1500 santur.
501 1463 584 1512 Qui
606 1465 783 1514 pariter,
807 1473 982 1516 praeter
1005 1468 1087 1506 alia
1109 1471 1256 1517 multa,
1281 1471 1322 1509 in
1345 1472 1492 1522 primis
1515 1478 1650 1521 curat,
1681 1487 1735 1513 ne
1757 1474 1798 1514 in
1822 1481 1940 1515 tanta

311 1533 588 1572 multitudine
619 1537 683 1584 (ut
705 1537 770 1587 fit)
801 1539 927 1577 nobis
958 1540 1106 1589 inscijs
1128 1541 1245 1580 domi
1275 1543 1462 1591 latitent,
1501 1550 1574 1582 aut
1606 1547 1814 1585 malorum
1839 1561 1939 1587 con-

309 1605 445 1643 sortio
482 1618 506 1643 a
546 1607 701 1657 studijs
741 1616 985 1648 auocentur
1020 1613 1286 1653 scholastici.
1329 1615 1542 1665 Equidem
1578 1630 1664 1655 non
1699 1631 1849 1669 parum
1885 1621 1936 1659 ad

309 1689 462 1714 munus
483 1682 681 1717 nostrum
704 1680 954 1720 obeundum
977 1683 1221 1731 incitamur,
1246 1686 1363 1736 quod
1386 1701 1489 1725 suos
1507 1688 1560 1725 ad
1578 1702 1657 1727 nos
1679 1690 1697 1714 b
1719 1690 1936 1730 adducen-

307 1754 389 1795 tes,
414 1751 672 1799 praesertim
703 1753 942 1793 nobiliores
965 1768 1015 1794 ac
1037 1756 1234 1804 ditiores,
1259 1758 1321 1797 sic
1350 1772 1427 1798 eos
1459 1761 1583 1799 nobis
1606 1764 1932 1812 commendent,

307 1826 352 1858 ut
374 1834 504 1860 unum
528 1822 721 1871 doleant,
746 1826 863 1875 quod
885 1828 1112 1866 nobiscum
1137 1830 1201 1867 sui
1223 1842 1356 1881 agere
1380 1839 1396 1857 0
1417 1846 1503 1870 non
1534 1835 1716 1884 possint,
1739 1836 1857 1886 quod
1890 1839 1935 1874 ιιί

305 1890 429 1937 fieret
456 1892 491 1939 d,
522 1894 649 1933 nullis
671 1896 785 1934 uelle
808 1903 826 1921 θ
848 1899 1090 1948 sumptibus
1111 1913 1294 1951 parcere
1316 1906 1546 1942 testantur.
1583 1904 1714 1953 „Quod
1743 1909 1932 1946 nonnul-

305 1962 340 2000 li
370 1964 577 2015 granius
603 1966 803 2018 ferrent,
834 1969 927 2008 nisi
960 1973 1164 2011 extructo
1202 1974 1396 2026 collegio
1427 1977 1688 2026 propediem
1711 1977 1929 2029 feriarum

305 2037 594 2084 considerent.

358 2119 395 2147 2.
457 2109 642 2158 Quinam
667 2123 773 2149 uero
806 2113 847 2150 in
882 2114 1138 2165 theologica
1169 2122 1298 2167 atque
1330 2118 1634 2169 philosophica
1667 2121 1931 2174 reliquisque

302 2192 379 2217 sex
417 2180 628 2220 classibus
664 2183 744 2221 hac
780 2186 1071 2224 renouatione
1108 2188 1350 2228 studiorum
1386 2191 1481 2229 libri
1511 2193 1836 2244 praelegantur,
1875 2207 1928 2232 ex

305 2252 509 2301 catalogo
535 2267 618 2292 una
639 2267 734 2292 cum
759 2256 1013 2308 theologiae
1035 2272 1086 2296 ac
1107 2260 1409 2311 philosophiae
1432 2264 1768 2315 rhetoricaeque
1799 2266 1929 2304 thesi·

301 2323 395 2370 bus,
420 2336 531 2374 quae
565 2325 619 2363 ad
657 2340 736 2365 uos
771 2329 1137 2378 transmittuntur,
1170 2333 1219 2370 T.
1252 2335 1492 2383 paternitas
1524 2335 1675 2374 uidere
1705 2338 1868 2388 poterit
1898 2344 1924 2376 ³.

299 2394 440 2432 Fuere
462 2396 503 2433 in
540 2410 705 2435 summa
737 2398 864 2447 aede,
889 2401 1180 2441 Iacobitarum
1204 2403 1388 2443 doctore
1410 2407 1610 2456 praeside
1633 2408 1660 2455 ⁴,
1685 2408 1923 2457 discussae,

299 2466 344 2503 P.
372 2467 566 2506 Roberto
589 2470 601 2489 5
623 2482 674 2507 ac
696 2471 750 2509 M.
778 2472 1008 2511 Leonardo
1031 2476 1044 2495 ‘³
1065 2476 1373 2524 assertoribus,
1398 2477 1451 2515 ad
1479 2492 1585 2528 quas
1607 2480 1922 2532 impugnandas

340 2611 359 2630 a
410 2611 526 2648 huius
547 2613 615 2649 rei.
674 2615 734 2639 —b
758 2614 917 2652 liberos.
973 2628 1035 2645 —c
1057 2617 1300 2653 omniuo—d
1322 2619 1352 2654 si
1376 2620 1529 2657 liceret.
1586 2631 1648 2648 ---θ
1670 2636 1726 2661 se.

343 2748 348 2766 ¹
404 2746 448 2782 P.
470 2747 654 2795 Baptista
675 2749 812 2787 Viola.

339 2807 352 2826 ‘²
407 2806 448 2842 Ρ.
469 2807 744 2855 Hieronymus
766 2809 824 2846 Le
846 2811 937 2848 Bas.

337 2867 350 2886 ³
407 2866 522 2903 Hune
542 2869 773 2913 catalogum
794 2883 871 2906 non
894 2871 1077 2908 vidimus.

336 2926 349 2945 ⁴
400 2925 603 2963 Iacobitae
633 2928 820 2965 videntur
847 2930 909 2967 hic
941 2933 1138 2969 nominari
1166 2933 1334 2971 Fratres
1362 2936 1682 2982 Praedicatores,
1705 2939 1771 2986 qui
1795 2942 1917 2988 vulgo

289 2985 329 3022 in
349 2984 489 3023 Gallia
511 2985 738 3032 «jacobins»
762 2988 1014 3027 dicebantur.

336 3050 349 3068 ⁵
400 3049 445 3087 P.
468 3050 673 3088 Robertus
694 3051 974 3099 Clayssonius.

336 3109 350 3129 ⁸
400 3108 640 3147 Leonardus
661 3111 880 3151 Masserus.
