2038 3400
645 243 976 280 374.—C0L0N1A
1003 243 1024 279 7
1053 243 1160 289 MAJI
1192 244 1280 280 1560
1658 247 1726 283 633

147 346 452 396 quadrimestri
477 346 647 395 operari
670 344 872 396 dignatus
896 352 977 391 est,
1002 345 1157 382 suadet
1180 347 1420 383 communis
1445 348 1616 392 vtilitas,
1643 349 1771 397 impe-

146 425 210 455 rat
235 417 514 455 obedientiae
538 418 665 463 ratio,
692 422 738 454 ut
759 417 1091 467 qualiacumque
1114 417 1212 463 sint,
1246 418 1438 455 breuiter
1462 432 1511 455 ac
1533 421 1771 465 gvncratim

143 488 450 539 perstringam.
483 488 537 525 Et
568 488 607 525 in
638 488 789 538 primis
811 487 865 525 de
889 487 1143 525 domesticis
1165 488 1341 533 nostris,
1365 501 1545 537 quorum
1570 503 1773 527 uumerus

143 559 560 611 quinquagenarium
583 558 714 596 inodo
737 563 928 608 superat,
962 558 1031 608 qui
1064 559 1116 595 ab
1149 558 1242 606 alijs
1265 559 1590 596 conuictoribus
1613 561 1772 598 habita-

142 633 262 669 tione
284 631 485 677 seiuncti,
512 631 644 668 etiam
667 630 897 668 conuictus
918 642 969 667 ac
990 642 1235 667 mensarum
1259 630 1572 679 separabuntur
1598 632 1615 648 η
1647 633 1772 669 ratio-

141 716 194 740 ne
224 701 597 753 (quandoquidem
630 702 913 739 refectorium
935 701 976 738 in
998 701 1084 738 hoc
1104 706 1300 750 paratum
1323 705 1422 750 est),
1448 707 1493 738 ut
1514 702 1774 751 accuratius,

143 774 391 824 expeditius
412 785 464 812 ac
487 772 675 823 denique
698 772 952 823 perfectius,
985 784 1096 822 quae
1127 772 1364 810 Societatis
1386 778 1499 819 sunt,
1525 774 1682 823 exequi
1705 786 1774 811 va-

141 847 272 884 leant.
300 847 409 884 Cum
438 857 606 882 summa
626 844 938 894 tranquillitate
960 856 1011 882 ac
1029 843 1202 894 spiritus
1219 844 1446 881 alacritate
1463 843 1503 881 in
1527 843 1771 892 virtutibus,

143 917 399 967 praesertim
418 916 646 962 charitate,
667 915 925 961 humilitate,
948 906 1213 961 obedientia,
1233 915 1434 965 suiipsius
1464 916 1772 966 abnegatione,

142 1000 311 1026 necnon
332 992 376 1025 et
398 987 439 1025 in
457 987 593 1024 literis
615 999 818 1037 magnum
838 998 1121 1037 progressum
1143 986 1321 1024 faciunt.
1347 987 1526 1025 Omneis
1546 991 1631 1024 tam
1655 995 1775 1026 exte-

143 1071 230 1104 ros,
254 1071 381 1109 quam
398 1058 636 1104 intraneos,
662 1057 703 1094 in
722 1058 787 1095 sui
808 1056 1141 1095 admirationem
1158 1058 1429 1107 pertrahunt,
1449 1070 1499 1096 ac
1518 1059 1572 1095 ob
1591 1058 1775 1107 singula-

144 1142 235 1168 rem
257 1128 517 1167 modestiam
553 1127 801 1174 aedificant,
836 1134 879 1166 et
910 1128 963 1166 ad
995 1127 1142 1166 mundi
1174 1133 1473 1179 contemptum
1496 1130 1773 1177 inflammant,

144 1200 255 1240 adeo
279 1206 324 1239 ut
347 1201 469 1238 multi
491 1200 684 1238 ambiant
706 1201 747 1237 in
764 1200 1035 1238 Societatem
1057 1200 1208 1250 recipi3
1227 1213 1409 1250 quorum
1427 1205 1572 1239 tamen
1591 1202 1775 1252 desyde-

145 1272 206 1310 ria
222 1271 430 1310 dilatione
449 1271 641 1309 fouenda
659 1283 758 1309 esse
779 1278 930 1309 monet
947 1272 1104 1309 aetatis
1121 1272 1410 1310 imbecillitas.
1436 1272 1601 1322 Singuli
1622 1274 1774 1323 nouitij

145 1356 221 1381 sua
243 1342 387 1381 munia
408 1343 608 1393 gnauiter
634 1343 813 1380 obeunt.
839 1344 1174 1393 Praeceptores,
1199 1355 1382 1392 quorum
1413 1356 1616 1381 numerus
1647 1344 1775 1383 dena-

145 1415 252 1452 rium
270 1414 596 1466 quaternarium
613 1414 844 1464 adaequat,
865 1414 1071 1465 delegata
1092 1415 1172 1452 sibi
1193 1426 1329 1464 pensa
1344 1414 1533 1453 fideliter
1550 1428 1601 1454 ac
1618 1429 1774 1467 magno

146 1499 242 1524 cum
260 1487 508 1525 auditorum
525 1486 669 1524 fructu
687 1486 937 1524 absoluunt.
957 1486 1070 1524 Hinc
1086 1486 1147 1532 fit,
1164 1491 1210 1523 ut
1225 1491 1269 1523 et
1286 1499 1310 1524 a
1325 1485 1546 1537 discipulis
1561 1493 1773 1534 amentur,

149 1558 461 1597 beneuolentia
482 1570 533 1596 ac
563 1557 813 1596 reuerentia
841 1557 971 1595 etiam
994 1557 1173 1596 mirifice
1197 1559 1485 1596 cumulentur.
1511 1560 1776 1597 Sacerdotes

147 1628 498 1667 confessionibus
520 1628 748 1666 audiendis
772 1632 815 1666 et
837 1628 932 1677 alijs
953 1628 1035 1678 pijs
1058 1629 1264 1678 operibus
1286 1633 1457 1667 vacant.
1490 1630 1582 1681 Ego
1604 1630 1646 1668 in
1677 1643 1776 1669 con-

148 1700 338 1737 tionibus
360 1700 564 1750 persisto.
590 1701 754 1738 Omnes
779 1705 900 1737 recte
924 1699 1066 1737 animo
1091 1705 1134 1736 et
1157 1712 1344 1750 corpore
1365 1700 1527 1748 valent,
1560 1702 1640 1739 nisi
1661 1702 1777 1752 quod

150 1773 199 1809 D.
239 1771 436 1809 Andreas
467 1772 897 1822 Valckenburgensis
929 1775 936 1793 ¹
970 1771 1279 1822 aliquantisper
1310 1772 1496 1810 aduersa
1526 1772 1776 1811 valetudine

149 1844 349 1881 laborare
381 1849 576 1894 ceperat;
609 1842 688 1881 sed
719 1843 801 1881 Dei
828 1842 1116 1894 benignitate,
1140 1843 1286 1893 potius
1308 1857 1434 1893 quam
1456 1844 1613 1882 medici
1636 1844 1777 1882 indus-

149 1915 245 1961 tria,
286 1913 369 1952 iarn
401 1914 688 1953 conualescit.
728 1915 884 1952 Petrus
921 1915 1051 1952 etiam
1083 1915 1321 1962 Michaelis,
1356 1915 1635 1963 coloniensis,
1669 1917 1778 1954 ultra

150 1984 417 2024 dimidiatum
440 1998 598 2023 annum
621 1990 774 2035 quarta
793 1985 905 2023 febri
927 1991 1085 2032 tortus,
1108 1986 1336 2036 pristinum
1368 1986 1565 2037 vigorem
1598 2000 1776 2038 recupe-

150 2062 229 2094 rat.
255 2057 552 2106 Manciparunt
583 2068 631 2094 se
662 2056 891 2095 Societati:
925 2056 1098 2107 quidam
1135 2057 1399 2095 coloniensis
1435 2058 1524 2107 (qui
1558 2059 1684 2096 nobis
1719 2059 1777 2096 in-

149 2127 250 2176 scijs
273 2133 317 2166 et
338 2128 655 2166 reluctantibus
676 2132 829 2166 votum
850 2127 972 2177 fecit)
991 2128 1141 2166 rhetor
1162 2128 1182 2152 b
1198 2127 1374 2166 dotibus
1390 2135 1569 2166 naturae
1595 2134 1637 2166 et
1659 2129 1776 2180 inge*

149 2199 220 2236 nio
251 2199 516 2249 praeclarus,
548 2199 722 2248 insuper
745 2204 834 2236 tres
865 2199 933 2248 alij
957 2211 1149 2249 poeseos
1170 2199 1410 2246 auditores,
1446 2212 1603 2250 nempe
1626 2200 1776 2238 Arnol-

151 2270 229 2308 dus
248 2269 561 2319 Blitterslbijck
582 2271 906 2321 neomagensis,
926 2271 1172 2309 Anthonius
1194 2272 1539 2319 Cameracensis,
1563 2273 1776 2310 Iohannes

150 2341 463 2380 Verdunensis.
491 2342 686 2391 Quilibet
707 2341 909 2392 profecto
933 2342 1020 2380 suis
1042 2343 1218 2381 dotibus
1240 2343 1419 2394 insignis
1441 2349 1521 2382 est.
1548 2345 1775 2381 Postremo

152 2412 358 2463 magister
381 2412 570 2463 Ogerius
594 2412 889 2450 Dauantianus
909 2419 926 2437 0
949 2413 1085 2451 veluti
1106 2412 1312 2452 miraculo
1335 2414 1522 2465 quodam
1550 2414 1602 2452 ad
1632 2414 1774 2452 Socie-

152 2489 287 2521 tatem
309 2484 475 2521 accitus
495 2490 575 2521 est.
596 2484 705 2521 Nam
724 2483 824 2521 dum
842 2484 923 2522 sibi
938 2484 1157 2535 frequenti
1179 2486 1469 2523 reluctatione
1491 2486 1699 2523 bonarum
1718 2486 1776 2522 in-

153 2554 435 2604 spirationum
452 2554 583 2592 tibiae
603 2553 824 2592 defectum
845 2555 1136 2600 conciliasset,
1157 2556 1229 2593 ubi
1247 2569 1293 2594 se
1312 2556 1524 2595 Societati
1542 2556 1775 2605 mancipas-

200 2707 218 2727 a
269 2707 370 2745 Litt.
392 2720 437 2744 ra
456 2713 592 2755 supra
612 2719 719 2745 vers.
740 2709 895 2745 eadem
916 2720 1068 2753 manu,
1100 2721 1236 2757 neque
1266 2711 1382 2747 clare
1412 2713 1595 2756 apparet
1626 2714 1774 2746 utrum

152 2767 382 2812 legendum
417 2769 474 2804 sit
506 2768 816 2813 separabuntur.
850 2779 908 2804 an
943 2769 1251 2815 separabantur.
1330 2770 1393 2793 —b
1433 2769 1523 2814 Seq.
1570 2776 1608 2804 et
1651 2769 1772 2805 delet.

155 2834 218 2852 —0
252 2827 363 2863 4vv.
388 2831 533 2873 praec.
572 2828 688 2864 linea
720 2827 937 2864 subducta
969 2831 1120 2865 notata
1150 2832 1265 2871 sunt,
1300 2831 1486 2874 itemque
1515 2828 1557 2864 in
1590 2838 1725 2872 marg.
1748 2840 1772 2863 a

153 2884 346 2931 quodam
367 2885 533 2929 lectore,
553 2890 602 2922 ut
620 2886 807 2923 videtur.

204 3039 212 3059 ¹
267 3038 372 3076 Vide
392 3051 527 3086 supra,
548 3053 584 3088 p.
605 3041 686 3086 337,
707 3047 843 3078 annot.
863 3041 897 3078 3.
