<?xml version="1.0" encoding="UTF-8"?>
<!DOCTYPE html PUBLIC "-//W3C//DTD XHTML 1.0 Transitional//EN"
    "http://www.w3.org/TR/xhtml1/DTD/xhtml1-transitional.dtd">
<html xmlns="http://www.w3.org/1999/xhtml" xml:lang="en" lang="en">
 <head>
  <title>
</title>
<meta http-equiv="Content-Type" content="text/html;charset=utf-8" />
  <meta name='ocr-system' content='tesseract 3.04.00' />
  <meta name='ocr-capabilities' content='ocr_page ocr_carea ocr_par ocr_line ocrx_word'/>
</head>
<body>
  <div class='ocr_page' id='page_1' title='image "./litteraequadrime18lain_0711.png"; bbox 0 0 2038 3400; ppageno 0'>
   <div class='ocr_carea' id='block_1_1' title="bbox 571 249 1642 300">
    <p class='ocr_par' dir='ltr' id='par_1_1' title="bbox 571 249 1642 300">
     <span class='ocr_line' id='line_1_1' title="bbox 571 249 1642 300; baseline -0.006 -9"><span class='ocrx_word' id='word_1_1' title='bbox 571 255 884 292; x_wconf 67' lang='lat' dir='ltr'>393.-PA1‹1s11s</span> <span class='ocrx_word' id='word_1_2' title='bbox 914 254 927 289; x_wconf 94' lang='grc'>1</span> <span class='ocrx_word' id='word_1_3' title='bbox 953 253 1061 300; x_wconf 75' lang='lat' dir='ltr'>JuLn</span> <span class='ocrx_word' id='word_1_4' title='bbox 1094 251 1181 289; x_wconf 71' lang='lat'><strong>¹560</strong></span> <span class='ocrx_word' id='word_1_5' title='bbox 1572 249 1642 286; x_wconf 79' lang='lat'>693</span> 
     </span>
    </p>
   </div>
   <div class='ocr_carea' id='block_1_2' title="bbox 53 355 1707 2691">
    <p class='ocr_par' dir='ltr' id='par_1_2' title="bbox 67 355 1695 1194">
     <span class='ocr_line' id='line_1_2' title="bbox 67 355 1687 411; baseline -0.006 -10"><span class='ocrx_word' id='word_1_6' title='bbox 67 364 198 401; x_wconf 90' lang='lat' dir='ltr'>reliae</span> <span class='ocrx_word' id='word_1_7' title='bbox 233 374 338 400; x_wconf 87' lang='lat' dir='ltr'>suae</span> <span class='ocrx_word' id='word_1_8' title='bbox 373 373 450 411; x_wconf 88' lang='lat' dir='ltr'>per</span> <span class='ocrx_word' id='word_1_9' title='bbox 481 360 753 398; x_wconf 78' lang='lat' dir='ltr'>Societatem</span> <span class='ocrx_word' id='word_1_10' title='bbox 785 359 1017 409; x_wconf 85' lang='lat' dir='ltr'>episcopus</span> <span class='ocrx_word' id='word_1_11' title='bbox 1049 356 1285 395; x_wconf 75' lang='lat' dir='ltr'>desiderat.</span> <span class='ocrx_word' id='word_1_12' title='bbox 1309 356 1401 393; x_wconf 87' lang='lat' dir='ltr'>Nos</span> <span class='ocrx_word' id='word_1_13' title='bbox 1425 360 1555 393; x_wconf 88' lang='lat' dir='ltr'>uocat</span> <span class='ocrx_word' id='word_1_14' title='bbox 1578 355 1687 405; x_wconf 86' lang='lat' dir='ltr'>Lug-</span> 
     </span>
     <span class='ocr_line' id='line_1_3' title="bbox 67 426 1686 482; baseline -0.007 -10"><span class='ocrx_word' id='word_1_15' title='bbox 67 434 227 472; x_wconf 88' lang='lat' dir='ltr'>dunum</span> <span class='ocrx_word' id='word_1_16' title='bbox 253 437 277 480; x_wconf 89' lang='lat'>¹,</span> <span class='ocrx_word' id='word_1_17' title='bbox 303 436 346 470; x_wconf 90' lang='lat' dir='ltr'>et</span> <span class='ocrx_word' id='word_1_18' title='bbox 368 431 481 482; x_wconf 89' lang='lat' dir='ltr'>apud</span> <span class='ocrx_word' id='word_1_19' title='bbox 502 431 775 481; x_wconf 87' lang='lat' dir='ltr'>apamienses</span> <span class='ocrx_word' id='word_1_20' title='bbox 796 434 971 467; x_wconf 85' lang='lat' dir='ltr'>nostros</span> <span class='ocrx_word' id='word_1_21' title='bbox 993 429 1075 466; x_wconf 85' lang='lat' dir='ltr'>alia</span> <span class='ocrx_word' id='word_1_22' title='bbox 1096 427 1309 479; x_wconf 76' lang='lat' dir='ltr'>quaedam</span> <span class='ocrx_word' id='word_1_23' title='bbox 1343 426 1494 464; x_wconf 85' lang='lat' dir='ltr'>ciuitas</span> <span class='ocrx_word' id='word_1_24' title='bbox 1530 426 1638 475; x_wconf 82' lang='lat' dir='ltr'>petit</span> <span class='ocrx_word' id='word_1_25' title='bbox 1660 429 1686 462; x_wconf 68' lang='lat'>².</span> 
     </span>
     <span class='ocr_line' id='line_1_4' title="bbox 68 497 1690 554; baseline -0.006 -11"><span class='ocrx_word' id='word_1_26' title='bbox 68 505 125 543; x_wconf 83' lang='lat' dir='ltr'>At</span> <span class='ocrx_word' id='word_1_27' title='bbox 146 506 193 543; x_wconf 88' lang='lat' dir='ltr'>R.</span> <span class='ocrx_word' id='word_1_28' title='bbox 220 506 270 542; x_wconf 91' lang='lat' dir='ltr'>D.</span> <span class='ocrx_word' id='word_1_29' title='bbox 296 503 528 554; x_wconf 88' lang='lat' dir='ltr'>episcopus</span> <span class='ocrx_word' id='word_1_30' title='bbox 551 503 900 541; x_wconf 86' lang='lat' dir='ltr'>claramontanus</span> <span class='ocrx_word' id='word_1_31' title='bbox 924 506 966 539; x_wconf 91' lang='lat' dir='ltr'>et</span> <span class='ocrx_word' id='word_1_32' title='bbox 989 500 1104 538; x_wconf 88' lang='lat' dir='ltr'>aliud</span> <span class='ocrx_word' id='word_1_33' title='bbox 1133 499 1367 550; x_wconf 81' lang='lat' dir='ltr'>collegium</span> <span class='ocrx_word' id='word_1_34' title='bbox 1390 497 1503 549; x_wconf 87' lang='lat' dir='ltr'>apud</span> <span class='ocrx_word' id='word_1_35' title='bbox 1525 503 1690 535; x_wconf 88' lang='lat' dir='ltr'>monta-</span> 
     </span>
     <span class='ocr_line' id='line_1_5' title="bbox 67 570 1690 615; baseline -0.006 0"><span class='ocrx_word' id='word_1_36' title='bbox 67 590 147 615; x_wconf 89' lang='lat' dir='ltr'>nos</span> <span class='ocrx_word' id='word_1_37' title='bbox 170 589 272 615; x_wconf 91' lang='lat' dir='ltr'>suos</span> <span class='ocrx_word' id='word_1_38' title='bbox 293 576 305 595; x_wconf 79' lang='lat'>³</span> <span class='ocrx_word' id='word_1_39' title='bbox 329 575 469 613; x_wconf 86' lang='lat' dir='ltr'>erexit</span> <span class='ocrx_word' id='word_1_40' title='bbox 493 574 716 611; x_wconf 81' lang='lat' dir='ltr'>sexcentis</span> <span class='ocrx_word' id='word_1_41' title='bbox 734 573 851 611; x_wconf 87' lang='lat' dir='ltr'>libris</span> <span class='ocrx_word' id='word_1_42' title='bbox 874 572 1024 610; x_wconf 81' lang='lat' dir='ltr'>annuis</span> <span class='ocrx_word' id='word_1_43' title='bbox 1046 571 1259 609; x_wconf 85' lang='lat' dir='ltr'>dotatum.</span> <span class='ocrx_word' id='word_1_44' title='bbox 1285 572 1449 609; x_wconf 77' lang='lat' dir='ltr'>Prorex</span> <span class='ocrx_word' id='word_1_45' title='bbox 1468 570 1597 608; x_wconf 89' lang='lat' dir='ltr'>etiam</span> <span class='ocrx_word' id='word_1_46' title='bbox 1621 570 1690 607; x_wconf 78' lang='lat' dir='ltr'>Al-</span> 
     </span>
     <span class='ocr_line' id='line_1_6' title="bbox 67 643 1689 693; baseline -0.006 -6"><span class='ocrx_word' id='word_1_47' title='bbox 67 649 255 687; x_wconf 88' lang='lat' dir='ltr'>mericae</span> <span class='ocrx_word' id='word_1_48' title='bbox 292 647 543 686; x_wconf 79' lang='lat' dir='ltr'>Gallicanae</span> <span class='ocrx_word' id='word_1_49' title='bbox 565 651 592 691; x_wconf 72' lang='lat'>4,</span> <span class='ocrx_word' id='word_1_50' title='bbox 618 652 664 683; x_wconf 90' lang='lat' dir='ltr'>ut</span> <span class='ocrx_word' id='word_1_51' title='bbox 694 646 829 690; x_wconf 80' lang='lat' dir='ltr'>aiunt,</span> <span class='ocrx_word' id='word_1_52' title='bbox 866 658 953 683; x_wconf 86' lang='lat' dir='ltr'>non</span> <span class='ocrx_word' id='word_1_53' title='bbox 989 649 1133 682; x_wconf 81' lang='lat' dir='ltr'>cessat</span> <span class='ocrx_word' id='word_1_54' title='bbox 1169 643 1426 693; x_wconf 83' lang='lat' dir='ltr'>efflagitare,</span> <span class='ocrx_word' id='word_1_55' title='bbox 1463 654 1689 691; x_wconf 77' lang='lat' dir='ltr'>quousque</span> 
     </span>
     <span class='ocr_line' id='line_1_7' title="bbox 69 713 1691 768; baseline -0.006 -9"><span class='ocrx_word' id='word_1_56' title='bbox 69 721 149 759; x_wconf 84' lang='lat' dir='ltr'>sibi</span> <span class='ocrx_word' id='word_1_57' title='bbox 167 725 349 758; x_wconf 88' lang='lat' dir='ltr'>conatus</span> <span class='ocrx_word' id='word_1_58' title='bbox 371 718 579 768; x_wconf 83' lang='lat' dir='ltr'>adiungat</span> <span class='ocrx_word' id='word_1_59' title='bbox 609 718 845 755; x_wconf 81' lang='lat' dir='ltr'>Societatis</span> <span class='ocrx_word' id='word_1_60' title='bbox 868 721 912 754; x_wconf 91' lang='lat' dir='ltr'>et</span> <span class='ocrx_word' id='word_1_61' title='bbox 934 716 1154 766; x_wconf 82' lang='lat' dir='ltr'>suppetias</span> <span class='ocrx_word' id='word_1_62' title='bbox 1190 720 1347 753; x_wconf 80' lang='lat' dir='ltr'>exoret</span> <span class='ocrx_word' id='word_1_63' title='bbox 1377 714 1431 752; x_wconf 86' lang='lat' dir='ltr'>ad</span> <span class='ocrx_word' id='word_1_64' title='bbox 1460 713 1691 764; x_wconf 80' lang='lat' dir='ltr'>profligan-</span> 
     </span>
     <span class='ocr_line' id='line_1_8' title="bbox 69 786 1692 834; baseline -0.006 -3"><span class='ocrx_word' id='word_1_65' title='bbox 69 794 165 831; x_wconf 86' lang='lat' dir='ltr'>dam</span> <span class='ocrx_word' id='word_1_66' title='bbox 188 793 419 830; x_wconf 84' lang='lat' dir='ltr'>immanem</span> <span class='ocrx_word' id='word_1_67' title='bbox 441 789 555 827; x_wconf 89' lang='lat' dir='ltr'>illam</span> <span class='ocrx_word' id='word_1_68' title='bbox 576 788 846 826; x_wconf 83' lang='lat' dir='ltr'>infidelitatis</span> <span class='ocrx_word' id='word_1_69' title='bbox 868 787 1112 825; x_wconf 89' lang='lat' dir='ltr'>barbariem</span> <span class='ocrx_word' id='word_1_70' title='bbox 1141 799 1244 824; x_wconf 88' lang='lat' dir='ltr'>suae</span> <span class='ocrx_word' id='word_1_71' title='bbox 1267 786 1448 831; x_wconf 85' lang='lat' dir='ltr'>insulae,</span> <span class='ocrx_word' id='word_1_72' title='bbox 1474 790 1519 822; x_wconf 89' lang='lat' dir='ltr'>ut</span> <span class='ocrx_word' id='word_1_73' title='bbox 1540 796 1692 834; x_wconf 81' lang='lat' dir='ltr'>propa-</span> 
     </span>
     <span class='ocr_line' id='line_1_9' title="bbox 70 856 1693 916; baseline -0.006 -14"><span class='ocrx_word' id='word_1_74' title='bbox 70 870 198 916; x_wconf 89' lang='lat' dir='ltr'>getur</span> <span class='ocrx_word' id='word_1_75' title='bbox 220 864 261 900; x_wconf 88' lang='lat' dir='ltr'>in</span> <span class='ocrx_word' id='word_1_76' title='bbox 280 875 332 900; x_wconf 88' lang='lat' dir='ltr'>ea</span> <span class='ocrx_word' id='word_1_77' title='bbox 348 873 508 899; x_wconf 89' lang='lat' dir='ltr'>nomen</span> <span class='ocrx_word' id='word_1_78' title='bbox 529 860 706 897; x_wconf 72' lang='lat' dir='ltr'>Christi.</span> <span class='ocrx_word' id='word_1_79' title='bbox 733 859 814 896; x_wconf 90' lang='lat' dir='ltr'>Hic</span> <span class='ocrx_word' id='word_1_80' title='bbox 838 864 903 896; x_wconf 91' lang='lat' dir='ltr'>est</span> <span class='ocrx_word' id='word_1_81' title='bbox 927 871 1062 909; x_wconf 82' lang='lat' dir='ltr'>eques</span> <span class='ocrx_word' id='word_1_82' title='bbox 1084 857 1280 904; x_wconf 83' lang='lat' dir='ltr'>rhodius,</span> <span class='ocrx_word' id='word_1_83' title='bbox 1305 858 1368 895; x_wconf 88' lang='lat' dir='ltr'>uir</span> <span class='ocrx_word' id='word_1_84' title='bbox 1391 868 1495 894; x_wconf 89' lang='lat' dir='ltr'>sane</span> <span class='ocrx_word' id='word_1_85' title='bbox 1524 856 1618 905; x_wconf 85' lang='lat' dir='ltr'>pius</span> <span class='ocrx_word' id='word_1_86' title='bbox 1650 859 1693 892; x_wconf 88' lang='lat' dir='ltr'>et</span> 
     </span>
     <span class='ocr_line' id='line_1_10' title="bbox 69 927 1691 983; baseline -0.007 -9"><span class='ocrx_word' id='word_1_87' title='bbox 69 936 226 974; x_wconf 85' lang='lat' dir='ltr'>nobilis</span> <span class='ocrx_word' id='word_1_88' title='bbox 247 932 560 983; x_wconf 82' lang='lat' dir='ltr'>(communicat</span> <span class='ocrx_word' id='word_1_89' title='bbox 577 931 691 969; x_wconf 88' lang='lat' dir='ltr'>enim</span> <span class='ocrx_word' id='word_1_90' title='bbox 722 930 901 981; x_wconf 88' lang='lat' dir='ltr'>singulis</span> <span class='ocrx_word' id='word_1_91' title='bbox 922 929 1169 980; x_wconf 84' lang='lat' dir='ltr'>quindecim</span> <span class='ocrx_word' id='word_1_92' title='bbox 1192 929 1362 975; x_wconf 80' lang='lat' dir='ltr'>diebus,</span> <span class='ocrx_word' id='word_1_93' title='bbox 1387 933 1432 964; x_wconf 87' lang='lat' dir='ltr'>ut</span> <span class='ocrx_word' id='word_1_94' title='bbox 1454 927 1691 972; x_wconf 89' lang='lat' dir='ltr'>minimum,</span> 
     </span>
     <span class='ocr_line' id='line_1_11' title="bbox 70 1000 1692 1059; baseline -0.007 -14"><span class='ocrx_word' id='word_1_95' title='bbox 70 1006 183 1059; x_wconf 83' lang='lat' dir='ltr'>apud</span> <span class='ocrx_word' id='word_1_96' title='bbox 208 1007 256 1044; x_wconf 74' lang='lat' dir='ltr'>L).</span> <span class='ocrx_word' id='word_1_97' title='bbox 284 1006 553 1043; x_wconf 85' lang='lat' dir='ltr'>Germanum</span> <span class='ocrx_word' id='word_1_98' title='bbox 576 1015 673 1040; x_wconf 86' lang='lat' dir='ltr'>cum</span> <span class='ocrx_word' id='word_1_99' title='bbox 691 1002 818 1051; x_wconf 84' lang='lat' dir='ltr'>alijs),</span> <span class='ocrx_word' id='word_1_100' title='bbox 842 1003 913 1051; x_wconf 86' lang='lat' dir='ltr'>qui</span> <span class='ocrx_word' id='word_1_101' title='bbox 934 1013 1011 1051; x_wconf 88' lang='lat' dir='ltr'>pro</span> <span class='ocrx_word' id='word_1_102' title='bbox 1030 1000 1116 1038; x_wconf 89' lang='lat' dir='ltr'>fide</span> <span class='ocrx_word' id='word_1_103' title='bbox 1134 1000 1310 1047; x_wconf 82' lang='lat' dir='ltr'>Christi,</span> <span class='ocrx_word' id='word_1_104' title='bbox 1335 1003 1380 1036; x_wconf 91' lang='lat' dir='ltr'>ut</span> <span class='ocrx_word' id='word_1_105' title='bbox 1402 1011 1587 1048; x_wconf 86' lang='lat' dir='ltr'>aequum</span> <span class='ocrx_word' id='word_1_106' title='bbox 1612 1002 1692 1043; x_wconf 91' lang='lat' dir='ltr'>est,</span> 
     </span>
     <span class='ocr_line' id='line_1_12' title="bbox 71 1067 1695 1129; baseline -0.007 -11"><span class='ocrx_word' id='word_1_107' title='bbox 71 1080 206 1118; x_wconf 87' lang='lat' dir='ltr'>uellet</span> <span class='ocrx_word' id='word_1_108' title='bbox 228 1077 404 1129; x_wconf 84' lang='lat' dir='ltr'>quidem</span> <span class='ocrx_word' id='word_1_109' title='bbox 432 1087 645 1126; x_wconf 86' lang='lat' dir='ltr'>pugnare,</span> <span class='ocrx_word' id='word_1_110' title='bbox 670 1085 720 1111; x_wconf 90' lang='lat' dir='ltr'>ac</span> <span class='ocrx_word' id='word_1_111' title='bbox 741 1073 1044 1123; x_wconf 87' lang='lat' dir='ltr'>temporalium</span> <span class='ocrx_word' id='word_1_112' title='bbox 1074 1084 1219 1109; x_wconf 90' lang='lat' dir='ltr'>rerum</span> <span class='ocrx_word' id='word_1_113' title='bbox 1251 1084 1397 1109; x_wconf 85' lang='lat' dir='ltr'>curam</span> <span class='ocrx_word' id='word_1_114' title='bbox 1419 1081 1594 1121; x_wconf 77' lang='lat' dir='ltr'>gerere3</span> <span class='ocrx_word' id='word_1_115' title='bbox 1617 1067 1695 1106; x_wconf 87' lang='lat' dir='ltr'>sed</span> 
     </span>
     <span class='ocr_line' id='line_1_13' title="bbox 71 1143 1160 1194; baseline -0.008 -5"><span class='ocrx_word' id='word_1_116' title='bbox 71 1150 309 1189; x_wconf 89' lang='lat' dir='ltr'>animarum</span> <span class='ocrx_word' id='word_1_117' title='bbox 333 1148 520 1186; x_wconf 82' lang='lat' dir='ltr'>salutem</span> <span class='ocrx_word' id='word_1_118' title='bbox 542 1153 561 1170; x_wconf 71' lang='lat' dir='ltr'>a</span> <span class='ocrx_word' id='word_1_119' title='bbox 584 1150 760 1183; x_wconf 90' lang='lat' dir='ltr'>nostros</span> <span class='ocrx_word' id='word_1_120' title='bbox 783 1149 987 1194; x_wconf 80' lang='lat' dir='ltr'>satagere</span> <span class='ocrx_word' id='word_1_121' title='bbox 1010 1143 1160 1181; x_wconf 85' lang='lat' dir='ltr'>uellet.</span> 
     </span>
    </p>

    <p class='ocr_par' dir='ltr' id='par_1_3' title="bbox 53 1211 1707 2691">
     <span class='ocr_line' id='line_1_14' title="bbox 124 1211 1695 1269; baseline -0.006 -10"><span class='ocrx_word' id='word_1_122' title='bbox 124 1231 161 1268; x_wconf 89' lang='lat'>3.</span> <span class='ocrx_word' id='word_1_123' title='bbox 224 1221 376 1258; x_wconf 87' lang='lat' dir='ltr'>Restat</span> <span class='ocrx_word' id='word_1_124' title='bbox 397 1218 544 1269; x_wconf 89' lang='lat' dir='ltr'>igitur,</span> <span class='ocrx_word' id='word_1_125' title='bbox 568 1218 615 1255; x_wconf 92' lang='lat' dir='ltr'>R.</span> <span class='ocrx_word' id='word_1_126' title='bbox 642 1217 706 1263; x_wconf 84' lang='lat' dir='ltr'>P.‚</span> <span class='ocrx_word' id='word_1_127' title='bbox 730 1220 960 1266; x_wconf 85' lang='lat' dir='ltr'>postquam</span> <span class='ocrx_word' id='word_1_128' title='bbox 991 1215 1100 1253; x_wconf 86' lang='lat' dir='ltr'>haec</span> <span class='ocrx_word' id='word_1_129' title='bbox 1132 1215 1276 1253; x_wconf 86' lang='lat' dir='ltr'>onmia</span> <span class='ocrx_word' id='word_1_130' title='bbox 1306 1215 1353 1251; x_wconf 90' lang='lat' dir='ltr'>R.</span> <span class='ocrx_word' id='word_1_131' title='bbox 1379 1214 1424 1250; x_wconf 79' lang='lat' dir='ltr'>P.</span> <span class='ocrx_word' id='word_1_132' title='bbox 1450 1213 1499 1250; x_wconf 91' lang='lat' dir='ltr'>T.</span> <span class='ocrx_word' id='word_1_133' title='bbox 1534 1225 1584 1250; x_wconf 88' lang='lat' dir='ltr'>ac</span> <span class='ocrx_word' id='word_1_134' title='bbox 1605 1211 1695 1249; x_wconf 91' lang='lat' dir='ltr'>uni-</span> 
     </span>
     <span class='ocr_line' id='line_1_15' title="bbox 72 1283 1694 1338; baseline -0.007 -8"><span class='ocrx_word' id='word_1_135' title='bbox 72 1304 228 1330; x_wconf 85' lang='lat' dir='ltr'>uersae</span> <span class='ocrx_word' id='word_1_136' title='bbox 251 1289 465 1329; x_wconf 83' lang='lat' dir='ltr'>Societati</span> <span class='ocrx_word' id='word_1_137' title='bbox 485 1288 710 1338; x_wconf 87' lang='lat' dir='ltr'>posuimus</span> <span class='ocrx_word' id='word_1_138' title='bbox 743 1287 798 1325; x_wconf 91' lang='lat' dir='ltr'>ob</span> <span class='ocrx_word' id='word_1_139' title='bbox 830 1287 998 1332; x_wconf 89' lang='lat' dir='ltr'>oculos,</span> <span class='ocrx_word' id='word_1_140' title='bbox 1032 1290 1077 1323; x_wconf 89' lang='lat' dir='ltr'>ut</span> <span class='ocrx_word' id='word_1_141' title='bbox 1108 1286 1183 1324; x_wconf 91' lang='lat' dir='ltr'>abs</span> <span class='ocrx_word' id='word_1_142' title='bbox 1213 1290 1258 1322; x_wconf 89' lang='lat' dir='ltr'>te</span> <span class='ocrx_word' id='word_1_143' title='bbox 1291 1296 1465 1323; x_wconf 90' lang='lat' dir='ltr'>omnem</span> <span class='ocrx_word' id='word_1_144' title='bbox 1496 1283 1694 1334; x_wconf 81' lang='lat' dir='ltr'>gratiam,</span> 
     </span>
     <span class='ocr_line' id='line_1_16' title="bbox 74 1355 1696 1412; baseline -0.007 -10"><span class='ocrx_word' id='word_1_145' title='bbox 74 1375 247 1402; x_wconf 91' lang='lat' dir='ltr'>omnem</span> <span class='ocrx_word' id='word_1_146' title='bbox 271 1374 400 1412; x_wconf 89' lang='lat' dir='ltr'>opem</span> <span class='ocrx_word' id='word_1_147' title='bbox 424 1365 469 1398; x_wconf 86' lang='lat' dir='ltr'>et</span> <span class='ocrx_word' id='word_1_148' title='bbox 498 1359 706 1397; x_wconf 77' lang='lat' dir='ltr'>auxilium</span> <span class='ocrx_word' id='word_1_149' title='bbox 738 1370 987 1396; x_wconf 82' lang='lat' dir='ltr'>exoremus.</span> <span class='ocrx_word' id='word_1_150' title='bbox 1020 1359 1066 1395; x_wconf 92' lang='lat' dir='ltr'>In</span> <span class='ocrx_word' id='word_1_151' title='bbox 1095 1363 1169 1395; x_wconf 85' lang='lat' dir='ltr'>tua</span> <span class='ocrx_word' id='word_1_152' title='bbox 1200 1355 1327 1394; x_wconf 86' lang='lat' dir='ltr'>situm</span> <span class='ocrx_word' id='word_1_153' title='bbox 1360 1362 1427 1393; x_wconf 85' lang='lat' dir='ltr'>est</span> <span class='ocrx_word' id='word_1_154' title='bbox 1456 1358 1696 1406; x_wconf 77' lang='lat' dir='ltr'>potestate3</span> 
     </span>
     <span class='ocr_line' id='line_1_17' title="bbox 74 1425 1698 1484; baseline -0.006 -12"><span class='ocrx_word' id='word_1_155' title='bbox 74 1441 175 1472; x_wconf 89' lang='lat' dir='ltr'>tuae</span> <span class='ocrx_word' id='word_1_156' title='bbox 196 1432 426 1484; x_wconf 87' lang='lat' dir='ltr'>probitatis</span> <span class='ocrx_word' id='word_1_157' title='bbox 450 1436 518 1469; x_wconf 91' lang='lat' dir='ltr'>est</span> <span class='ocrx_word' id='word_1_158' title='bbox 539 1435 584 1469; x_wconf 89' lang='lat' dir='ltr'>et</span> <span class='ocrx_word' id='word_1_159' title='bbox 606 1428 845 1480; x_wconf 87' lang='lat' dir='ltr'>sapientiae</span> <span class='ocrx_word' id='word_1_160' title='bbox 879 1429 1066 1479; x_wconf 90' lang='lat' dir='ltr'>optimos</span> <span class='ocrx_word' id='word_1_161' title='bbox 1086 1428 1304 1479; x_wconf 85' lang='lat' dir='ltr'>principes</span> <span class='ocrx_word' id='word_1_162' title='bbox 1337 1432 1381 1465; x_wconf 91' lang='lat' dir='ltr'>et</span> <span class='ocrx_word' id='word_1_163' title='bbox 1402 1427 1514 1464; x_wconf 90' lang='lat' dir='ltr'>bene</span> <span class='ocrx_word' id='word_1_164' title='bbox 1538 1425 1592 1464; x_wconf 90' lang='lat' dir='ltr'>de</span> <span class='ocrx_word' id='word_1_165' title='bbox 1622 1437 1698 1463; x_wconf 88' lang='lat' dir='ltr'>no-</span> 
     </span>
     <span class='ocr_line' id='line_1_18' title="bbox 73 1496 1698 1550; baseline -0.006 -6"><span class='ocrx_word' id='word_1_166' title='bbox 73 1506 139 1544; x_wconf 86' lang='lat' dir='ltr'>bis</span> <span class='ocrx_word' id='word_1_167' title='bbox 160 1505 356 1550; x_wconf 83' lang='lat' dir='ltr'>meritos,</span> <span class='ocrx_word' id='word_1_168' title='bbox 380 1502 544 1541; x_wconf 88' lang='lat' dir='ltr'>amicos</span> <span class='ocrx_word' id='word_1_169' title='bbox 568 1506 611 1539; x_wconf 90' lang='lat' dir='ltr'>et</span> <span class='ocrx_word' id='word_1_170' title='bbox 631 1501 828 1539; x_wconf 80' lang='lat' dir='ltr'>fautores</span> <span class='ocrx_word' id='word_1_171' title='bbox 850 1501 976 1538; x_wconf 91' lang='lat' dir='ltr'>nobis</span> <span class='ocrx_word' id='word_1_172' title='bbox 998 1512 1278 1545; x_wconf 86' lang='lat' dir='ltr'>conseruare,</span> <span class='ocrx_word' id='word_1_173' title='bbox 1303 1498 1541 1536; x_wconf 89' lang='lat' dir='ltr'>Societatis</span> <span class='ocrx_word' id='word_1_174' title='bbox 1562 1496 1698 1548; x_wconf 90' lang='lat' dir='ltr'>digni-</span> 
     </span>
     <span class='ocr_line' id='line_1_19' title="bbox 75 1569 1698 1624; baseline -0.005 -9"><span class='ocrx_word' id='word_1_175' title='bbox 75 1582 211 1616; x_wconf 90' lang='lat' dir='ltr'>tatem</span> <span class='ocrx_word' id='word_1_176' title='bbox 232 1574 361 1622; x_wconf 89' lang='lat' dir='ltr'>tueri,</span> <span class='ocrx_word' id='word_1_177' title='bbox 395 1579 439 1612; x_wconf 86' lang='lat' dir='ltr'>et</span> <span class='ocrx_word' id='word_1_178' title='bbox 468 1572 733 1624; x_wconf 86' lang='lat' dir='ltr'>periclitanti</span> <span class='ocrx_word' id='word_1_179' title='bbox 763 1572 864 1610; x_wconf 92' lang='lat' dir='ltr'>huic</span> <span class='ocrx_word' id='word_1_180' title='bbox 895 1584 1031 1622; x_wconf 89' lang='lat' dir='ltr'>regno</span> <span class='ocrx_word' id='word_1_181' title='bbox 1066 1571 1283 1622; x_wconf 85' lang='lat' dir='ltr'>opitulari;</span> <span class='ocrx_word' id='word_1_182' title='bbox 1315 1570 1369 1608; x_wconf 90' lang='lat' dir='ltr'>de</span> <span class='ocrx_word' id='word_1_183' title='bbox 1402 1570 1524 1608; x_wconf 90' lang='lat' dir='ltr'>cuius</span> <span class='ocrx_word' id='word_1_184' title='bbox 1559 1569 1698 1607; x_wconf 88' lang='lat' dir='ltr'>salute</span> 
     </span>
     <span class='ocr_line' id='line_1_20' title="bbox 75 1639 1700 1699; baseline -0.006 -12"><span class='ocrx_word' id='word_1_185' title='bbox 75 1646 396 1699; x_wconf 86' lang='lat' dir='ltr'>desperandum</span> <span class='ocrx_word' id='word_1_186' title='bbox 420 1650 500 1692; x_wconf 85' lang='lat' dir='ltr'>est,</span> <span class='ocrx_word' id='word_1_187' title='bbox 525 1645 606 1682; x_wconf 87' lang='lat' dir='ltr'>nisi</span> <span class='ocrx_word' id='word_1_188' title='bbox 638 1644 724 1682; x_wconf 90' lang='lat' dir='ltr'>cito</span> <span class='ocrx_word' id='word_1_189' title='bbox 757 1648 1048 1681; x_wconf 86' lang='lat' dir='ltr'>succurratur.</span> <span class='ocrx_word' id='word_1_190' title='bbox 1084 1642 1215 1691; x_wconf 79' lang='lat' dir='ltr'>Quod</span> <span class='ocrx_word' id='word_1_191' title='bbox 1236 1655 1338 1680; x_wconf 85' lang='lat' dir='ltr'>sane</span> <span class='ocrx_word' id='word_1_192' title='bbox 1371 1640 1564 1679; x_wconf 87' lang='lat' dir='ltr'>nonnulli</span> <span class='ocrx_word' id='word_1_193' title='bbox 1586 1639 1700 1678; x_wconf 88' lang='lat' dir='ltr'>haud</span> 
     </span>
     <span class='ocr_line' id='line_1_21' title="bbox 76 1713 1698 1765; baseline -0.005 -7"><span class='ocrx_word' id='word_1_194' title='bbox 76 1719 274 1758; x_wconf 85' lang='lat' dir='ltr'>modicae</span> <span class='ocrx_word' id='word_1_195' title='bbox 310 1714 589 1755; x_wconf 83' lang='lat' dir='ltr'>authoritatis</span> <span class='ocrx_word' id='word_1_196' title='bbox 623 1715 823 1753; x_wconf 86' lang='lat' dir='ltr'>homines</span> <span class='ocrx_word' id='word_1_197' title='bbox 858 1715 979 1765; x_wconf 88' lang='lat' dir='ltr'>quasi</span> <span class='ocrx_word' id='word_1_198' title='bbox 1014 1714 1205 1751; x_wconf 73' lang='lat' dir='ltr'>futurum</span> <span class='ocrx_word' id='word_1_199' title='bbox 1247 1713 1482 1752; x_wconf 84' lang='lat' dir='ltr'>Societatis</span> <span class='ocrx_word' id='word_1_200' title='bbox 1521 1717 1698 1750; x_wconf 88' lang='lat' dir='ltr'>nostrae</span> 
     </span>
     <span class='ocr_line' id='line_1_22' title="bbox 53 1784 1698 1842; baseline -0.005 -13"><span class='ocrx_word' id='word_1_201' title='bbox 53 1792 212 1842; x_wconf 83' lang='lat' dir='ltr'>&#39;opera</span> <span class='ocrx_word' id='word_1_202' title='bbox 231 1789 528 1840; x_wconf 87' lang='lat' dir='ltr'>praesagiunt,</span> <span class='ocrx_word' id='word_1_203' title='bbox 548 1787 603 1825; x_wconf 90' lang='lat' dir='ltr'>de</span> <span class='ocrx_word' id='word_1_204' title='bbox 625 1786 838 1837; x_wconf 89' lang='lat' dir='ltr'>religione</span> <span class='ocrx_word' id='word_1_205' title='bbox 861 1786 979 1823; x_wconf 89' lang='lat' dir='ltr'>beati</span> <span class='ocrx_word' id='word_1_206' title='bbox 1001 1786 1215 1823; x_wconf 87' lang='lat' dir='ltr'>Dominici</span> <span class='ocrx_word' id='word_1_207' title='bbox 1234 1785 1459 1835; x_wconf 88' lang='lat' dir='ltr'>proposito</span> <span class='ocrx_word' id='word_1_208' title='bbox 1479 1784 1698 1833; x_wconf 84' lang='lat' dir='ltr'>exemplo.</span> 
     </span>
     <span class='ocr_line' id='line_1_23' title="bbox 79 1844 1702 1907; baseline -0.006 -7"><span class='ocrx_word' id='word_1_209' title='bbox 79 1862 191 1900; x_wconf 92' lang='lat' dir='ltr'>Olim</span> <span class='ocrx_word' id='word_1_210' title='bbox 214 1861 384 1900; x_wconf 86' lang='lat' dir='ltr'>scilicet</span> <span class='ocrx_word' id='word_1_211' title='bbox 413 1844 575 1896; x_wconf 77' lang='lat' dir='ltr'>factum</span> <span class='ocrx_word' id='word_1_212' title='bbox 608 1870 705 1895; x_wconf 90' lang='lat' dir='ltr'>esse</span> <span class='ocrx_word' id='word_1_213' title='bbox 729 1855 829 1894; x_wconf 88' lang='lat' dir='ltr'>dum</span> <span class='ocrx_word' id='word_1_214' title='bbox 865 1860 1137 1907; x_wconf 87' lang='lat' dir='ltr'>grassaretur</span> <span class='ocrx_word' id='word_1_215' title='bbox 1169 1855 1356 1894; x_wconf 85' lang='lat' dir='ltr'>exitiosa</span> <span class='ocrx_word' id='word_1_216' title='bbox 1385 1855 1572 1906; x_wconf 87' lang='lat' dir='ltr'>quedam</span> <span class='ocrx_word' id='word_1_217' title='bbox 1603 1855 1702 1892; x_wconf 86' lang='lat' dir='ltr'>hae-</span> 
     </span>
     <span class='ocr_line' id='line_1_24' title="bbox 78 1926 1703 1978; baseline -0.006 -6"><span class='ocrx_word' id='word_1_218' title='bbox 78 1934 186 1972; x_wconf 88' lang='lat' dir='ltr'>resis</span> <span class='ocrx_word' id='word_1_219' title='bbox 207 1933 319 1971; x_wconf 92' lang='lat' dir='ltr'>inter</span> <span class='ocrx_word' id='word_1_220' title='bbox 355 1930 630 1976; x_wconf 89' lang='lat' dir='ltr'>christianos,</span> <span class='ocrx_word' id='word_1_221' title='bbox 668 1934 715 1966; x_wconf 92' lang='lat' dir='ltr'>ut</span> <span class='ocrx_word' id='word_1_222' title='bbox 748 1926 895 1965; x_wconf 91' lang='lat' dir='ltr'>diuino</span> <span class='ocrx_word' id='word_1_223' title='bbox 927 1927 1116 1978; x_wconf 87' lang='lat' dir='ltr'>quodam</span> <span class='ocrx_word' id='word_1_224' title='bbox 1147 1927 1329 1965; x_wconf 90' lang='lat' dir='ltr'>consilio</span> <span class='ocrx_word' id='word_1_225' title='bbox 1367 1932 1411 1964; x_wconf 91' lang='lat' dir='ltr'>et</span> <span class='ocrx_word' id='word_1_226' title='bbox 1441 1926 1648 1964; x_wconf 85' lang='lat' dir='ltr'>benefitio</span> <span class='ocrx_word' id='word_1_227' title='bbox 1679 1938 1703 1963; x_wconf 88' lang='lat' dir='ltr'>a</span> 
     </span>
     <span class='ocr_line' id='line_1_25' title="bbox 76 1997 1703 2052; baseline -0.005 -9"><span class='ocrx_word' id='word_1_228' title='bbox 76 2009 288 2043; x_wconf 87' lang='lat' dir='ltr'>nascente</span> <span class='ocrx_word' id='word_1_229' title='bbox 308 2003 380 2041; x_wconf 94' lang='lat' dir='ltr'>illa</span> <span class='ocrx_word' id='word_1_230' title='bbox 401 2001 616 2052; x_wconf 87' lang='lat' dir='ltr'>religione</span> <span class='ocrx_word' id='word_1_231' title='bbox 637 1999 867 2050; x_wconf 84' lang='lat' dir='ltr'>profligata</span> <span class='ocrx_word' id='word_1_232' title='bbox 892 1999 1065 2037; x_wconf 88' lang='lat' dir='ltr'>omnino</span> <span class='ocrx_word' id='word_1_233' title='bbox 1090 2004 1133 2036; x_wconf 89' lang='lat' dir='ltr'>et</span> <span class='ocrx_word' id='word_1_234' title='bbox 1162 1999 1309 2037; x_wconf 87' lang='lat' dir='ltr'>deleta</span> <span class='ocrx_word' id='word_1_235' title='bbox 1330 1998 1476 2045; x_wconf 86' lang='lat' dir='ltr'>fuerit,</span> <span class='ocrx_word' id='word_1_236' title='bbox 1509 2002 1639 2048; x_wconf 90' lang='lat' dir='ltr'>atque</span> <span class='ocrx_word' id='word_1_237' title='bbox 1662 1997 1703 2035; x_wconf 92' lang='lat' dir='ltr'>in</span> 
     </span>
     <span class='ocr_line' id='line_1_26' title="bbox 80 2067 1701 2126; baseline -0.005 -12"><span class='ocrx_word' id='word_1_238' title='bbox 80 2075 354 2126; x_wconf 90' lang='lat' dir='ltr'>tranquillum</span> <span class='ocrx_word' id='word_1_239' title='bbox 377 2078 536 2111; x_wconf 90' lang='lat' dir='ltr'>statum</span> <span class='ocrx_word' id='word_1_240' title='bbox 560 2085 682 2110; x_wconf 86' lang='lat' dir='ltr'>suum</span> <span class='ocrx_word' id='word_1_241' title='bbox 713 2070 917 2109; x_wconf 87' lang='lat' dir='ltr'>restituta</span> <span class='ocrx_word' id='word_1_242' title='bbox 938 2071 1150 2108; x_wconf 88' lang='lat' dir='ltr'>Ecclesia.</span> <span class='ocrx_word' id='word_1_243' title='bbox 1177 2071 1261 2120; x_wconf 76' lang='lat' dir='ltr'>Qui</span> <span class='ocrx_word' id='word_1_244' title='bbox 1293 2070 1375 2108; x_wconf 90' lang='lat' dir='ltr'>scit</span> <span class='ocrx_word' id='word_1_245' title='bbox 1402 2069 1610 2120; x_wconf 87' lang='lat' dir='ltr'>(pergens</span> <span class='ocrx_word' id='word_1_246' title='bbox 1632 2067 1701 2105; x_wconf 85' lang='lat' dir='ltr'>ille</span> 
     </span>
     <span class='ocr_line' id='line_1_27' title="bbox 79 2138 1704 2198; baseline -0.006 -12"><span class='ocrx_word' id='word_1_247' title='bbox 79 2146 233 2198; x_wconf 90' lang='lat' dir='ltr'>inquit)</span> <span class='ocrx_word' id='word_1_248' title='bbox 253 2158 354 2183; x_wconf 91' lang='lat' dir='ltr'>num</span> <span class='ocrx_word' id='word_1_249' title='bbox 375 2145 563 2183; x_wconf 87' lang='lat' dir='ltr'>fortasse</span> <span class='ocrx_word' id='word_1_250' title='bbox 588 2148 631 2180; x_wconf 91' lang='lat' dir='ltr'>et</span> <span class='ocrx_word' id='word_1_251' title='bbox 659 2142 811 2180; x_wconf 92' lang='lat' dir='ltr'>horum</span> <span class='ocrx_word' id='word_1_252' title='bbox 843 2147 1093 2180; x_wconf 91' lang='lat' dir='ltr'>nostrorum</span> <span class='ocrx_word' id='word_1_253' title='bbox 1123 2147 1369 2192; x_wconf 90' lang='lat' dir='ltr'>temporum</span> <span class='ocrx_word' id='word_1_254' title='bbox 1400 2141 1578 2179; x_wconf 84' lang='lat' dir='ltr'>miserta</span> <span class='ocrx_word' id='word_1_255' title='bbox 1599 2138 1704 2177; x_wconf 90' lang='lat' dir='ltr'>diui-</span> 
     </span>
     <span class='ocr_line' id='line_1_28' title="bbox 80 2210 1704 2262; baseline -0.006 -5"><span class='ocrx_word' id='word_1_256' title='bbox 80 2231 134 2257; x_wconf 90' lang='lat' dir='ltr'>na</span> <span class='ocrx_word' id='word_1_257' title='bbox 155 2216 388 2256; x_wconf 85' lang='lat' dir='ltr'>clementia</span> <span class='ocrx_word' id='word_1_258' title='bbox 408 2214 450 2252; x_wconf 91' lang='lat' dir='ltr'>in</span> <span class='ocrx_word' id='word_1_259' title='bbox 471 2215 627 2252; x_wconf 90' lang='lat' dir='ltr'>horum</span> <span class='ocrx_word' id='word_1_260' title='bbox 649 2213 846 2252; x_wconf 86' lang='lat' dir='ltr'>manibus</span> <span class='ocrx_word' id='word_1_261' title='bbox 868 2211 1072 2250; x_wconf 84' lang='lat' dir='ltr'>auxilium</span> <span class='ocrx_word' id='word_1_262' title='bbox 1093 2213 1220 2250; x_wconf 90' lang='lat' dir='ltr'>nobis</span> <span class='ocrx_word' id='word_1_263' title='bbox 1252 2210 1492 2255; x_wconf 85' lang='lat' dir='ltr'>collocarit,</span> <span class='ocrx_word' id='word_1_264' title='bbox 1513 2223 1623 2262; x_wconf 90' lang='lat' dir='ltr'>quos</span> <span class='ocrx_word' id='word_1_265' title='bbox 1645 2216 1704 2248; x_wconf 89' lang='lat' dir='ltr'>ta-</span> 
     </span>
     <span class='ocr_line' id='line_1_29' title="bbox 81 2282 1707 2335; baseline -0.005 -8"><span class='ocrx_word' id='word_1_266' title='bbox 81 2302 180 2327; x_wconf 92' lang='lat' dir='ltr'>men</span> <span class='ocrx_word' id='word_1_267' title='bbox 200 2289 260 2326; x_wconf 89' lang='lat' dir='ltr'>ita</span> <span class='ocrx_word' id='word_1_268' title='bbox 289 2287 449 2325; x_wconf 90' lang='lat' dir='ltr'>misere</span> <span class='ocrx_word' id='word_1_269' title='bbox 479 2299 559 2323; x_wconf 92' lang='lat' dir='ltr'>nos</span> <span class='ocrx_word' id='word_1_270' title='bbox 590 2283 868 2335; x_wconf 89' lang='lat' dir='ltr'>repudiamus</span> <span class='ocrx_word' id='word_1_271' title='bbox 901 2289 944 2321; x_wconf 87' lang='lat' dir='ltr'>et</span> <span class='ocrx_word' id='word_1_272' title='bbox 977 2283 1261 2335; x_wconf 81' lang='lat' dir='ltr'>negligimus?</span> <span class='ocrx_word' id='word_1_273' title='bbox 1292 2283 1329 2321; x_wconf 88' lang='lat' dir='ltr'>O</span> <span class='ocrx_word' id='word_1_274' title='bbox 1364 2283 1526 2321; x_wconf 89' lang='lat' dir='ltr'>utinam</span> <span class='ocrx_word' id='word_1_275' title='bbox 1562 2282 1707 2320; x_wconf 91' lang='lat' dir='ltr'>diuina</span> 
     </span>
     <span class='ocr_line' id='line_1_30' title="bbox 83 2354 1705 2410; baseline -0.005 -12"><span class='ocrx_word' id='word_1_276' title='bbox 83 2360 316 2410; x_wconf 87' lang='lat' dir='ltr'>elargiatur</span> <span class='ocrx_word' id='word_1_277' title='bbox 339 2357 526 2403; x_wconf 82' lang='lat' dir='ltr'>bonitas,</span> <span class='ocrx_word' id='word_1_278' title='bbox 551 2362 597 2394; x_wconf 91' lang='lat' dir='ltr'>ut</span> <span class='ocrx_word' id='word_1_279' title='bbox 618 2367 729 2406; x_wconf 86' lang='lat' dir='ltr'>quae</span> <span class='ocrx_word' id='word_1_280' title='bbox 752 2356 960 2404; x_wconf 90' lang='lat' dir='ltr'>qualesue</span> <span class='ocrx_word' id='word_1_281' title='bbox 981 2355 1065 2392; x_wconf 90' lang='lat' dir='ltr'>sint</span> <span class='ocrx_word' id='word_1_282' title='bbox 1086 2355 1324 2393; x_wconf 87' lang='lat' dir='ltr'>Societatis</span> <span class='ocrx_word' id='word_1_283' title='bbox 1345 2360 1523 2392; x_wconf 91' lang='lat' dir='ltr'>nostrae</span> <span class='ocrx_word' id='word_1_284' title='bbox 1542 2354 1705 2404; x_wconf 87' lang='lat' dir='ltr'>cogita-</span> 
     </span>
     <span class='ocr_line' id='line_1_31' title="bbox 83 2424 1705 2478; baseline -0.005 -7"><span class='ocrx_word' id='word_1_285' title='bbox 83 2432 241 2478; x_wconf 87' lang='lat' dir='ltr'>tiones,</span> <span class='ocrx_word' id='word_1_286' title='bbox 265 2428 499 2476; x_wconf 87' lang='lat' dir='ltr'>desideria,</span> <span class='ocrx_word' id='word_1_287' title='bbox 523 2426 666 2466; x_wconf 89' lang='lat' dir='ltr'>studia</span> <span class='ocrx_word' id='word_1_288' title='bbox 697 2432 740 2465; x_wconf 86' lang='lat' dir='ltr'>et</span> <span class='ocrx_word' id='word_1_289' title='bbox 762 2432 946 2465; x_wconf 89' lang='lat' dir='ltr'>conatus</span> <span class='ocrx_word' id='word_1_290' title='bbox 977 2439 1074 2465; x_wconf 88' lang='lat' dir='ltr'>curn</span> <span class='ocrx_word' id='word_1_291' title='bbox 1105 2439 1272 2465; x_wconf 87' lang='lat' dir='ltr'>summa</span> <span class='ocrx_word' id='word_1_292' title='bbox 1299 2427 1381 2464; x_wconf 88' lang='lat' dir='ltr'>Dei</span> <span class='ocrx_word' id='word_1_293' title='bbox 1410 2424 1550 2477; x_wconf 89' lang='lat' dir='ltr'>gloria</span> <span class='ocrx_word' id='word_1_294' title='bbox 1572 2425 1705 2463; x_wconf 91' lang='lat' dir='ltr'>omni-</span> 
     </span>
     <span class='ocr_line' id='line_1_32' title="bbox 82 2495 1707 2547; baseline -0.004 -6"><span class='ocrx_word' id='word_1_295' title='bbox 82 2505 162 2541; x_wconf 86' lang='lat' dir='ltr'>bus</span> <span class='ocrx_word' id='word_1_296' title='bbox 182 2502 444 2540; x_wconf 87' lang='lat' dir='ltr'>innotescat.</span> <span class='ocrx_word' id='word_1_297' title='bbox 468 2500 642 2536; x_wconf 88' lang='lat' dir='ltr'>Fratres</span> <span class='ocrx_word' id='word_1_298' title='bbox 665 2510 816 2536; x_wconf 87' lang='lat' dir='ltr'>omnes</span> <span class='ocrx_word' id='word_1_299' title='bbox 834 2498 916 2535; x_wconf 90' lang='lat' dir='ltr'>iam</span> <span class='ocrx_word' id='word_1_300' title='bbox 939 2502 1139 2535; x_wconf 86' lang='lat' dir='ltr'>aestuant</span> <span class='ocrx_word' id='word_1_301' title='bbox 1156 2497 1376 2535; x_wconf 88' lang='lat' dir='ltr'>desiderio</span> <span class='ocrx_word' id='word_1_302' title='bbox 1399 2495 1645 2547; x_wconf 92' lang='lat' dir='ltr'>prodeundi</span> <span class='ocrx_word' id='word_1_303' title='bbox 1663 2501 1707 2533; x_wconf 87' lang='lat' dir='ltr'>et</span> 
     </span>
     <span class='ocr_line' id='line_1_33' title="bbox 82 2567 1707 2625; baseline -0.005 -13"><span class='ocrx_word' id='word_1_304' title='bbox 82 2586 216 2625; x_wconf 92' lang='lat' dir='ltr'>parua</span> <span class='ocrx_word' id='word_1_305' title='bbox 237 2573 368 2611; x_wconf 88' lang='lat' dir='ltr'>etiam</span> <span class='ocrx_word' id='word_1_306' title='bbox 390 2583 511 2609; x_wconf 89' lang='lat' dir='ltr'>mora</span> <span class='ocrx_word' id='word_1_307' title='bbox 533 2569 773 2618; x_wconf 80' lang='lat' dir='ltr'>excruciarj</span> <span class='ocrx_word' id='word_1_308' title='bbox 807 2567 1024 2607; x_wconf 88' lang='lat' dir='ltr'>uidentur.</span> <span class='ocrx_word' id='word_1_309' title='bbox 1050 2568 1225 2607; x_wconf 87' lang='lat' dir='ltr'>Vellent</span> <span class='ocrx_word' id='word_1_310' title='bbox 1257 2569 1370 2606; x_wconf 87' lang='lat' dir='ltr'>enim</span> <span class='ocrx_word' id='word_1_311' title='bbox 1399 2568 1575 2619; x_wconf 88' lang='lat' dir='ltr'>dignum</span> <span class='ocrx_word' id='word_1_312' title='bbox 1606 2567 1707 2618; x_wconf 82' lang='lat' dir='ltr'>quid</span> 
     </span>
     <span class='ocr_line' id='line_1_34' title="bbox 85 2639 1707 2691; baseline -0.006 -7"><span class='ocrx_word' id='word_1_313' title='bbox 85 2659 139 2685; x_wconf 86' lang='lat' dir='ltr'>ex</span> <span class='ocrx_word' id='word_1_314' title='bbox 159 2650 248 2683; x_wconf 91' lang='lat' dir='ltr'>tam</span> <span class='ocrx_word' id='word_1_315' title='bbox 269 2643 402 2681; x_wconf 91' lang='lat' dir='ltr'>nobili</span> <span class='ocrx_word' id='word_1_316' title='bbox 426 2647 469 2680; x_wconf 87' lang='lat' dir='ltr'>et</span> <span class='ocrx_word' id='word_1_317' title='bbox 490 2647 577 2679; x_wconf 87' lang='lat' dir='ltr'>tam</span> <span class='ocrx_word' id='word_1_318' title='bbox 599 2641 752 2689; x_wconf 89' lang='lat' dir='ltr'>uast[a]</span> <span class='ocrx_word' id='word_1_319' title='bbox 777 2640 797 2665; x_wconf 77' lang='lat' dir='ltr'>b</span> <span class='ocrx_word' id='word_1_320' title='bbox 824 2641 1050 2690; x_wconf 88' lang='lat' dir='ltr'>prouincia</span> <span class='ocrx_word' id='word_1_321' title='bbox 1072 2641 1119 2679; x_wconf 89' lang='lat' dir='ltr'>R.</span> <span class='ocrx_word' id='word_1_322' title='bbox 1145 2642 1191 2678; x_wconf 84' lang='lat' dir='ltr'>P.</span> <span class='ocrx_word' id='word_1_323' title='bbox 1217 2641 1264 2678; x_wconf 92' lang='lat' dir='ltr'>T.</span> <span class='ocrx_word' id='word_1_324' title='bbox 1291 2639 1502 2691; x_wconf 86' lang='lat' dir='ltr'>pendere,</span> <span class='ocrx_word' id='word_1_325' title='bbox 1537 2639 1707 2677; x_wconf 76' lang='lat' dir='ltr'>omissis</span> 
     </span>
    </p>
   </div>
   <div class='ocr_carea' id='block_1_3' title="bbox 132 2764 965 2806">
    <p class='ocr_par' dir='ltr' id='par_1_4' title="bbox 132 2764 965 2806">
     <span class='ocr_line' id='line_1_35' title="bbox 132 2764 965 2806; baseline -0.008 1"><span class='ocrx_word' id='word_1_326' title='bbox 132 2770 151 2790; x_wconf 83' lang='lat' dir='ltr'>a</span> <span class='ocrx_word' id='word_1_327' title='bbox 200 2770 248 2806; x_wconf 85' lang='lat' dir='ltr'>de</span> <span class='ocrx_word' id='word_1_328' title='bbox 268 2788 311 2793; x_wconf 94' lang='lat'><strong>—</strong></span> <span class='ocrx_word' id='word_1_329' title='bbox 330 2766 548 2803; x_wconf 56' lang='lat' dir='ltr'>salute—1³</span> <span class='ocrx_word' id='word_1_330' title='bbox 583 2765 779 2801; x_wconf 67' lang='lat' dir='ltr'>Abscissa</span> <span class='ocrx_word' id='word_1_331' title='bbox 799 2764 965 2800; x_wconf 75' lang='lat' dir='ltr'>charta.</span> 
     </span>
    </p>
   </div>
   <div class='ocr_carea' id='block_1_4' title="bbox 134 2888 1708 3113">
    <p class='ocr_par' dir='ltr' id='par_1_5' title="bbox 136 2888 723 2939">
     <span class='ocr_line' id='line_1_36' title="bbox 136 2888 723 2939; baseline -0.015 -6"><span class='ocrx_word' id='word_1_332' title='bbox 136 2899 144 2918; x_wconf 91' lang='lat'>¹</span> <span class='ocrx_word' id='word_1_333' title='bbox 198 2895 305 2932; x_wconf 88' lang='lat' dir='ltr'>Vide</span> <span class='ocrx_word' id='word_1_334' title='bbox 326 2905 461 2939; x_wconf 77' lang='lat' dir='ltr'>supra,</span> <span class='ocrx_word' id='word_1_335' title='bbox 482 2903 517 2936; x_wconf 91' lang='lat' dir='ltr'>p.</span> <span class='ocrx_word' id='word_1_336' title='bbox 540 2888 621 2933; x_wconf 80' lang='lat'>366,</span> <span class='ocrx_word' id='word_1_337' title='bbox 643 2888 723 2925; x_wconf 71' lang='lat'>374.</span> 
     </span>
    </p>

    <p class='ocr_par' dir='ltr' id='par_1_6' title="bbox 134 2952 463 2999">
     <span class='ocr_line' id='line_1_37' title="bbox 134 2952 463 2999; baseline -0.006 -9"><span class='ocrx_word' id='word_1_338' title='bbox 134 2957 147 2976; x_wconf 82' lang='lat'>&#39;¹</span> <span class='ocrx_word' id='word_1_339' title='bbox 197 2954 305 2990; x_wconf 86' lang='lat' dir='ltr'>Vide</span> <span class='ocrx_word' id='word_1_340' title='bbox 326 2967 362 2999; x_wconf 88' lang='lat' dir='ltr'>p.</span> <span class='ocrx_word' id='word_1_341' title='bbox 382 2952 463 2988; x_wconf 77' lang='lat'><strong>577.</strong></span> 
     </span>
    </p>

    <p class='ocr_par' dir='ltr' id='par_1_7' title="bbox 134 3006 1636 3056">
     <span class='ocr_line' id='line_1_38' title="bbox 134 3006 1636 3056; baseline -0.005 -6"><span class='ocrx_word' id='word_1_342' title='bbox 134 3017 146 3036; x_wconf 78' lang='lat'>³</span> <span class='ocrx_word' id='word_1_343' title='bbox 202 3013 373 3050; x_wconf 80' lang='lat' dir='ltr'>Videtur</span> <span class='ocrx_word' id='word_1_344' title='bbox 393 3012 576 3049; x_wconf 86' lang='lat' dir='ltr'>alludere</span> <span class='ocrx_word' id='word_1_345' title='bbox 597 3011 646 3047; x_wconf 89' lang='lat' dir='ltr'>ad</span> <span class='ocrx_word' id='word_1_346' title='bbox 661 3009 880 3056; x_wconf 87' lang='lat' dir='ltr'>collegium</span> <span class='ocrx_word' id='word_1_347' title='bbox 901 3008 1194 3046; x_wconf 81' lang='lat' dir='ltr'>mauriacense.</span> <span class='ocrx_word' id='word_1_348' title='bbox 1218 3008 1323 3046; x_wconf 89' lang='lat' dir='ltr'>Vide</span> <span class='ocrx_word' id='word_1_349' title='bbox 1342 3020 1477 3054; x_wconf 81' lang='lat' dir='ltr'>supra,</span> <span class='ocrx_word' id='word_1_350' title='bbox 1499 3020 1534 3054; x_wconf 90' lang='lat' dir='ltr'>p.</span> <span class='ocrx_word' id='word_1_351' title='bbox 1555 3006 1636 3042; x_wconf 83' lang='lat'><strong>673.</strong></span> 
     </span>
    </p>

    <p class='ocr_par' dir='ltr' id='par_1_8' title="bbox 135 3064 1708 3113">
     <span class='ocr_line' id='line_1_39' title="bbox 135 3064 1708 3113; baseline -0.006 -4"><span class='ocrx_word' id='word_1_352' title='bbox 135 3077 149 3094; x_wconf 75' lang='lat'><strong>⁴</strong></span> <span class='ocrx_word' id='word_1_353' title='bbox 200 3072 235 3110; x_wconf 88' lang='lat' dir='ltr'>O</span> <span class='ocrx_word' id='word_1_354' title='bbox 256 3072 339 3108; x_wconf 90' lang='lat' dir='ltr'>viso</span> <span class='ocrx_word' id='word_1_355' title='bbox 383 3071 441 3108; x_wconf 87' lang='lat' dir='ltr'>rei</span> <span class='ocrx_word' id='word_1_356' title='bbox 461 3071 509 3108; x_wconf 86' lang='lat' dir='ltr'>de</span> <span class='ocrx_word' id='word_1_357' title='bbox 527 3069 730 3107; x_wconf 82' lang='lat' dir='ltr'>Aluernia</span> <span class='ocrx_word' id='word_1_358' title='bbox 745 3069 791 3105; x_wconf 88' lang='lat' dir='ltr'>de</span> <span class='ocrx_word' id='word_1_359' title='bbox 809 3067 967 3113; x_wconf 72' lang='lat' dir='ltr'>Franca</span> <span class='ocrx_word' id='word_1_360' title='bbox 987 3068 1031 3112; x_wconf 81' lang='lat' dir='ltr'>(l)</span> <span class='ocrx_word' id='word_1_361' title='bbox 1053 3078 1159 3105; x_wconf 78' lang='lat' dir='ltr'>vers.</span> <span class='ocrx_word' id='word_1_362' title='bbox 1182 3069 1298 3105; x_wconf 85' lang='lat' dir='ltr'>lusit.</span> <span class='ocrx_word' id='word_1_363' title='bbox 1316 3066 1424 3104; x_wconf 87' lang='lat' dir='ltr'>Vide</span> <span class='ocrx_word' id='word_1_364' title='bbox 1450 3080 1487 3113; x_wconf 83' lang='lat' dir='ltr'>p.</span> <span class='ocrx_word' id='word_1_365' title='bbox 1515 3065 1584 3102; x_wconf 71' lang='lat'>547</span> <span class='ocrx_word' id='word_1_366' title='bbox 1599 3085 1611 3091; x_wconf 90' lang='lat'>-</span> <span class='ocrx_word' id='word_1_367' title='bbox 1627 3064 1708 3101; x_wconf 69' lang='lat'>548,</span> 
     </span>
    </p>
   </div>
  </div>
 </body>
</html>
