<?xml version="1.0" encoding="UTF-8"?>
<!DOCTYPE html PUBLIC "-//W3C//DTD XHTML 1.0 Transitional//EN"
    "http://www.w3.org/TR/xhtml1/DTD/xhtml1-transitional.dtd">
<html xmlns="http://www.w3.org/1999/xhtml" xml:lang="en" lang="en">
 <head>
  <title>
</title>
<meta http-equiv="Content-Type" content="text/html;charset=utf-8" />
  <meta name='ocr-system' content='tesseract 3.04.00' />
  <meta name='ocr-capabilities' content='ocr_page ocr_carea ocr_par ocr_line ocrx_word'/>
</head>
<body>
  <div class='ocr_page' id='page_1' title='image "./litteraequadrime18lain_0512.png"; bbox 0 0 2038 3400; ppageno 0'>
   <div class='ocr_carea' id='block_1_1' title="bbox 339 279 1408 331">
    <p class='ocr_par' dir='ltr' id='par_1_1' title="bbox 339 279 1408 331">
     <span class='ocr_line' id='line_1_1' title="bbox 339 279 1408 331; baseline 0.007 -14"><span class='ocrx_word' id='word_1_1' title='bbox 339 279 409 317; x_wconf 81' lang='grc'>494</span> <span class='ocrx_word' id='word_1_2' title='bbox 807 284 1023 322; x_wconf 74' lang='lat' dir='ltr'><strong>LlTTERAE</strong></span> <span class='ocrx_word' id='word_1_3' title='bbox 1054 286 1408 331; x_wconf 73' lang='lat' dir='ltr'>QUADmMESTRES</span> 
     </span>
    </p>
   </div>
   <div class='ocr_carea' id='block_1_2' title="bbox 373 384 1927 572">
    <p class='ocr_par' dir='ltr' id='par_1_2' title="bbox 373 384 1927 572">
     <span class='ocr_line' id='line_1_2' title="bbox 374 384 1925 432; baseline 0.008 -12"><span class='ocrx_word' id='word_1_4' title='bbox 374 384 839 425; x_wconf 67' lang='lat' dir='ltr'>adhortafiones.-9.</span> <span class='ocrx_word' id='word_1_5' title='bbox 880 388 1044 428; x_wconf 76' lang='lat' dir='ltr'>Recens</span> <span class='ocrx_word' id='word_1_6' title='bbox 1079 388 1272 427; x_wconf 73' lang='lat' dir='ltr'>admissi</span> <span class='ocrx_word' id='word_1_7' title='bbox 1304 389 1353 428; x_wconf 81' lang='lat' dir='ltr'>in</span> <span class='ocrx_word' id='word_1_8' title='bbox 1389 389 1796 432; x_wconf 66' lang='lat' dir='ltr'>Societatem—10.</span> <span class='ocrx_word' id='word_1_9' title='bbox 1840 393 1925 432; x_wconf 90' lang='lat' dir='ltr'>Do-</span> 
     </span>
     <span class='ocr_line' id='line_1_3' title="bbox 373 450 1927 505; baseline 0.006 -18"><span class='ocrx_word' id='word_1_10' title='bbox 373 450 559 490; x_wconf 71' lang='lat' dir='ltr'>mestica</span> <span class='ocrx_word' id='word_1_11' title='bbox 581 451 825 502; x_wconf 69' lang='lat' dir='ltr'><em>disciplina</em></span> <span class='ocrx_word' id='word_1_12' title='bbox 848 453 1102 505; x_wconf 74' lang='lat' dir='ltr'>vigel.—-ll.</span> <span class='ocrx_word' id='word_1_13' title='bbox 1129 454 1402 494; x_wconf 70' lang='lat' dir='ltr'><em>Studiorum</em></span> <span class='ocrx_word' id='word_1_14' title='bbox 1428 457 1662 496; x_wconf 78' lang='lat' dir='ltr'>sollemnis</span> <span class='ocrx_word' id='word_1_15' title='bbox 1693 457 1927 497; x_wconf 77' lang='lat' dir='ltr'>instaura-</span> 
     </span>
     <span class='ocr_line' id='line_1_4' title="bbox 376 516 1425 572; baseline 0.006 -18"><span class='ocrx_word' id='word_1_16' title='bbox 376 516 452 556; x_wconf 77' lang='lat' dir='ltr'>tio.</span> <span class='ocrx_word' id='word_1_17' title='bbox 481 517 713 570; x_wconf 70' lang='lat' dir='ltr'>Dialogus</span> <span class='ocrx_word' id='word_1_18' title='bbox 734 519 1161 572; x_wconf 73' lang='lat' dir='ltr'>nobilz&#39;freqnetztz&#39;a</span> <span class='ocrx_word' id='word_1_19' title='bbox 1183 521 1425 560; x_wconf 76' lang='lat' dir='ltr'>exhibitus.</span> 
     </span>
    </p>
   </div>
   <div class='ocr_carea' id='block_1_3' title="bbox 283 628 1973 2897">
    <p class='ocr_par' dir='ltr' id='par_1_3' title="bbox 283 628 1973 2897">
     <span class='ocr_line' id='line_1_5' title="bbox 349 628 1925 682; baseline 0.004 -18"><span class='ocrx_word' id='word_1_20' title='bbox 349 637 382 664; x_wconf 92' lang='grc' dir='ltr'>Ι.</span> <span class='ocrx_word' id='word_1_21' title='bbox 443 629 471 677; x_wconf 58' lang='grc' dir='ltr'>’ξ-</span> <span class='ocrx_word' id='word_1_22' title='bbox 501 628 654 666; x_wconf 78' lang='lat' dir='ltr'>Gratia</span> <span class='ocrx_word' id='word_1_23' title='bbox 677 633 721 666; x_wconf 88' lang='lat' dir='ltr'>et</span> <span class='ocrx_word' id='word_1_24' title='bbox 743 629 832 666; x_wconf 85' lang='lat' dir='ltr'>Pax</span> <span class='ocrx_word' id='word_1_25' title='bbox 855 630 952 667; x_wconf 84' lang='lat' dir='ltr'>Dni.</span> <span class='ocrx_word' id='word_1_26' title='bbox 982 630 1121 667; x_wconf 85' lang='lat' dir='ltr'>nostri</span> <span class='ocrx_word' id='word_1_27' title='bbox 1138 631 1242 680; x_wconf 87' lang='lat' dir='ltr'>Jesu</span> <span class='ocrx_word' id='word_1_28' title='bbox 1264 630 1426 669; x_wconf 84' lang='lat' dir='ltr'>Christi</span> <span class='ocrx_word' id='word_1_29' title='bbox 1448 631 1502 668; x_wconf 89' lang='lat' dir='ltr'>sit</span> <span class='ocrx_word' id='word_1_30' title='bbox 1524 644 1696 682; x_wconf 78' lang='lat' dir='ltr'><strong>semper</strong></span> <span class='ocrx_word' id='word_1_31' title='bbox 1718 645 1815 670; x_wconf 92' lang='lat' dir='ltr'>cum</span> <span class='ocrx_word' id='word_1_32' title='bbox 1839 646 1925 671; x_wconf 93' lang='lat' dir='ltr'>om-</span> 
     </span>
     <span class='ocr_line' id='line_1_6' title="bbox 290 697 1926 755; baseline 0.005 -21"><span class='ocrx_word' id='word_1_33' title='bbox 290 697 416 735; x_wconf 89' lang='lat' dir='ltr'>nibus</span> <span class='ocrx_word' id='word_1_34' title='bbox 437 698 578 736; x_wconf 84' lang='lat' dir='ltr'>nobis.</span> <span class='ocrx_word' id='word_1_35' title='bbox 604 700 759 737; x_wconf 84' lang='lat' dir='ltr'>Arnen.</span> <span class='ocrx_word' id='word_1_36' title='bbox 796 698 877 750; x_wconf 82' lang='lat' dir='ltr'>[Ex</span> <span class='ocrx_word' id='word_1_37' title='bbox 906 699 1116 738; x_wconf 61' lang='lat' dir='ltr'>instituto</span> <span class='ocrx_word' id='word_1_38' title='bbox 1147 699 1337 740; x_wconf 76' lang='lat' dir='ltr'>libenter</span> <span class='ocrx_word' id='word_1_39' title='bbox 1368 702 1489 741; x_wconf 73' lang='lat' dir='ltr'>laeta</span> <span class='ocrx_word' id='word_1_40' title='bbox 1519 702 1718 755; x_wconf 53' lang='lat' dir='ltr'>scribet]</span> <span class='ocrx_word' id='word_1_41' title='bbox 1750 704 1815 742; x_wconf 85' lang='lat' dir='ltr'>Ac</span> <span class='ocrx_word' id='word_1_42' title='bbox 1844 704 1926 754; x_wconf 90' lang='lat' dir='ltr'>pri-</span> 
     </span>
     <span class='ocr_line' id='line_1_7' title="bbox 291 769 1973 820; baseline 0.004 -14"><span class='ocrx_word' id='word_1_43' title='bbox 291 782 406 807; x_wconf 93' lang='lat' dir='ltr'>mum</span> <span class='ocrx_word' id='word_1_44' title='bbox 441 769 633 820; x_wconf 85' lang='lat' dir='ltr'>quidem,</span> <span class='ocrx_word' id='word_1_45' title='bbox 667 777 714 808; x_wconf 90' lang='lat' dir='ltr'>ut</span> <span class='ocrx_word' id='word_1_46' title='bbox 744 784 768 808; x_wconf 89' lang='lat' dir='ltr'>a</span> <span class='ocrx_word' id='word_1_47' title='bbox 798 772 936 809; x_wconf 78' lang='lat' dir='ltr'>uerbo</span> <span class='ocrx_word' id='word_1_48' title='bbox 972 772 1051 820; x_wconf 90' lang='lat' dir='ltr'>Dej</span> <span class='ocrx_word' id='word_1_49' title='bbox 1091 785 1310 810; x_wconf 83' lang='lat' dir='ltr'>sumamus</span> <span class='ocrx_word' id='word_1_50' title='bbox 1347 773 1593 820; x_wconf 78' lang='lat' dir='ltr'>exordium,</span> <span class='ocrx_word' id='word_1_51' title='bbox 1632 773 1746 812; x_wconf 90' lang='lat' dir='ltr'>unde</span> <span class='ocrx_word' id='word_1_52' title='bbox 1785 775 1928 812; x_wconf 89' lang='lat' dir='ltr'>omnia</span> <span class='ocrx_word' id='word_1_53' title='bbox 1971 798 1973 800; x_wconf 39' lang='lat' dir='ltr'>v</span> 
     </span>
     <span class='ocr_line' id='line_1_8' title="bbox 291 840 1924 893; baseline 0.004 -15"><span class='ocrx_word' id='word_1_54' title='bbox 291 840 384 878; x_wconf 89' lang='lat' dir='ltr'>fere</span> <span class='ocrx_word' id='word_1_55' title='bbox 406 842 521 879; x_wconf 88' lang='lat' dir='ltr'>bona</span> <span class='ocrx_word' id='word_1_56' title='bbox 542 842 896 892; x_wconf 85' lang='lat' dir='ltr'>proficjscuntur,</span> <span class='ocrx_word' id='word_1_57' title='bbox 921 844 1032 881; x_wconf 90' lang='lat' dir='ltr'>scias</span> <span class='ocrx_word' id='word_1_58' title='bbox 1055 844 1202 889; x_wconf 85' lang='lat' dir='ltr'>uelim,</span> <span class='ocrx_word' id='word_1_59' title='bbox 1227 843 1462 882; x_wconf 80' lang='lat' dir='ltr'>admodum</span> <span class='ocrx_word' id='word_1_60' title='bbox 1496 845 1590 883; x_wconf 73' lang='lat' dir='ltr'>R.de</span> <span class='ocrx_word' id='word_1_61' title='bbox 1618 845 1660 883; x_wconf 88' lang='lat' dir='ltr'>in</span> <span class='ocrx_word' id='word_1_62' title='bbox 1682 846 1756 884; x_wconf 90' lang='lat' dir='ltr'>X.O</span> <span class='ocrx_word' id='word_1_63' title='bbox 1778 847 1924 893; x_wconf 87' lang='lat' dir='ltr'>Pater,</span> 
     </span>
     <span class='ocr_line' id='line_1_9' title="bbox 290 912 1927 966; baseline 0.004 -17"><span class='ocrx_word' id='word_1_64' title='bbox 290 917 356 949; x_wconf 85' lang='lat' dir='ltr'>tot</span> <span class='ocrx_word' id='word_1_65' title='bbox 388 912 577 964; x_wconf 85' lang='lat' dir='ltr'>undique</span> <span class='ocrx_word' id='word_1_66' title='bbox 610 914 681 952; x_wconf 92' lang='lat' dir='ltr'>uel</span> <span class='ocrx_word' id='word_1_67' title='bbox 704 927 759 952; x_wconf 85' lang='lat' dir='ltr'>ex</span> <span class='ocrx_word' id='word_1_68' title='bbox 782 915 1087 952; x_wconf 74' lang='lat' dir='ltr'>remotissimis</span> <span class='ocrx_word' id='word_1_69' title='bbox 1110 915 1228 953; x_wconf 88' lang='lat' dir='ltr'>urbis</span> <span class='ocrx_word' id='word_1_70' title='bbox 1245 915 1373 964; x_wconf 87' lang='lat' dir='ltr'>hujus</span> <span class='ocrx_word' id='word_1_71' title='bbox 1395 916 1589 966; x_wconf 85' lang='lat' dir='ltr'>partibus</span> <span class='ocrx_word' id='word_1_72' title='bbox 1613 916 1666 954; x_wconf 91' lang='lat' dir='ltr'>ad</span> <span class='ocrx_word' id='word_1_73' title='bbox 1689 917 1927 956; x_wconf 79' lang='lat' dir='ltr'>conciones</span> 
     </span>
     <span class='ocr_line' id='line_1_10' title="bbox 290 984 1928 1040; baseline 0.004 -19"><span class='ocrx_word' id='word_1_74' title='bbox 290 984 528 1022; x_wconf 85' lang='lat' dir='ltr'>audiendas</span> <span class='ocrx_word' id='word_1_75' title='bbox 551 986 791 1032; x_wconf 83' lang='lat' dir='ltr'>confluere,</span> <span class='ocrx_word' id='word_1_76' title='bbox 816 991 863 1023; x_wconf 88' lang='lat' dir='ltr'>ut</span> <span class='ocrx_word' id='word_1_77' title='bbox 886 986 1017 1024; x_wconf 86' lang='lat' dir='ltr'>etiam</span> <span class='ocrx_word' id='word_1_78' title='bbox 1040 986 1073 1023; x_wconf 87' lang='lat' dir='ltr'>si</span> <span class='ocrx_word' id='word_1_79' title='bbox 1096 987 1227 1037; x_wconf 91' lang='lat' dir='ltr'>longe</span> <span class='ocrx_word' id='word_1_80' title='bbox 1252 987 1398 1037; x_wconf 84' lang='lat' dir='ltr'>plures</span> <span class='ocrx_word' id='word_1_81' title='bbox 1421 988 1610 1026; x_wconf 89' lang='lat' dir='ltr'>ecclesia</span> <span class='ocrx_word' id='word_1_82' title='bbox 1631 994 1782 1027; x_wconf 89' lang='lat' dir='ltr'>nostra</span> <span class='ocrx_word' id='word_1_83' title='bbox 1804 1001 1928 1040; x_wconf 86' lang='lat' dir='ltr'>cape-</span> 
     </span>
     <span class='ocr_line' id='line_1_11' title="bbox 290 1057 1928 1109; baseline 0.003 -17"><span class='ocrx_word' id='word_1_84' title='bbox 290 1061 372 1102; x_wconf 89' lang='lat' dir='ltr'>ret,</span> <span class='ocrx_word' id='word_1_85' title='bbox 405 1069 492 1093; x_wconf 91' lang='lat' dir='ltr'>non</span> <span class='ocrx_word' id='word_1_86' title='bbox 524 1061 670 1095; x_wconf 88' lang='lat' dir='ltr'>tamen</span> <span class='ocrx_word' id='word_1_87' title='bbox 701 1069 859 1107; x_wconf 79' lang='lat' dir='ltr'>capere</span> <span class='ocrx_word' id='word_1_88' title='bbox 890 1063 1042 1107; x_wconf 89' lang='lat' dir='ltr'>posset</span> <span class='ocrx_word' id='word_1_89' title='bbox 1074 1071 1167 1104; x_wconf 85' lang='lat' dir='ltr'>eos,</span> <span class='ocrx_word' id='word_1_90' title='bbox 1200 1058 1273 1108; x_wconf 90' lang='lat' dir='ltr'>qui</span> <span class='ocrx_word' id='word_1_91' title='bbox 1303 1057 1457 1096; x_wconf 83' lang='lat' dir='ltr'>diebus</span> <span class='ocrx_word' id='word_1_92' title='bbox 1478 1059 1603 1097; x_wconf 76' lang='lat' dir='ltr'>festis</span> <span class='ocrx_word' id='word_1_93' title='bbox 1626 1071 1676 1097; x_wconf 88' lang='lat' dir='ltr'>ac</span> <span class='ocrx_word' id='word_1_94' title='bbox 1697 1059 1928 1109; x_wconf 90' lang='lat' dir='ltr'>dominjcis</span> 
     </span>
     <span class='ocr_line' id='line_1_12' title="bbox 291 1128 1927 1181; baseline 0.003 -17"><span class='ocrx_word' id='word_1_95' title='bbox 291 1140 344 1165; x_wconf 91' lang='lat' dir='ltr'>eo</span> <span class='ocrx_word' id='word_1_96' title='bbox 368 1140 416 1165; x_wconf 88' lang='lat' dir='ltr'>se</span> <span class='ocrx_word' id='word_1_97' title='bbox 435 1128 682 1167; x_wconf 87' lang='lat' dir='ltr'>conferunt.</span> <span class='ocrx_word' id='word_1_98' title='bbox 709 1129 856 1178; x_wconf 75' lang='lat' dir='ltr'>Quare</span> <span class='ocrx_word' id='word_1_99' title='bbox 878 1129 1049 1179; x_wconf 84' lang='lat' dir='ltr'>plurimi</span> <span class='ocrx_word' id='word_1_100' title='bbox 1080 1130 1164 1167; x_wconf 82' lang='lat' dir='ltr'>alio</span> <span class='ocrx_word' id='word_1_101' title='bbox 1196 1130 1257 1168; x_wconf 91' lang='lat' dir='ltr'>ire</span> <span class='ocrx_word' id='word_1_102' title='bbox 1281 1130 1618 1181; x_wconf 87' lang='lat' dir='ltr'>compelluntur,</span> <span class='ocrx_word' id='word_1_103' title='bbox 1644 1144 1740 1169; x_wconf 89' lang='lat' dir='ltr'>cum</span> <span class='ocrx_word' id='word_1_104' title='bbox 1764 1131 1927 1169; x_wconf 89' lang='lat' dir='ltr'>densis-</span> 
     </span>
     <span class='ocr_line' id='line_1_13' title="bbox 290 1198 1928 1255; baseline 0.002 -18"><span class='ocrx_word' id='word_1_105' title='bbox 290 1198 396 1237; x_wconf 84' lang='lat' dir='ltr'>sima</span> <span class='ocrx_word' id='word_1_106' title='bbox 426 1201 648 1238; x_wconf 90' lang='lat' dir='ltr'>hominum</span> <span class='ocrx_word' id='word_1_107' title='bbox 680 1201 807 1239; x_wconf 88' lang='lat' dir='ltr'>turba</span> <span class='ocrx_word' id='word_1_108' title='bbox 836 1207 1035 1239; x_wconf 86' lang='lat' dir='ltr'>nostrum</span> <span class='ocrx_word' id='word_1_109' title='bbox 1067 1202 1292 1252; x_wconf 81' lang='lat' dir='ltr'>templum,</span> <span class='ocrx_word' id='word_1_110' title='bbox 1317 1201 1418 1240; x_wconf 76' lang='lat' dir='ltr'>licet</span> <span class='ocrx_word' id='word_1_111' title='bbox 1440 1215 1531 1240; x_wconf 81' lang='lat' dir='ltr'>non</span> <span class='ocrx_word' id='word_1_112' title='bbox 1554 1201 1735 1252; x_wconf 67' lang='lat' dir='ltr'>penitus</span> <span class='ocrx_word' id='word_1_113' title='bbox 1758 1216 1928 1255; x_wconf 25' lang='lat' dir='ltr'>anguis-</span> 
     </span>
     <span class='ocr_line' id='line_1_14' title="bbox 289 1272 1927 1323; baseline 0.003 -15"><span class='ocrx_word' id='word_1_114' title='bbox 289 1272 400 1317; x_wconf 79' lang='lat' dir='ltr'>tum,</span> <span class='ocrx_word' id='word_1_115' title='bbox 440 1272 674 1322; x_wconf 88' lang='lat' dir='ltr'>compleat,</span> <span class='ocrx_word' id='word_1_116' title='bbox 705 1273 948 1323; x_wconf 88' lang='lat' dir='ltr'>ualuaeque</span> <span class='ocrx_word' id='word_1_117' title='bbox 978 1285 1029 1310; x_wconf 87' lang='lat' dir='ltr'>ac</span> <span class='ocrx_word' id='word_1_118' title='bbox 1050 1273 1182 1310; x_wconf 88' lang='lat' dir='ltr'>limen</span> <span class='ocrx_word' id='word_1_119' title='bbox 1204 1272 1338 1322; x_wconf 73' lang='lat' dir='ltr'>quasi</span> <span class='ocrx_word' id='word_1_120' title='bbox 1366 1273 1419 1310; x_wconf 89' lang='lat' dir='ltr'>ab</span> <span class='ocrx_word' id='word_1_121' title='bbox 1450 1274 1692 1312; x_wconf 88' lang='lat' dir='ltr'>astantibus</span> <span class='ocrx_word' id='word_1_122' title='bbox 1723 1274 1927 1313; x_wconf 89' lang='lat' dir='ltr'>auditori-</span> 
     </span>
     <span class='ocr_line' id='line_1_15' title="bbox 290 1342 1927 1395; baseline 0.002 -16"><span class='ocrx_word' id='word_1_123' title='bbox 290 1342 370 1379; x_wconf 83' lang='lat' dir='ltr'>bus</span> <span class='ocrx_word' id='word_1_124' title='bbox 393 1342 692 1390; x_wconf 73' lang='lat' dir='ltr'>obsideantur,</span> <span class='ocrx_word' id='word_1_125' title='bbox 718 1342 797 1393; x_wconf 77' lang='lat' dir='ltr'>qni</span> <span class='ocrx_word' id='word_1_126' title='bbox 815 1356 860 1382; x_wconf 79' lang='lat' dir='ltr'>se</span> <span class='ocrx_word' id='word_1_127' title='bbox 881 1342 929 1381; x_wconf 84' lang='lat' dir='ltr'>in</span> <span class='ocrx_word' id='word_1_128' title='bbox 950 1343 1220 1382; x_wconf 75' lang='lat' dir='ltr'>interiorem</span> <span class='ocrx_word' id='word_1_129' title='bbox 1241 1343 1581 1383; x_wconf 66' lang='lat' dir='ltr'>multitudinem</span> <span class='ocrx_word' id='word_1_130' title='bbox 1612 1343 1875 1395; x_wconf 55' lang='lat' dir='ltr'>intrzddere]</span> <span class='ocrx_word' id='word_1_131' title='bbox 1909 1353 1927 1370; x_wconf 62' lang='grc' dir='ltr'>ἃ</span> 
     </span>
     <span class='ocr_line' id='line_1_16' title="bbox 289 1415 1927 1466; baseline 0.004 -16"><span class='ocrx_word' id='word_1_132' title='bbox 289 1426 381 1451; x_wconf 81' lang='lat' dir='ltr'>non</span> <span class='ocrx_word' id='word_1_133' title='bbox 398 1416 663 1464; x_wconf 71' lang='lat' dir='ltr'>potuerunt.</span> <span class='ocrx_word' id='word_1_134' title='bbox 698 1415 863 1454; x_wconf 89' lang='lat' dir='ltr'>Omnes</span> <span class='ocrx_word' id='word_1_135' title='bbox 886 1415 1080 1464; x_wconf 89' lang='lat' dir='ltr'>diujnum</span> <span class='ocrx_word' id='word_1_136' title='bbox 1104 1416 1287 1454; x_wconf 84' lang='lat' dir='ltr'>uerbum</span> <span class='ocrx_word' id='word_1_137' title='bbox 1318 1417 1621 1455; x_wconf 80' lang='lat' dir='ltr'>attentissimis</span> <span class='ocrx_word' id='word_1_138' title='bbox 1648 1416 1927 1466; x_wconf 87' lang='lat' dir='ltr'>auidjssimis-</span> 
     </span>
     <span class='ocr_line' id='line_1_17' title="bbox 289 1486 1928 1540; baseline 0.004 -18"><span class='ocrx_word' id='word_1_139' title='bbox 289 1499 373 1535; x_wconf 84' lang='lat' dir='ltr'>que</span> <span class='ocrx_word' id='word_1_140' title='bbox 396 1486 571 1524; x_wconf 89' lang='lat' dir='ltr'>haurire</span> <span class='ocrx_word' id='word_1_141' title='bbox 594 1486 772 1524; x_wconf 76' lang='lat' dir='ltr'>auribus</span> <span class='ocrx_word' id='word_1_142' title='bbox 791 1487 1013 1536; x_wconf 87' lang='lat' dir='ltr'>ujdentur‚</span> <span class='ocrx_word' id='word_1_143' title='bbox 1036 1488 1287 1538; x_wconf 84' lang='lat' dir='ltr'>multosque</span> <span class='ocrx_word' id='word_1_144' title='bbox 1308 1486 1482 1526; x_wconf 86' lang='lat' dir='ltr'>interim</span> <span class='ocrx_word' id='word_1_145' title='bbox 1504 1488 1671 1536; x_wconf 75' lang='lat' dir='ltr'>uideas,</span> <span class='ocrx_word' id='word_1_146' title='bbox 1695 1489 1767 1540; x_wconf 88' lang='lat' dir='ltr'>qui</span> <span class='ocrx_word' id='word_1_147' title='bbox 1795 1490 1928 1539; x_wconf 71' lang='lat' dir='ltr'>pleno</span> 
     </span>
     <span class='ocr_line' id='line_1_18' title="bbox 286 1556 1928 1612; baseline 0.003 -18"><span class='ocrx_word' id='word_1_148' title='bbox 286 1556 483 1608; x_wconf 74' lang='lat' dir='ltr'>gurgite</span> <span class='ocrx_word' id='word_1_149' title='bbox 518 1558 764 1608; x_wconf 79' lang='lat' dir='ltr'>lachrymas</span> <span class='ocrx_word' id='word_1_150' title='bbox 805 1572 859 1596; x_wconf 84' lang='lat' dir='ltr'>ex</span> <span class='ocrx_word' id='word_1_151' title='bbox 902 1559 1039 1596; x_wconf 83' lang='lat' dir='ltr'>oculis</span> <span class='ocrx_word' id='word_1_152' title='bbox 1076 1564 1331 1598; x_wconf 81' lang='lat' dir='ltr'>emanantes</span> <span class='ocrx_word' id='word_1_153' title='bbox 1367 1560 1635 1598; x_wconf 89' lang='lat' dir='ltr'>creberrime</span> <span class='ocrx_word' id='word_1_154' title='bbox 1670 1561 1928 1612; x_wconf 84' lang='lat' dir='ltr'>abstergere</span> 
     </span>
     <span class='ocr_line' id='line_1_19' title="bbox 290 1629 1927 1680; baseline 0.003 -15"><span class='ocrx_word' id='word_1_155' title='bbox 290 1634 509 1679; x_wconf 78' lang='lat' dir='ltr'>cogantur</span> <span class='ocrx_word' id='word_1_156' title='bbox 538 1630 572 1668; x_wconf 78' lang='lat' dir='ltr'>b.</span> <span class='ocrx_word' id='word_1_157' title='bbox 598 1629 763 1668; x_wconf 87' lang='lat' dir='ltr'>Tantus</span> <span class='ocrx_word' id='word_1_158' title='bbox 785 1631 827 1668; x_wconf 92' lang='lat' dir='ltr'>in</span> <span class='ocrx_word' id='word_1_159' title='bbox 848 1631 1067 1668; x_wconf 78' lang='lat' dir='ltr'>nonnullis</span> <span class='ocrx_word' id='word_1_160' title='bbox 1089 1630 1154 1679; x_wconf 88' lang='lat' dir='ltr'>(ut</span> <span class='ocrx_word' id='word_1_161' title='bbox 1185 1629 1287 1668; x_wconf 92' lang='lat' dir='ltr'>mihi</span> <span class='ocrx_word' id='word_1_162' title='bbox 1318 1630 1365 1667; x_wconf 87' lang='lat' dir='ltr'>fit</span> <span class='ocrx_word' id='word_1_163' title='bbox 1396 1630 1651 1680; x_wconf 88' lang='lat' dir='ltr'>uerisimile)</span> <span class='ocrx_word' id='word_1_164' title='bbox 1683 1631 1811 1669; x_wconf 89' lang='lat' dir='ltr'>ardor</span> <span class='ocrx_word' id='word_1_165' title='bbox 1842 1633 1927 1670; x_wconf 90' lang='lat' dir='ltr'>ani-</span> 
     </span>
     <span class='ocr_line' id='line_1_20' title="bbox 289 1700 1927 1753; baseline 0.002 -16"><span class='ocrx_word' id='word_1_166' title='bbox 289 1700 344 1749; x_wconf 85' lang='lat' dir='ltr'>mj</span> <span class='ocrx_word' id='word_1_167' title='bbox 369 1705 499 1738; x_wconf 86' lang='lat' dir='ltr'>antea</span> <span class='ocrx_word' id='word_1_168' title='bbox 521 1701 733 1752; x_wconf 87' lang='lat' dir='ltr'>languens</span> <span class='ocrx_word' id='word_1_169' title='bbox 756 1706 800 1739; x_wconf 85' lang='lat' dir='ltr'>et</span> <span class='ocrx_word' id='word_1_170' title='bbox 832 1702 1089 1752; x_wconf 87' lang='lat' dir='ltr'>consopitus</span> <span class='ocrx_word' id='word_1_171' title='bbox 1121 1702 1352 1748; x_wconf 87' lang='lat' dir='ltr'>excitatur,</span> <span class='ocrx_word' id='word_1_172' title='bbox 1386 1701 1427 1739; x_wconf 90' lang='lat' dir='ltr'>in</span> <span class='ocrx_word' id='word_1_173' title='bbox 1459 1701 1555 1750; x_wconf 90' lang='lat' dir='ltr'>alijs</span> <span class='ocrx_word' id='word_1_174' title='bbox 1586 1702 1717 1740; x_wconf 90' lang='lat' dir='ltr'>etiam</span> <span class='ocrx_word' id='word_1_175' title='bbox 1749 1708 1927 1753; x_wconf 88' lang='lat' dir='ltr'>propter</span> 
     </span>
     <span class='ocr_line' id='line_1_21' title="bbox 288 1771 1927 1825; baseline 0.002 -16"><span class='ocrx_word' id='word_1_176' title='bbox 288 1771 476 1811; x_wconf 82' lang='lat' dir='ltr'>admissa</span> <span class='ocrx_word' id='word_1_177' title='bbox 499 1774 677 1811; x_wconf 82' lang='lat' dir='ltr'>crimina</span> <span class='ocrx_word' id='word_1_178' title='bbox 699 1773 838 1811; x_wconf 81' lang='lat' dir='ltr'>dolor.</span> <span class='ocrx_word' id='word_1_179' title='bbox 864 1774 959 1812; x_wconf 89' lang='lat' dir='ltr'>Nec</span> <span class='ocrx_word' id='word_1_180' title='bbox 981 1786 1088 1811; x_wconf 89' lang='lat' dir='ltr'>uero</span> <span class='ocrx_word' id='word_1_181' title='bbox 1103 1773 1189 1824; x_wconf 83' lang='lat' dir='ltr'>fas</span> <span class='ocrx_word' id='word_1_182' title='bbox 1209 1775 1272 1813; x_wconf 77' lang='lat' dir='ltr'>est</span> <span class='ocrx_word' id='word_1_183' title='bbox 1295 1780 1311 1798; x_wconf 89' lang='lat' dir='ltr'>e</span> <span class='ocrx_word' id='word_1_184' title='bbox 1341 1773 1570 1811; x_wconf 90' lang='lat' dir='ltr'>inuoluere</span> <span class='ocrx_word' id='word_1_185' title='bbox 1594 1774 1785 1821; x_wconf 73' lang='lat' dir='ltr'>silentio,</span> <span class='ocrx_word' id='word_1_186' title='bbox 1809 1775 1927 1825; x_wconf 88' lang='lat' dir='ltr'>quod</span> 
     </span>
     <span class='ocr_line' id='line_1_22' title="bbox 288 1844 1926 1896; baseline 0.002 -14"><span class='ocrx_word' id='word_1_187' title='bbox 288 1844 371 1882; x_wconf 89' lang='lat' dir='ltr'>iam</span> <span class='ocrx_word' id='word_1_188' title='bbox 403 1845 560 1894; x_wconf 85' lang='lat' dir='ltr'>djcam:</span> <span class='ocrx_word' id='word_1_189' title='bbox 592 1857 690 1883; x_wconf 89' lang='lat' dir='ltr'>nam</span> <span class='ocrx_word' id='word_1_190' title='bbox 713 1857 810 1883; x_wconf 84' lang='lat' dir='ltr'>cum</span> <span class='ocrx_word' id='word_1_191' title='bbox 834 1846 988 1883; x_wconf 90' lang='lat' dir='ltr'>mulier</span> <span class='ocrx_word' id='word_1_192' title='bbox 1010 1845 1225 1896; x_wconf 88' lang='lat' dir='ltr'>quaedam</span> <span class='ocrx_word' id='word_1_193' title='bbox 1249 1847 1506 1885; x_wconf 88' lang='lat' dir='ltr'>mortalibus</span> <span class='ocrx_word' id='word_1_194' title='bbox 1529 1846 1826 1884; x_wconf 86' lang='lat' dir='ltr'>contaminata</span> <span class='ocrx_word' id='word_1_195' title='bbox 1848 1847 1926 1885; x_wconf 87' lang='lat' dir='ltr'>cri-</span> 
     </span>
     <span class='ocr_line' id='line_1_23' title="bbox 289 1916 1926 1969; baseline 0.002 -16"><span class='ocrx_word' id='word_1_196' title='bbox 289 1916 492 1965; x_wconf 81' lang='lat' dir='ltr'>mjnibus,</span> <span class='ocrx_word' id='word_1_197' title='bbox 518 1929 571 1955; x_wconf 90' lang='lat' dir='ltr'>ea</span> <span class='ocrx_word' id='word_1_198' title='bbox 592 1918 662 1955; x_wconf 90' lang='lat' dir='ltr'>uel</span> <span class='ocrx_word' id='word_1_199' title='bbox 684 1917 932 1968; x_wconf 80' lang='lat' dir='ltr'>ignorantia</span> <span class='ocrx_word' id='word_1_200' title='bbox 962 1917 1032 1956; x_wconf 92' lang='lat' dir='ltr'>uel</span> <span class='ocrx_word' id='word_1_201' title='bbox 1063 1917 1232 1968; x_wconf 89' lang='lat' dir='ltr'>pudore</span> <span class='ocrx_word' id='word_1_202' title='bbox 1263 1924 1394 1956; x_wconf 89' lang='lat' dir='ltr'>antea</span> <span class='ocrx_word' id='word_1_203' title='bbox 1422 1931 1500 1969; x_wconf 89' lang='lat' dir='ltr'>per</span> <span class='ocrx_word' id='word_1_204' title='bbox 1522 1917 1759 1967; x_wconf 88' lang='lat' dir='ltr'>duodecjm</span> <span class='ocrx_word' id='word_1_205' title='bbox 1789 1931 1926 1956; x_wconf 90' lang='lat' dir='ltr'>annos</span> 
     </span>
     <span class='ocr_line' id='line_1_24' title="bbox 287 1988 1924 2041; baseline 0.002 -16"><span class='ocrx_word' id='word_1_206' title='bbox 287 1988 329 2025; x_wconf 91' lang='lat' dir='ltr'>in</span> <span class='ocrx_word' id='word_1_207' title='bbox 352 1988 706 2038; x_wconf 82' lang='lat' dir='ltr'>confessionjbus</span> <span class='ocrx_word' id='word_1_208' title='bbox 726 1989 899 2040; x_wconf 87' lang='lat' dir='ltr'>perdite</span> <span class='ocrx_word' id='word_1_209' title='bbox 922 1990 1191 2039; x_wconf 87' lang='lat' dir='ltr'>reticujsset‚</span> <span class='ocrx_word' id='word_1_210' title='bbox 1216 1989 1392 2028; x_wconf 90' lang='lat' dir='ltr'>demum</span> <span class='ocrx_word' id='word_1_211' title='bbox 1413 1991 1563 2041; x_wconf 81' lang='lat' dir='ltr'>plagas</span> <span class='ocrx_word' id='word_1_212' title='bbox 1587 2002 1739 2028; x_wconf 88' lang='lat' dir='ltr'>omnes</span> <span class='ocrx_word' id='word_1_213' title='bbox 1755 1990 1924 2039; x_wconf 90' lang='lat' dir='ltr'>anjmae</span> 
     </span>
     <span class='ocr_line' id='line_1_25' title="bbox 289 2060 1927 2112; baseline 0.002 -17"><span class='ocrx_word' id='word_1_214' title='bbox 289 2072 391 2097; x_wconf 79' lang='lat' dir='ltr'>suae</span> <span class='ocrx_word' id='word_1_215' title='bbox 416 2061 549 2111; x_wconf 88' lang='lat' dir='ltr'>longo</span> <span class='ocrx_word' id='word_1_216' title='bbox 572 2066 772 2111; x_wconf 86' lang='lat' dir='ltr'>tempore</span> <span class='ocrx_word' id='word_1_217' title='bbox 796 2060 1011 2110; x_wconf 82' lang='lat' dir='ltr'>marcjdas</span> <span class='ocrx_word' id='word_1_218' title='bbox 1034 2060 1307 2112; x_wconf 87' lang='lat' dir='ltr'>tabidasque,</span> <span class='ocrx_word' id='word_1_219' title='bbox 1333 2060 1542 2111; x_wconf 85' lang='lat' dir='ltr'>spiritualj</span> <span class='ocrx_word' id='word_1_220' title='bbox 1567 2060 1738 2099; x_wconf 89' lang='lat' dir='ltr'>medico</span> <span class='ocrx_word' id='word_1_221' title='bbox 1760 2061 1927 2112; x_wconf 87' lang='lat' dir='ltr'>patefe-</span> 
     </span>
     <span class='ocr_line' id='line_1_26' title="bbox 289 2129 1926 2184; baseline 0.002 -16"><span class='ocrx_word' id='word_1_222' title='bbox 289 2129 361 2177; x_wconf 83' lang='lat' dir='ltr'>cit,</span> <span class='ocrx_word' id='word_1_223' title='bbox 396 2131 553 2169; x_wconf 79' lang='lat' dir='ltr'>undam</span> <span class='ocrx_word' id='word_1_224' title='bbox 586 2138 760 2170; x_wconf 84' lang='lat' dir='ltr'>scatens</span> <span class='ocrx_word' id='word_1_225' title='bbox 790 2133 967 2170; x_wconf 88' lang='lat' dir='ltr'>flumine</span> <span class='ocrx_word' id='word_1_226' title='bbox 998 2133 1334 2183; x_wconf 83' lang='lat' dir='ltr'>lachrymarum,</span> <span class='ocrx_word' id='word_1_227' title='bbox 1359 2139 1489 2183; x_wconf 86' lang='lat' dir='ltr'>atque</span> <span class='ocrx_word' id='word_1_228' title='bbox 1512 2133 1571 2171; x_wconf 86' lang='lat' dir='ltr'>ita</span> <span class='ocrx_word' id='word_1_229' title='bbox 1591 2133 1816 2184; x_wconf 80' lang='lat' dir='ltr'>pristinam</span> <span class='ocrx_word' id='word_1_230' title='bbox 1838 2133 1926 2182; x_wconf 90' lang='lat' dir='ltr'>anj-</span> 
     </span>
     <span class='ocr_line' id='line_1_27' title="bbox 288 2204 1924 2254; baseline 0.002 -15"><span class='ocrx_word' id='word_1_231' title='bbox 288 2215 383 2239; x_wconf 89' lang='lat' dir='ltr'>mae</span> <span class='ocrx_word' id='word_1_232' title='bbox 407 2216 509 2241; x_wconf 59' lang='lat' dir='ltr'>¹suae</span> <span class='ocrx_word' id='word_1_233' title='bbox 534 2204 883 2252; x_wconf 86' lang='lat' dir='ltr'>incolumjtatem</span> <span class='ocrx_word' id='word_1_234' title='bbox 906 2204 1203 2254; x_wconf 78' lang='lat' dir='ltr'>recuperaujt3</span> <span class='ocrx_word' id='word_1_235' title='bbox 1235 2209 1367 2254; x_wconf 85' lang='lat' dir='ltr'>atque</span> <span class='ocrx_word' id='word_1_236' title='bbox 1398 2204 1511 2242; x_wconf 88' lang='lat' dir='ltr'>adeo</span> <span class='ocrx_word' id='word_1_237' title='bbox 1544 2204 1814 2242; x_wconf 84' lang='lat' dir='ltr'>confessario</span> <span class='ocrx_word' id='word_1_238' title='bbox 1846 2217 1924 2242; x_wconf 91' lang='lat' dir='ltr'>suo</span> 
     </span>
     <span class='ocr_line' id='line_1_28' title="bbox 287 2275 1926 2326; baseline 0.001 -15"><span class='ocrx_word' id='word_1_239' title='bbox 287 2287 435 2312; x_wconf 79' lang='lat' dir='ltr'>ansam</span> <span class='ocrx_word' id='word_1_240' title='bbox 459 2275 657 2324; x_wconf 85' lang='lat' dir='ltr'>praebuit</span> <span class='ocrx_word' id='word_1_241' title='bbox 680 2276 883 2326; x_wconf 84' lang='lat' dir='ltr'>ingentes</span> <span class='ocrx_word' id='word_1_242' title='bbox 906 2278 1069 2325; x_wconf 86' lang='lat' dir='ltr'>gratias</span> <span class='ocrx_word' id='word_1_243' title='bbox 1091 2275 1250 2326; x_wconf 78' lang='lat' dir='ltr'>agendi</span> <span class='ocrx_word' id='word_1_244' title='bbox 1274 2276 1388 2322; x_wconf 80' lang='lat' dir='ltr'>Deo3</span> <span class='ocrx_word' id='word_1_245' title='bbox 1407 2275 1762 2326; x_wconf 87' lang='lat' dir='ltr'>quandoquidem</span> <span class='ocrx_word' id='word_1_246' title='bbox 1782 2288 1926 2313; x_wconf 90' lang='lat' dir='ltr'>erran-</span> 
     </span>
     <span class='ocr_line' id='line_1_29' title="bbox 287 2345 1925 2397; baseline 0.001 -15"><span class='ocrx_word' id='word_1_247' title='bbox 287 2350 376 2383; x_wconf 88' lang='lat' dir='ltr'>tem</span> <span class='ocrx_word' id='word_1_248' title='bbox 399 2346 509 2383; x_wconf 90' lang='lat' dir='ltr'>hanc</span> <span class='ocrx_word' id='word_1_249' title='bbox 533 2359 661 2384; x_wconf 78' lang='lat' dir='ltr'>ouem</span> <span class='ocrx_word' id='word_1_250' title='bbox 684 2360 739 2384; x_wconf 85' lang='lat' dir='ltr'>ex</span> <span class='ocrx_word' id='word_1_251' title='bbox 762 2345 942 2384; x_wconf 87' lang='lat' dir='ltr'>tartarei</span> <span class='ocrx_word' id='word_1_252' title='bbox 965 2346 1052 2396; x_wconf 86' lang='lat' dir='ltr'>lupi</span> <span class='ocrx_word' id='word_1_253' title='bbox 1073 2346 1272 2384; x_wconf 85' lang='lat' dir='ltr'>faucibus</span> <span class='ocrx_word' id='word_1_254' title='bbox 1296 2347 1488 2397; x_wconf 87' lang='lat' dir='ltr'>elapsam</span> <span class='ocrx_word' id='word_1_255' title='bbox 1510 2347 1552 2384; x_wconf 93' lang='lat' dir='ltr'>in</span> <span class='ocrx_word' id='word_1_256' title='bbox 1575 2346 1693 2395; x_wconf 85' lang='lat' dir='ltr'>oujle</span> <span class='ocrx_word' id='word_1_257' title='bbox 1726 2360 1771 2385; x_wconf 89' lang='lat' dir='ltr'>se</span> <span class='ocrx_word' id='word_1_258' title='bbox 1803 2358 1925 2385; x_wconf 89' lang='lat' dir='ltr'>reee-</span> 
     </span>
     <span class='ocr_line' id='line_1_30' title="bbox 286 2417 1924 2469; baseline 0.001 -15"><span class='ocrx_word' id='word_1_259' title='bbox 286 2417 400 2467; x_wconf 82' lang='lat' dir='ltr'>pisse</span> <span class='ocrx_word' id='word_1_260' title='bbox 425 2424 714 2468; x_wconf 80' lang='lat' dir='ltr'>cognouerat,</span> <span class='ocrx_word' id='word_1_261' title='bbox 742 2417 883 2457; x_wconf 64' lang='lat' dir='ltr'>ueluti</span> <span class='ocrx_word' id='word_1_262' title='bbox 901 2419 960 2456; x_wconf 78' lang='lat' dir='ltr'>ad</span> <span class='ocrx_word' id='word_1_263' title='bbox 982 2419 1157 2468; x_wconf 72' lang='lat' dir='ltr'>asylum</span> <span class='ocrx_word' id='word_1_264' title='bbox 1176 2418 1456 2456; x_wconf 65' lang='lat' dir='ltr'>tutissimum</span> <span class='ocrx_word' id='word_1_265' title='bbox 1477 2420 1516 2457; x_wconf 78' lang='lat' dir='ltr'>et</span> <span class='ocrx_word' id='word_1_266' title='bbox 1533 2418 1723 2469; x_wconf 74' lang='lat' dir='ltr'>redijsse</span> <span class='ocrx_word' id='word_1_267' title='bbox 1740 2420 1800 2457; x_wconf 81' lang='lat' dir='ltr'>ad</span> <span class='ocrx_word' id='word_1_268' title='bbox 1820 2418 1924 2456; x_wconf 79' lang='lat' dir='ltr'>Pas-</span> 
     </span>
     <span class='ocr_line' id='line_1_31' title="bbox 287 2489 1925 2539; baseline 0.001 -13"><span class='ocrx_word' id='word_1_269' title='bbox 287 2491 430 2527; x_wconf 70' lang='lat' dir='ltr'>torem</span> <span class='ocrx_word' id='word_1_270' title='bbox 459 2502 593 2527; x_wconf 68' lang='lat' dir='ltr'>sztzcnz</span> <span class='ocrx_word' id='word_1_271' title='bbox 628 2489 877 2528; x_wconf 73' lang='lat' dir='ltr'>Christum.</span> <span class='ocrx_word' id='word_1_272' title='bbox 912 2491 1035 2528; x_wconf 88' lang='lat' dir='ltr'>Haec</span> <span class='ocrx_word' id='word_1_273' title='bbox 1064 2490 1241 2529; x_wconf 87' lang='lat' dir='ltr'>domum</span> <span class='ocrx_word' id='word_1_274' title='bbox 1278 2503 1458 2528; x_wconf 89' lang='lat' dir='ltr'>reuersa</span> <span class='ocrx_word' id='word_1_275' title='bbox 1493 2496 1679 2537; x_wconf 85' lang='lat' dir='ltr'>moesta,</span> <span class='ocrx_word' id='word_1_276' title='bbox 1705 2495 1748 2528; x_wconf 85' lang='lat' dir='ltr'>et</span> <span class='ocrx_word' id='word_1_277' title='bbox 1770 2491 1925 2539; x_wconf 84' lang='lat' dir='ltr'>lugens</span> 
     </span>
     <span class='ocr_line' id='line_1_32' title="bbox 286 2561 1924 2611; baseline 0.001 -13"><span class='ocrx_word' id='word_1_278' title='bbox 286 2565 540 2611; x_wconf 83' lang='lat' dir='ltr'>perpetrata</span> <span class='ocrx_word' id='word_1_279' title='bbox 560 2561 737 2611; x_wconf 78' lang='lat' dir='ltr'>flagitia,</span> <span class='ocrx_word' id='word_1_280' title='bbox 763 2562 999 2611; x_wconf 84' lang='lat' dir='ltr'>posteriori</span> <span class='ocrx_word' id='word_1_281' title='bbox 1020 2568 1152 2601; x_wconf 86' lang='lat' dir='ltr'>nocte</span> <span class='ocrx_word' id='word_1_282' title='bbox 1176 2562 1284 2600; x_wconf 92' lang='lat' dir='ltr'>uidit</span> <span class='ocrx_word' id='word_1_283' title='bbox 1311 2562 1354 2600; x_wconf 90' lang='lat' dir='ltr'>in</span> <span class='ocrx_word' id='word_1_284' title='bbox 1384 2563 1546 2600; x_wconf 88' lang='lat' dir='ltr'>somnis</span> <span class='ocrx_word' id='word_1_285' title='bbox 1578 2567 1819 2600; x_wconf 88' lang='lat' dir='ltr'>monstrum</span> <span class='ocrx_word' id='word_1_286' title='bbox 1850 2562 1924 2599; x_wconf 90' lang='lat' dir='ltr'>im-</span> 
     </span>
     <span class='ocr_line' id='line_1_33' title="bbox 286 2632 1925 2683; baseline -0.001 -13"><span class='ocrx_word' id='word_1_287' title='bbox 286 2644 428 2679; x_wconf 84' lang='lat' dir='ltr'>mane,</span> <span class='ocrx_word' id='word_1_288' title='bbox 453 2636 585 2683; x_wconf 81' lang='lat' dir='ltr'>atque</span> <span class='ocrx_word' id='word_1_289' title='bbox 617 2632 917 2683; x_wconf 80' lang='lat' dir='ltr'>prodigiosum</span> <span class='ocrx_word' id='word_1_290' title='bbox 949 2633 1161 2681; x_wconf 85' lang='lat' dir='ltr'>(mirabile</span> <span class='ocrx_word' id='word_1_291' title='bbox 1194 2633 1313 2671; x_wconf 84' lang='lat' dir='ltr'>dictu</span> <span class='ocrx_word' id='word_1_292' title='bbox 1346 2639 1390 2671; x_wconf 90' lang='lat' dir='ltr'>et</span> <span class='ocrx_word' id='word_1_293' title='bbox 1418 2633 1686 2671; x_wconf 90' lang='lat' dir='ltr'>horrendum</span> <span class='ocrx_word' id='word_1_294' title='bbox 1710 2632 1925 2683; x_wconf 89' lang='lat' dir='ltr'>cogitatu)</span> 
     </span>
     <span class='ocr_line' id='line_1_34' title="bbox 285 2703 1925 2755; baseline 0.001 -14"><span class='ocrx_word' id='word_1_295' title='bbox 285 2703 403 2755; x_wconf 89' lang='lat' dir='ltr'>quod</span> <span class='ocrx_word' id='word_1_296' title='bbox 439 2704 517 2754; x_wconf 86' lang='lat' dir='ltr'>ipsi</span> <span class='ocrx_word' id='word_1_297' title='bbox 554 2704 683 2741; x_wconf 73' lang='lat' dir='ltr'>modo</span> <span class='ocrx_word' id='word_1_298' title='bbox 720 2706 908 2751; x_wconf 87' lang='lat' dir='ltr'>laeuum,</span> <span class='ocrx_word' id='word_1_299' title='bbox 947 2704 1170 2742; x_wconf 87' lang='lat' dir='ltr'>daestrum</span> <span class='ocrx_word' id='word_1_300' title='bbox 1209 2703 1340 2742; x_wconf 85' lang='lat' dir='ltr'>modo</span> <span class='ocrx_word' id='word_1_301' title='bbox 1378 2705 1489 2742; x_wconf 74' lang='lat' dir='ltr'>latus</span> <span class='ocrx_word' id='word_1_302' title='bbox 1525 2703 1925 2743; x_wconf 82' lang='lat' dir='ltr'>uehementissimis</span> 
     </span>
     <span class='ocr_line' id='line_1_35' title="bbox 283 2775 1920 2826; baseline 0 -13"><span class='ocrx_word' id='word_1_303' title='bbox 283 2776 441 2813; x_wconf 84' lang='lat' dir='ltr'>ictibus</span> <span class='ocrx_word' id='word_1_304' title='bbox 472 2775 780 2825; x_wconf 75' lang='lat' dir='ltr'>pertundebat,</span> <span class='ocrx_word' id='word_1_305' title='bbox 815 2776 1212 2826; x_wconf 70' lang='lat' dir='ltr'>acerbissimosque</span> <span class='ocrx_word' id='word_1_306' title='bbox 1245 2776 1389 2814; x_wconf 79' lang='lat' dir='ltr'>eidem</span> <span class='ocrx_word' id='word_1_307' title='bbox 1428 2777 1650 2825; x_wconf 85' lang='lat' dir='ltr'>crucjatus</span> <span class='ocrx_word' id='word_1_308' title='bbox 1687 2776 1920 2814; x_wconf 84' lang='lat' dir='ltr'>afferebat.</span> 
     </span>
     <span class='ocr_line' id='line_1_36' title="bbox 284 2846 1922 2897; baseline 0.001 -14"><span class='ocrx_word' id='word_1_309' title='bbox 284 2846 580 2897; x_wconf 87' lang='lat' dir='ltr'>Interrogaujt</span> <span class='ocrx_word' id='word_1_310' title='bbox 602 2847 798 2896; x_wconf 75' lang='lat' dir='ltr'>quisnam</span> <span class='ocrx_word' id='word_1_311' title='bbox 823 2853 941 2884; x_wconf 74' lang='lat' dir='ltr'>esset</span> <span class='ocrx_word' id='word_1_312' title='bbox 969 2848 1042 2897; x_wconf 85' lang='lat' dir='ltr'>qui</span> <span class='ocrx_word' id='word_1_313' title='bbox 1073 2860 1169 2885; x_wconf 90' lang='lat' dir='ltr'>eam</span> <span class='ocrx_word' id='word_1_314' title='bbox 1200 2853 1288 2885; x_wconf 78' lang='lat' dir='ltr'>tam</span> <span class='ocrx_word' id='word_1_315' title='bbox 1318 2848 1612 2885; x_wconf 87' lang='lat' dir='ltr'>uehementer</span> <span class='ocrx_word' id='word_1_316' title='bbox 1640 2859 1771 2885; x_wconf 91' lang='lat' dir='ltr'>ausus</span> <span class='ocrx_word' id='word_1_317' title='bbox 1803 2851 1922 2884; x_wconf 90' lang='lat' dir='ltr'>esset</span> 
     </span>
    </p>
   </div>
   <div class='ocr_carea' id='block_1_4' title="bbox 334 3073 1750 3171">
    <p class='ocr_par' dir='ltr' id='par_1_4' title="bbox 334 3073 1750 3171">
     <span class='ocr_line' id='line_1_37' title="bbox 335 3073 1750 3120; baseline -0.001 -10"><span class='ocrx_word' id='word_1_318' title='bbox 335 3082 353 3099; x_wconf 79' lang='lat' dir='ltr'>a</span> <span class='ocrx_word' id='word_1_319' title='bbox 404 3073 673 3119; x_wconf 81' lang='lat' dir='ltr'>Consumpta</span> <span class='ocrx_word' id='word_1_320' title='bbox 695 3074 849 3110; x_wconf 72' lang='lat' dir='ltr'>charta</span> <span class='ocrx_word' id='word_1_321' title='bbox 868 3074 938 3110; x_wconf 75' lang='lat' dir='ltr'>hic</span> <span class='ocrx_word' id='word_1_322' title='bbox 957 3078 994 3110; x_wconf 85' lang='lat' dir='ltr'>et</span> <span class='ocrx_word' id='word_1_323' title='bbox 1013 3073 1147 3119; x_wconf 73' lang='lat' dir='ltr'>infra.</span> <span class='ocrx_word' id='word_1_324' title='bbox 1200 3075 1265 3100; x_wconf 81' lang='lat' dir='ltr'>—b</span> <span class='ocrx_word' id='word_1_325' title='bbox 1291 3074 1443 3111; x_wconf 80' lang='lat' dir='ltr'>Mutat.</span> <span class='ocrx_word' id='word_1_326' title='bbox 1465 3075 1512 3111; x_wconf 85' lang='lat' dir='ltr'>in</span> <span class='ocrx_word' id='word_1_327' title='bbox 1532 3080 1750 3120; x_wconf 86' lang='lat' dir='ltr'>coguntur.</span> 
     </span>
     <span class='ocr_line' id='line_1_38' title="bbox 334 3133 600 3171; baseline 0 0"><span class='ocrx_word' id='word_1_328' title='bbox 334 3141 351 3159; x_wconf 82' lang='lat'><em>0</em></span> <span class='ocrx_word' id='word_1_329' title='bbox 395 3133 600 3171; x_wconf 84' lang='lat' dir='ltr'>conuenit.</span> 
     </span>
    </p>
   </div>
  </div>
 </body>
</html>
