2038 3400
450 207 453 210 Ι
482 226 551 262 410
570 225 895 262 —INGoLsTAnio
926 225 939 260 l
970 224 1235 260 SEPTEMBRIS
1267 222 1355 259 1560
1624 221 1685 257 781

120 332 212 364 tant
233 327 336 365 satis
357 328 476 365 multi
500 327 723 377 utriusque
748 339 879 364 sexus
900 326 1114 371 homines,
1146 325 1250 362 licet
1277 337 1299 361 a
1331 324 1548 361 communi
1578 323 1741 361 habita-

120 398 239 435 tione
269 398 415 448 populj
448 398 502 435 sit
533 398 744 435 semotior
765 397 836 435 hic
857 397 993 434 locus.
1020 397 1125 433 Esse
1147 400 1294 433 autem
1316 394 1491 432 minime
1514 394 1742 444 frugiferas

121 468 330 519 colligere
352 468 499 507 licebit
522 481 576 506 ex
599 481 683 506 uno
709 474 752 505 et
774 469 929 514 altero,
962 466 1078 517 quod
1109 465 1350 514 subijeimn,
1390 465 1608 514 exemplo.
1633 464 1741 502 Cum

119 540 264 590 itaque
286 552 423 590 nuper
440 539 533 590 ipse
556 540 842 577 concionator
859 537 1084 576 docuisset
1105 537 1226 575 iuxta
1242 536 1485 574 doctrinam
1503 535 1744 573 Saluatoris

117 610 255 659 nostrj
274 622 361 648 non
374 609 549 657 diuites,
569 609 648 648 sed
664 622 880 660 pauperes
896 609 1041 659 potius
1057 606 1306 646 inuitandos
1319 620 1416 644 esse
1434 605 1488 644 ad
1504 618 1697 644 mensam
1716 612 1742 652 ¹,

120 687 286 719 tantum
307 681 442 719 ualuit
463 682 498 719 is
520 694 679 727 sermo,
706 682 754 718 ut
786 681 992 731 opulenta
1012 679 1227 730 quaedam
1258 678 1389 716 uidua
1418 685 1435 702 a
1470 675 1745 728 pauperculis

120 752 372 790 mulieribus
387 752 550 790 bonum
573 751 822 790 conuiuium
844 751 1114 797 instruxerit,
1134 750 1338 789 confessa
1352 760 1570 798 nunquam
1589 760 1634 785 se
1657 747 1744 784 tale

120 823 222 875 quid
251 823 293 861 in
316 823 531 862 concione
554 823 791 861 audiuisse.
816 824 925 861 Item
947 823 1073 873 uirgo
1096 821 1310 872 quaedam
1333 819 1556 858 cuiusdam
1578 817 1745 869 praedi-

120 895 220 933 uitis
241 894 398 934 uiduae
421 895 521 942 filia,
545 908 623 946 per
646 895 829 946 simplex
852 900 1003 932 uotum
1038 894 1132 931 Deo
1164 894 1247 931 iam
1270 892 1428 938 dicata,
1461 890 1746 929 concionibus

119 971 369 1004 nostrorum
400 966 441 1003 in
472 971 623 1004 sancto
657 978 734 1003 suo
765 966 992 1016 proposito
1029 965 1182 1002 mirum
1212 964 1255 1002 in
1285 961 1460 1001 modum
1492 962 1747 1000 confirmata

121 1044 203 1077 est.
227 1039 282 1076 Et
309 1037 411 1088 quid
442 1038 618 1076 mirum?
648 1037 731 1088 Ipsi
764 1037 877 1075 enim
910 1040 1015 1074 uota
1045 1035 1287 1074 monastica
1317 1040 1361 1073 et
1393 1034 1567 1072 omnino
1599 1032 1747 1071 mundi

121 1114 420 1160 contemptum
459 1109 706 1146 accuratius
745 1108 1144 1157 uehementiusque
1180 1107 1325 1145 solent
1358 1104 1599 1143 identidem
1632 1116 1747 1142 com-

120 1179 342 1218 mendare.
368 1179 506 1217 Mater
528 1191 635 1217 uero
657 1179 785 1217 facile
809 1178 1045 1216 aduertens
1068 1178 1153 1215 uim
1175 1181 1306 1227 atque
1329 1174 1552 1227 energiam
1584 1187 1746 1213 sermo-

120 1251 184 1288 nis
205 1250 247 1288 in
267 1249 354 1287 filia
374 1250 556 1287 multum
580 1249 774 1296 efficere,
798 1261 849 1287 ac
879 1254 1080 1286 metuens
1102 1247 1299 1299 proinde,
1323 1259 1378 1284 ne
1408 1247 1491 1291 illa,
1522 1259 1567 1284 se
1600 1245 1747 1284 deser-

121 1327 179 1368 ta,
202 1321 245 1359 in
265 1321 578 1358 monasterium
601 1320 878 1371 confugeret,
913 1320 1061 1370 coepit
1093 1318 1152 1367 utj
1186 1317 1370 1369 quadam
1400 1317 1570 1354 uafritie
1602 1316 1747 1354 huma·

121 1404 218 1438 nae,
253 1404 331 1430 seu
360 1392 506 1442 potius
529 1391 713 1429 carnalis
735 1390 991 1441 sapientiae.
1015 1391 1126 1428 Nam
1146 1390 1277 1427 filiam
1298 1388 1352 1427 ad
1373 1388 1455 1426 alia
1474 1387 1651 1438 templa,
1675 1388 1748 1425 ubi

121 1464 225 1501 nihil
257 1464 335 1502 sibi
367 1462 651 1501 metuendum
680 1463 876 1521 putabat,
910 1461 1109 1508 deduxit3
1142 1461 1281 1498 uerita
1310 1460 1482 1498 scilicet
1510 1471 1581 1505 ne,
1614 1457 1649 1496 si
1678 1458 1749 1496 illa

122 1535 282 1574 nostris
305 1535 373 1572 uel
405 1535 542 1572 semel
577 1534 877 1580 confiteretur,
904 1533 1030 1571 citius
1052 1533 1336 1570 monasticam
1359 1531 1491 1568 uitam
1513 1530 1748 1580 amplecte-

123 1611 257 1644 retur.
290 1606 425 1657 Virgo
458 1611 605 1643 tamen
633 1604 721 1643 fide
752 1617 802 1643 ac
831 1605 1035 1655 precibus
1074 1610 1239 1642 armata
1276 1608 1467 1641 astutum
1500 1608 1543 1640 et
1573 1601 1748 1652 impium

123 1678 310 1715 animum
333 1677 465 1715 euicit
486 1678 649 1723 matris,
673 1688 724 1714 ac
751 1677 813 1714 sic
842 1676 989 1723 euicit,
1025 1681 1069 1713 ut
1099 1688 1186 1713 non
1218 1675 1357 1713 solum
1389 1674 1558 1725 copiam
1588 1673 1749 1711 nostris

124 1748 363 1787 confitendi
386 1749 638 1795 obtinuerit,
664 1761 814 1786 uerum
847 1748 993 1795 etiam,
1027 1752 1073 1785 ut
1103 1746 1218 1785 idem
1248 1746 1418 1784 faceret
1448 1752 1586 1783 mater
1616 1745 1749 1795 impe-

124 1820 320 1859 trauerit.
357 1820 444 1858 Sed
477 1826 521 1858 et
550 1820 654 1858 illud
685 1820 821 1871 magis
852 1819 1092 1857 mirandum
1126 1824 1207 1865 est,
1240 1817 1357 1868 quod
1387 1817 1563 1856 tandem
1598 1818 1641 1866 [P]
1675 1817 1749 1854 mi-

125 1892 246 1930 rabili
268 1904 372 1930 suae
393 1892 511 1929 uitae
534 1892 754 1941 exemplo,
777 1891 923 1941 potius
944 1903 1071 1941 quam
1094 1890 1369 1928 sermonibus
1389 1889 1613 1938 suasorijs,
1639 1888 1750 1926 desi·

125 1964 293 2002 derium
314 1975 488 2014 quoque
513 1964 604 2000 eius
627 1963 768 2001 animo
791 1963 852 2000 ita
871 1962 1143 2013 impresserit
1164 1960 1438 2012 ingrediendj
1472 1961 1747 2011 religionem,

126 2040 171 2072 ut
204 2035 412 2085 pristinae
445 2032 617 2071 reddita
638 2034 808 2071 sanitati
830 2033 1033 2083 (aduersa
1054 2031 1268 2082 siquidem
1289 2033 1459 2069 laborat
1480 2030 1750 2080 ualetudine)

124 2106 166 2143 in
189 2105 420 2144 cenobium
444 2117 541 2143 cum
563 2104 649 2142 filia
669 2117 771 2142 mox
794 2105 1029 2142 conuolare
1052 2104 1232 2141 firmiter
1252 2108 1482 2154 proponat.

206 2178 300 2215 Hos
338 2175 515 2227 quidem
552 2188 717 2226 paucos
751 2181 883 2226 atque
920 2176 1105 2226 exiguos
1143 2187 1197 2213 ex
1234 2176 1317 2213 ista
1355 2187 1499 2213 messe
1539 2173 1748 2225 spiritualj

127 2260 228 2286 cum
258 2246 494 2297 corporali
531 2246 622 2285 iam
654 2246 923 2296 praeterita,
961 2247 1176 2285 collectos
1208 2246 1449 2297 manipulos
1480 2246 1528 2283 R.
1563 2246 1610 2283 P.
1648 2250 1749 2282 tuae

128 2318 367 2364 offerimus,
387 2319 623 2368 precantes
641 2317 662 2341 ἱ)
685 2317 845 2354 obnixe
867 2324 883 2342 c
905 2330 1003 2355 curn
1026 2318 1226 2355 omnibus
1248 2316 1449 2354 Patribus
1470 2328 1521 2354 ac
1546 2315 1751 2353 fratribus

127 2389 288 2427 nostris
317 2389 389 2438 qui
418 2388 548 2426 isthic
569 2393 908 2434 commorantur,
941 2394 987 2426 ut
1009 2389 1096 2426 suis
1119 2388 1344 2437 sacrificijs
1373 2400 1424 2425 ac
1445 2387 1648 2438 precibus
1676 2399 1751 2423 no-

127 2460 193 2497 bis
215 2472 238 2497 a
260 2458 446 2498 Domino
469 2460 564 2497 Deo
587 2459 930 2498 misericordiam
953 2464 995 2498 et
1018 2460 1200 2511 gratiam
1231 2460 1451 2510 impetret,
1481 2471 1566 2509 quo
1590 2464 1634 2496 et
1665 2458 1752 2495 ani-

130 2543 219 2569 mas
239 2536 411 2569 nostras
434 2536 477 2568 et
498 2531 796 2581 proximorum
817 2536 1068 2569 nostrorum
1089 2536 1308 2581 tamquam
1330 2530 1457 2581 probi
1478 2529 1644 2580 gratiae
1668 2529 1748 2578 Dej

130 2607 445 2652 cooperatores
462 2602 684 2640 ualeamus
701 2601 755 2639 ad
771 2606 995 2640 aeternam
1011 2602 1297 2640 foelicitatem
1313 2600 1575 2652 perducere.
1594 2600 1748 2638 Amen.

177 2784 196 2803 a
245 2785 350 2831 apud
369 2786 603 2831 opulentam
622 2785 838 2831 quamdam
858 2785 1018 2822 viduam
1038 2790 1094 2821 vt.
1148 2786 1212 2810 -b
1232 2784 1383 2822 Dubia
1410 2785 1501 2822 lect.
1567 2792 1630 2810 —0
1662 2797 1752 2831 pre-

131 2856 281 2881 camur.

181 3026 191 3045 ¹
243 3024 307 3062 Cf.
328 3023 580 3069 Luc.,X1V‚
604 3024 659 3068 12,
682 3024 737 3060 13.
