2038 3400
344 246 414 285 306
826 248 1046 288 LITTERAE
1072 239 1430 296 QqumMESTR'Es

1057 512 1167 563 292

690 649 741 694 P.
777 648 1047 697 PETRUS
1082 650 1168 697 DE
1203 648 1543 696 AZEVEDO

786 792 985 819 CORDUBA
1011 783 1053 819 31
1083 792 1262 819 Aucusrl
1292 782 1382 819 1559
1410 783 1431 817 ¹.

298 901 330 939 l.
357 900 619 952 Religiosae
636 901 934 953 perfectionis
956 915 1071 942 cura
1092 905 1132 941 et
1152 902 1470 942 studium—2.
1499 902 1772 943 Contionum
1794 905 1834 942 et
1859 916 1929 941 sa·

376 970 720 1006 erameniorum
747 967 971 1018 frequens
1005 968 1278 1008 usus—54.
1318 969 1666 1019 Discipulorum
1695 981 1927 1015 nmnerns,

377 1033 483 1071 boni
501 1046 665 1081 moreS,
695 1033 1057 1074 exercitationes.
1084 1034 1205 1073 Ludi
1240 1034 1444 1074 acti.—5.
1484 1033 1710 1074 Sollemne
1743 1047 1929 1074 sacrum

376 1099 428 1137 ob
451 1098 627 1139 artium
659 1112 846 1139 cursum
877 1100 1223 1140 emensmn.—6.
1249 1100 1527 1140 Scliolastici
1556 1100 1806 1153 religiosae
1830 1103 1930 1151 per-

367 1165 588 1216 fectionis
609 1165 875 1216 capitib—7.
902 1166 1012 1206 Piae
1029 1166 1376 1206 exercitationes
1390 1170 1474 1217 per
1490 1167 1748 1206 studiorum
1757 1165 1926 1218 ferias.

353 1298 385 1325 Ι.
446 1289 473 1337 -ξ-
507 1286 587 1336 Jhs.
622 1286 872 1325 Admodum
907 1287 1003 1325 Rde
1025 1288 1067 1326 in
1103 1288 1236 1327 Chro.
1262 1289 1334 1326 R*
1355 1289 1445 1326 Pax
1477 1288 1653 1336 Christi,
1687 1293 1772 1327 etc.
1799 1289 1929 1338 Quod

298 1359 341 1395 et
360 1358 379 1375 η
402 1356 657 1396 obedientia
684 1360 724 1397 et
753 1357 993 1397 iniunctum
1016 1359 1119 1397 mihi
1141 1358 1362 1398 scribendi
1389 1360 1618 1411 negotium
1640 1359 1854 1408 hortatur,
1885 1359 1930 1398 li-

296 1430 550 1468 bentissime
572 1430 744 1478 faciam,
768 1436 816 1468 Vt
839 1443 991 1469 eorum
1013 1430 1085 1482 qui
1115 1432 1389 1482 gymnasium
1411 1430 1530 1470 istud
1560 1431 1839 1471 cordubense
1870 1432 1929 1470 in-

294 1502 457 1549 colunt,
482 1503 614 1540 rebus
635 1501 677 1541 in
714 1503 914 1541 omnibus
946 1502 1167 1554 cognitam
1189 1503 1457 1555 diligentiam
1480 1505 1660 1543 habeas.
1691 1505 1843 1555 ltaque
1874 1505 1928 1542 de

293 1574 438 1612 multis
458 1586 612 1624 pauca,
637 1587 765 1624 quam
787 1580 945 1624 potero
964 1574 1260 1625 paucissimis
1279 1575 1299 1600 b
1321 1575 1521 1614 scribam.
1550 1576 1691 1628 Atque
1713 1576 1756 1614 id
1777 1576 1820 1615 in
1847 1577 1929 1627 pri-

293 1645 386 1693 mis,
411 1651 512 1684 tuos
533 1646 641 1684 istos
666 1659 818 1685 omnes
840 1647 881 1685 in
905 1659 1000 1685 eam
1022 1660 1115 1686 rem
1137 1647 1241 1685 dare
1266 1660 1444 1698 operam
1467 1646 1637 1696 sedulo,
1662 1654 1710 1686 vt
1737 1649 1790 1686 ab
1812 1649 1929 1687 insti-

292 1721 405 1764 tuto,
429 1716 576 1768 quoad
599 1718 692 1756 eius
714 1718 809 1756 fieri
830 1724 995 1769 potest,
1020 1732 1108 1758 non
1130 1718 1376 1767 discedant,
1401 1720 1442 1757 in
1459 1720 1759 1771 proximorum
1782 1732 1928 1759 exem-

292 1790 424 1839 plum,
458 1790 675 1841 Vniusque
706 1789 789 1828 Dei
819 1791 1002 1842 gloriam
1040 1797 1084 1829 et
1114 1792 1308 1842 spiritale
1341 1791 1661 1830 incrementum
1693 1804 1839 1830 mores
1868 1793 1929 1830 vi-

292 1866 467 1912 tamque
508 1874 630 1900 suam
672 1874 845 1900 omnem
886 1867 1227 1913 componentes,
1272 1863 1472 1901 omnibus
1518 1863 1659 1901 modis
1699 1864 1928 1912 vincentes

290 1932 463 1983 seipsos
485 1932 699 1971 aduersus
736 1933 875 1972 hostis
911 1935 1099 1973 assultus
1137 1940 1180 1972 et
1215 1933 1409 1973 insidias.
1435 1934 1534 1983 Qua
1554 1935 1596 1973 in
1627 1947 1689 1982 re,
1714 1934 1786 1986 qui
1806 1947 1928 1985 prae-

291 2009 404 2051 sunt,
426 2017 573 2043 curam
592 2010 636 2043 et
654 2004 924 2056 diligentiam
943 2006 1176 2044 conferunt
1197 2006 1424 2058 ingentem
1444 2019 1578 2057 vsqne
1596 2008 1706 2046 adeo
1725 2013 1742 2032 c
1762 2007 1927 2057 spirita-

290 2076 315 2113 li
338 2075 613 2114 subditorum
636 2077 763 2115 saluti
780 2077 1051 2128 prospiciunt
1074 2078 1108 2118 d.

342 2158 380 2185 2.
441 2149 496 2186 Et
518 2147 632 2186 domi
657 2153 700 2186 et
722 2149 828 2187 foris
852 2150 1093 2188 conciones
1122 2151 1356 2199 habentur,
1390 2152 1564 2202 hucque
1596 2163 1620 2189 a
1650 2149 1795 2188 multis
1826 2162 1926 2188 con-

290 2220 489 2267 curritur,
513 2221 585 2271 qui
608 2220 852 2259 doctrinam
884 2222 1164 2260 christianam
1196 2222 1326 2261 auide
1358 2223 1557 2269 audiunt,
1592 2221 1926 2273 percipiuntque

289 2297 578 2339 sacramenta,
604 2291 766 2342 quibus
788 2299 805 2318 θ
828 2293 1198 2332 confessariorum
1222 2294 1368 2345 inopia
1386 2295 1512 2345 plene
1533 2293 1683 2332 facere
1706 2294 1809 2332 satis
1838 2306 1925 2331 non

294 2376 541 2412 possumus.

342 2445 380 2482 3.
445 2435 507 2473 De
531 2436 683 2474 schola
712 2442 864 2475 nostra
885 2438 971 2476 hoc
992 2438 1121 2485 habe,
1147 2439 1189 2476 in
1225 2437 1319 2476 dies
1350 2439 1488 2489 magis
1511 2450 1562 2476 ac
1584 2438 1722 2489 magis
1752 2437 1806 2476 ad
1821 2439 1926 2488 Jesu

288 2507 470 2557 gloriam
503 2508 679 2556 florere,
714 2514 757 2547 et
789 2508 1038 2548 auditorum
1075 2522 1257 2548 numero
1291 2510 1408 2559 (nam
1439 2509 1493 2548 ad
1524 2515 1774 2548 tercentum
1805 2510 1926 2561 quin-

286 2579 494 2629 quaginta
516 2584 558 2616 et
582 2592 635 2617 eo
658 2580 841 2630 amplius
875 2593 1083 2619 numerus
1113 2580 1343 2630 accreuit),
1370 2587 1414 2619 et
1437 2581 1640 2633 profectu
1663 2581 1705 2619 in
1739 2579 1925 2632 discipli-

333 2740 352 2758 a
403 2753 464 2777 ex.
518 2742 584 2766 -b
612 2741 866 2780 breuissime.
922 2750 985 2769 -0
1018 2756 1082 2780 ac.
1158 2744 1224 2770 —d
1262 2749 1302 2780 et
1333 2743 1587 2790 perfectioni.
1657 2751 1722 2770 -e
1755 2755 1924 2790 quorum

287 2800 438 2837 multis.

336 2959 342 2976 ¹
400 2954 457 2992 Ex
477 2955 679 3002 originali,
702 2969 724 2992 a
745 2955 921 2994 Polanco
941 2958 1169 3001 emendato,
1193 2958 1232 2994 in
1252 2958 1389 2994 codice
1410 2958 1538 3003 Hisp.
1566 2957 1629 3003 96,
1651 2959 1664 2994 1
1683 2944 1768 3002 fol„
1786 2971 1824 2995 n.
1842 2958 1924 3003 4143

286 3017 395 3063 prius
413 3014 495 3052 291.
518 3015 675 3062 Apogr.
699 3017 736 3051 in
757 3015 823 3053 sol.
845 3016 925 3053 413.
948 3016 1021 3054 Est
1041 3017 1162 3054 etiam
1183 3030 1324 3064 apogr.
1348 3018 1387 3053 in
1406 3018 1573 3054 archivo
1593 3017 1829 3058 coloniensi,
1861 3019 1923 3054 cui

288 3089 364 3112 non
385 3080 495 3112 recte
514 3076 721 3122 appositus
740 3080 800 3112 cst
819 3089 949 3113 annus
973 3077 1073 3114 1560.
