2038 3400
575 261 938 299 353fix=10mcmo
964 260 1010 297 22
1037 260 1196 298 MARTu
1225 261 1314 298 1560
1645 265 1714 301 555

140 366 265 403 nobis
281 366 321 402 in
343 372 362 389 a
384 364 604 403 hominum
623 365 775 403 animis
798 363 1132 402 existimationis
1149 364 1191 401 in
1214 365 1325 402 Dno.
1349 365 1463 403 facta
1480 367 1532 403 sit
1551 367 1760 405 accessio.

140 436 242 473 Dies
264 436 336 473 uix
360 448 468 473 unus
491 440 574 481 est,
598 448 683 486 quo
715 448 801 473 non
836 434 1048 473 accedant
1082 435 1292 483 nonnullj,
1330 435 1390 472 ita
1426 442 1469 472 ut
1505 437 1761 475 breui-<simo

138 506 223 543 hoc
252 508 448 556 tempore
481 505 697 544 ducentos
729 506 902 544 circiter
930 511 1178 543 nostrorum
1210 504 1361 543 uideas
1383 505 1633 556 disciplinae
1668 509 1763 545 sub-

137 577 295 623 iectos3
317 589 401 615 nec
422 577 628 627 uulgares
650 590 754 615 sane
777 577 889 623 illos,
914 576 992 614 sed
1015 576 1198 614 eximiae
1222 576 1314 626 spej
1338 579 1594 627 permultos,
1633 591 1764 626 gene-

137 649 194 686 ris
218 649 347 686 etiam
369 648 597 687 nobilitate
621 649 883 700 conspicuos
904 649 1153 699 plerosque.
1180 648 1390 697 Quamuis
1412 655 1556 687 autem
1585 649 1692 687 aliae
1723 650 1763 687 in

136 720 217 758 hac
252 720 359 757 urbe
395 720 571 758 scholae
607 732 694 757 non
730 719 887 766 desint,
923 731 1017 757 earn
1048 724 1193 757 tamen
1225 719 1278 757 de
1309 720 1436 758 nobis
1467 728 1764 770 conceperunt

138 791 386 842 opinionem
416 791 487 829 hic
518 791 733 838 homines,
766 796 813 829 ut
841 803 1052 842 nusquam
1088 789 1265 838 rectius,
1303 803 1515 841 nusquam
1551 793 1762 839 exactius,

138 875 348 914 nusquam
373 863 504 901 etiam
523 862 791 914 diligentius,
812 877 908 902 cum
926 864 967 900 in
988 863 1315 901 humanioribus
1337 863 1587 914 disciplinis,
1612 870 1701 902 tum
1724 865 1765 902 in

136 933 369 972 christiana
391 934 608 972 modestia
630 940 674 971 et
695 934 875 985 pietate,
900 946 1026 985 quam
1049 933 1161 984 apud
1191 947 1271 974 nos
1303 934 1461 972 erudiri
1496 948 1627 985 posse
1663 948 1765 974 suos

138 1017 394 1055 persuasum
425 1004 629 1051 habeant,
663 1007 774 1044 vnde
805 1007 844 1044 et
869 1005 1028 1055 palam
1060 1003 1274 1043 dictitant
1304 1006 1440 1044 malle
1469 1019 1513 1045 se
1543 1006 1693 1056 longe,
1718 1008 1766 1044 ut

136 1076 224 1126 suj,
244 1076 477 1126 persoluto
508 1075 646 1115 etiam
672 1075 836 1126 pretio,
870 1077 991 1127 apud
1011 1089 1107 1121 nos,
1146 1089 1283 1126 quam
1306 1076 1465 1128 gratis
1496 1075 1610 1115 alibi
1639 1076 1765 1115 insti—

137 1149 345 1185 tuantur.
370 1147 456 1185 Det
479 1147 663 1199 gratiam
680 1148 807 1186 nobis
829 1150 951 1195 Dns.‚
971 1160 1055 1199 qua
1074 1152 1221 1186 tantae
1240 1147 1294 1186 de
1316 1148 1443 1187 nobis
1465 1149 1763 1199 expectationj

137 1219 179 1257 in
202 1219 294 1257 eius
316 1219 499 1270 gloriam
522 1219 733 1258 maiorem
756 1232 894 1270 usque
915 1219 1275 1270 respondeamus.

186 1301 224 1339 3.
290 1291 464 1330 Classes
485 1291 697 1329 hactenus
719 1296 905 1342 quatuor
926 1296 1093 1329 tantum
1113 1303 1191 1341 pro
1213 1303 1395 1329 numero
1433 1292 1680 1330 scholarum
1719 1298 1763 1330 et

136 1371 264 1415 captu
299 1362 607 1414 discipulorum
628 1362 910 1409 instituimus,
933 1363 975 1400 in
996 1362 1145 1401 ultima
1166 1362 1340 1413 quidem
1364 1363 1515 1414 legere
1538 1368 1582 1401 et
1604 1363 1763 1402 scribe-

134 1448 196 1483 re,
233 1441 325 1474 tum
362 1434 496 1473 etiam
531 1433 740 1485 principia
773 1433 1078 1485 grammatices
1115 1433 1375 1481 edocentur;
1410 1435 1452 1472 in
1486 1435 1623 1485 prima
1658 1448 1764 1473 uero

134 1506 369 1546 Rhetorica
404 1505 458 1545 ad
494 1505 779 1552 Herennium,
817 1506 987 1544 libellus
1022 1505 1078 1544 de
1108 1504 1311 1553 amicitia,
1345 1505 1399 1544 de
1432 1511 1615 1556 utraque
1640 1507 1765 1557 copia

137 1580 183 1618 P.
208 1579 363 1628 Frusij,
387 1577 625 1627 Cleonardj
659 1577 942 1629 grammatica
972 1589 1133 1628 graeca
1162 1577 1404 1616 traduntur.
1439 1577 1496 1615 At
1526 1578 1567 1616 in
1600 1577 1766 1616 duabus

133 1649 409 1699 intermedijs
430 1649 728 1701 grammatica,
756 1649 970 1699 epistolae
992 1648 1236 1696 Ciceronis,
1262 1653 1305 1686 et
1340 1648 1495 1687 similia
1516 1649 1659 1700 captuj
1684 1648 1766 1687 dis—

135 1720 375 1772 cipulorum
411 1732 606 1772 congrua
638 1720 967 1771 praeleguntur.
1006 1719 1171 1758 Diebus
1205 1733 1336 1770 porro
1369 1720 1545 1758 veneris
1577 1726 1620 1758 et
1641 1720 1766 1758 festis

135 1806 301 1831 summa
322 1791 549 1830 doctrinae
573 1791 833 1829 christianae
858 1791 1057 1829 omnibus
1080 1791 1336 1841 explicatur,
1362 1792 1483 1830 cuius
1506 1792 1638 1830 etiam
1671 1804 1765 1842 par-

135 1869 225 1902 tem
259 1863 460 1914 aliquam,
496 1863 568 1913 qui
603 1862 858 1900 inferiorum
895 1861 1096 1900 classium
1133 1866 1245 1909 sunt,
1283 1861 1480 1913 quotidie
1511 1862 1766 1900 memoriter

135 1934 323 1973 reddere
346 1939 567 1972 tenentur.
594 1933 715 1973 Ordo
739 1938 783 1971 et
805 1933 959 1971 modus
982 1932 1182 1972 tradendi
1211 1933 1458 1984 disciplinas
1484 1933 1766 1971 humaniores

134 2007 250 2045 idem
271 2006 364 2045 fere
388 2011 454 2044 est
476 2019 573 2045 cum
597 2019 668 2052 eo,
692 2018 821 2056 quem
843 2006 885 2043 in
906 2018 1087 2043 romano
1111 2005 1300 2056 collegio
1323 2006 1445 2044 annis
1468 2006 1765 2056 superioribus

138 2078 361 2117 obseruari
383 2077 583 2115 uidimus.
611 2077 696 2127 Qui
719 2076 849 2114 etiam
873 2075 1081 2127 deinceps
1104 2077 1423 2124 obseruabitur,
1444 2076 1588 2115 donec
1605 2076 1658 2114 de
1681 2077 1764 2114 alio

135 2149 292 2187 isthinc
313 2147 526 2187 certiores
548 2147 798 2186 reddamur.
823 2147 980 2186 Missae
1009 2147 1221 2186 sacrificio
1244 2147 1439 2198 quotidie
1467 2146 1591 2198 pueri
1613 2161 1766 2185 omnes

136 2233 233 2259 cum
255 2219 562 2259 aedificatione
585 2219 820 2257 multorum
842 2218 1072 2256 intersunt.
1098 2220 1215 2257 Loco
1240 2219 1501 2266 orationum,
1535 2231 1645 2269 quae
1676 2219 1765 2256 lec-

135 2291 325 2329 tionibus
346 2289 564 2341 praemittj
588 2290 746 2336 solent,
772 2289 998 2328 cantiones
1021 2289 1349 2328 ecclesiasticae
1372 2303 1493 2328 more
1512 2289 1764 2327 viennensis

136 2362 310 2413 collegij
334 2362 610 2408 adhibentur,
635 2373 746 2412 quae
768 2361 918 2399 nescio
942 2374 1071 2412 quem
1095 2361 1290 2399 excitant
1311 2362 1353 2400 in
1375 2361 1643 2399 audientium
1679 2352 1764 2398 ani-

136 2434 215 2471 mis
237 2432 488 2471 deuotionis
509 2432 732 2471 affectum.
758 2433 823 2470 De
846 2432 1180 2483 multiplicandis
1203 2433 1413 2470 classibus
1437 2438 1480 2470 et
1501 2432 1764 2470 lectionibus

136 2505 361 2544 altioribus
390 2503 689 2556 proponendis
724 2505 968 2555 cogitamus
998 2504 1188 2554 quidem,
1227 2503 1305 2543 sed
1339 2505 1382 2542 in
1415 2504 1762 2554 praesentiarum

135 2589 223 2614 non
257 2575 460 2614 uidentur
494 2573 547 2612 ad
583 2574 738 2613 altiora
771 2574 918 2623 idonej
955 2575 1167 2626 discipuli.
1206 2575 1478 2626 Theologica
1509 2575 1601 2612 sola
1629 2574 1761 2612 lectio

136 2652 236 2698 post
256 2647 446 2697 paschae
467 2646 580 2684 festa
606 2645 843 2697 praedictis
878 2645 1052 2684 uidetur
1087 2646 1378 2697 adiungenda,
1411 2646 1528 2697 quod
1562 2659 1639 2696 pro
1677 2645 1764 2682 suis

139 2730 233 2756 eam
252 2716 556 2756 sacerdotibus
573 2730 661 2755 non
679 2718 814 2755 semel
834 2717 1083 2767 efflagitarit
1100 2716 1316 2755 illustriss.
1340 2717 1555 2768 princeps.
1581 2718 1632 2754 Et
1654 2717 1764 2753 haec

137 2788 312 2840 quidem
344 2788 398 2827 de
434 2789 614 2835 scholis,
639 2801 749 2839 quae
772 2788 947 2826 vnicum
968 2788 1061 2827 fere
1084 2789 1282 2827 laborum
1304 2793 1554 2826 nostrorum
1577 2793 1675 2825 sunt
1697 2800 1762 2824 so-

137 2859 301 2906 latium,
326 2871 425 2897 curn
446 2859 489 2896 in
510 2859 575 2897 his
596 2859 756 2897 bonam
778 2859 928 2896 salutis
948 2859 1074 2897 huius
1100 2859 1265 2910 patriae
1300 2866 1470 2910 partem
1507 2860 1761 2896 collocatam

138 2929 364 2968 uideamus
404 2930 438 2968 Υ).
484 2930 600 2980 Quid
641 2930 754 2969 enim
789 2935 926 2977 uetat,
956 2935 1002 2967 ut
1038 2943 1092 2969 ex
1122 2930 1203 2977 his,
1242 2932 1363 2969 uelut
1398 2944 1452 2969 ex
1484 2943 1595 2980 equo
1633 2930 1761 2967 troia-

186 3064 206 3084 a
255 3065 295 3101 in
312 3069 450 3111 supra
470 3075 580 3102 vers.
633 3065 698 3091 ——b
721 3064 855 3102 Prius
873 3064 1069 3102 videmus.
