<?xml version="1.0" encoding="UTF-8"?>
<!DOCTYPE html PUBLIC "-//W3C//DTD XHTML 1.0 Transitional//EN"
    "http://www.w3.org/TR/xhtml1/DTD/xhtml1-transitional.dtd">
<html xmlns="http://www.w3.org/1999/xhtml" xml:lang="en" lang="en">
 <head>
  <title>
</title>
<meta http-equiv="Content-Type" content="text/html;charset=utf-8" />
  <meta name='ocr-system' content='tesseract 3.04.00' />
  <meta name='ocr-capabilities' content='ocr_page ocr_carea ocr_par ocr_line ocrx_word'/>
</head>
<body>
  <div class='ocr_page' id='page_1' title='image "./litteraequadrime18lain_0973.png"; bbox 0 0 2038 3400; ppageno 0'>
   <div class='ocr_carea' id='block_1_1' title="bbox 521 234 1658 275">
    <p class='ocr_par' dir='ltr' id='par_1_1' title="bbox 521 234 1658 275">
     <span class='ocr_line' id='line_1_1' title="bbox 521 234 1658 275; baseline -0.001 -2"><span class='ocrx_word' id='word_1_1' title='bbox 521 237 836 275; x_wconf 56' lang='lat' dir='ltr'>Acta—Amnum</span> <span class='ocrx_word' id='word_1_2' title='bbox 865 238 877 273; x_wconf 94' lang='lat'>1</span> <span class='ocrx_word' id='word_1_3' title='bbox 908 237 1152 274; x_wconf 70' lang='lat' dir='ltr'>DECEMBms</span> <span class='ocrx_word' id='word_1_4' title='bbox 1182 237 1270 274; x_wconf 84' lang='lat'>1560</span> <span class='ocrx_word' id='word_1_5' title='bbox 1586 234 1658 272; x_wconf 78' lang='lat'>955</span> 
     </span>
    </p>
   </div>
   <div class='ocr_carea' id='block_1_2' title="bbox 83 338 1702 675">
    <p class='ocr_par' dir='ltr' id='par_1_2' title="bbox 83 338 1702 675">
     <span class='ocr_line' id='line_1_2' title="bbox 87 338 1702 390; baseline -0.002 -12"><span class='ocrx_word' id='word_1_6' title='bbox 87 341 198 378; x_wconf 87' lang='lat' dir='ltr'>haee</span> <span class='ocrx_word' id='word_1_7' title='bbox 218 340 425 389; x_wconf 81' lang='lat' dir='ltr'>nequitia,</span> <span class='ocrx_word' id='word_1_8' title='bbox 451 346 657 389; x_wconf 89' lang='lat' dir='ltr'>quantum</span> <span class='ocrx_word' id='word_1_9' title='bbox 680 340 720 377; x_wconf 90' lang='lat' dir='ltr'>in</span> <span class='ocrx_word' id='word_1_10' title='bbox 750 338 876 377; x_wconf 85' lang='lat' dir='ltr'>nobis</span> <span class='ocrx_word' id='word_1_11' title='bbox 907 340 1034 378; x_wconf 88' lang='lat' dir='ltr'>situm</span> <span class='ocrx_word' id='word_1_12' title='bbox 1064 339 1161 385; x_wconf 84' lang='lat' dir='ltr'>fuit,</span> <span class='ocrx_word' id='word_1_13' title='bbox 1193 338 1498 390; x_wconf 77' lang='lat' dir='ltr'>castigaretur,</span> <span class='ocrx_word' id='word_1_14' title='bbox 1522 338 1702 385; x_wconf 81' lang='lat' dir='ltr'>ignomi-</span> 
     </span>
     <span class='ocr_line' id='line_1_3' title="bbox 85 411 1702 462; baseline -0.001 -14"><span class='ocrx_word' id='word_1_15' title='bbox 85 411 241 462; x_wconf 82' lang='lat' dir='ltr'>niaque</span> <span class='ocrx_word' id='word_1_16' title='bbox 273 411 582 461; x_wconf 86' lang='lat' dir='ltr'>augustissimo</span> <span class='ocrx_word' id='word_1_17' title='bbox 615 417 889 449; x_wconf 88' lang='lat' dir='ltr'>sacramento</span> <span class='ocrx_word' id='word_1_18' title='bbox 922 411 1036 449; x_wconf 83' lang='lat' dir='ltr'>facta</span> <span class='ocrx_word' id='word_1_19' title='bbox 1056 418 1074 435; x_wconf 58' lang='grc' dir='ltr'>ἃ</span> <span class='ocrx_word' id='word_1_20' title='bbox 1106 411 1343 448; x_wconf 85' lang='lat' dir='ltr'>elueretur.</span> <span class='ocrx_word' id='word_1_21' title='bbox 1378 412 1474 448; x_wconf 91' lang='lat' dir='ltr'>Hoc</span> <span class='ocrx_word' id='word_1_22' title='bbox 1504 416 1702 460; x_wconf 84' lang='lat' dir='ltr'>tempore</span> 
     </span>
     <span class='ocr_line' id='line_1_4' title="bbox 84 481 1702 533; baseline -0.001 -13"><span class='ocrx_word' id='word_1_23' title='bbox 84 481 244 520; x_wconf 82' lang='lat' dir='ltr'>nostris</span> <span class='ocrx_word' id='word_1_24' title='bbox 265 483 430 533; x_wconf 85' lang='lat' dir='ltr'>aliquot</span> <span class='ocrx_word' id='word_1_25' title='bbox 454 482 679 533; x_wconf 81' lang='lat' dir='ltr'>vtriusque</span> <span class='ocrx_word' id='word_1_26' title='bbox 702 494 834 520; x_wconf 85' lang='lat' dir='ltr'>sexus</span> <span class='ocrx_word' id='word_1_27' title='bbox 856 483 1056 520; x_wconf 88' lang='lat' dir='ltr'>homines</span> <span class='ocrx_word' id='word_1_28' title='bbox 1085 488 1269 532; x_wconf 85' lang='lat' dir='ltr'>peccata</span> <span class='ocrx_word' id='word_1_29' title='bbox 1297 494 1374 520; x_wconf 84' lang='lat' dir='ltr'>sua</span> <span class='ocrx_word' id='word_1_30' title='bbox 1404 482 1487 519; x_wconf 83' lang='lat' dir='ltr'>ritu</span> <span class='ocrx_word' id='word_1_31' title='bbox 1509 481 1702 519; x_wconf 84' lang='lat' dir='ltr'>christia-</span> 
     </span>
     <span class='ocr_line' id='line_1_5' title="bbox 83 552 1702 604; baseline 0 -14"><span class='ocrx_word' id='word_1_32' title='bbox 83 565 235 591; x_wconf 90' lang='lat' dir='ltr'>norum</span> <span class='ocrx_word' id='word_1_33' title='bbox 259 552 449 590; x_wconf 79' lang='lat' dir='ltr'>confessi</span> <span class='ocrx_word' id='word_1_34' title='bbox 471 558 584 599; x_wconf 85' lang='lat' dir='ltr'>sunt,</span> <span class='ocrx_word' id='word_1_35' title='bbox 608 552 775 603; x_wconf 86' lang='lat' dir='ltr'>fuitque</span> <span class='ocrx_word' id='word_1_36' title='bbox 806 553 988 604; x_wconf 88' lang='lat' dir='ltr'>amplior</span> <span class='ocrx_word' id='word_1_37' title='bbox 1011 558 1053 590; x_wconf 92' lang='lat' dir='ltr'>et</span> <span class='ocrx_word' id='word_1_38' title='bbox 1085 553 1220 591; x_wconf 91' lang='lat' dir='ltr'>maior</span> <span class='ocrx_word' id='word_1_39' title='bbox 1252 554 1420 599; x_wconf 83' lang='lat' dir='ltr'>messis,</span> <span class='ocrx_word' id='word_1_40' title='bbox 1453 566 1583 603; x_wconf 85' lang='lat' dir='ltr'>quam</span> <span class='ocrx_word' id='word_1_41' title='bbox 1607 565 1702 602; x_wconf 89' lang='lat' dir='ltr'>spe-</span> 
     </span>
     <span class='ocr_line' id='line_1_6' title="bbox 83 623 1701 675; baseline -0.001 -13"><span class='ocrx_word' id='word_1_42' title='bbox 83 625 166 662; x_wconf 87' lang='lat' dir='ltr'>rari</span> <span class='ocrx_word' id='word_1_43' title='bbox 187 625 403 675; x_wconf 88' lang='lat' dir='ltr'>potuisset</span> <span class='ocrx_word' id='word_1_44' title='bbox 424 625 536 662; x_wconf 89' lang='lat' dir='ltr'>inter</span> <span class='ocrx_word' id='word_1_45' title='bbox 558 624 696 662; x_wconf 89' lang='lat' dir='ltr'>filices</span> <span class='ocrx_word' id='word_1_46' title='bbox 720 630 763 661; x_wconf 90' lang='lat' dir='ltr'>et</span> <span class='ocrx_word' id='word_1_47' title='bbox 784 623 901 663; x_wconf 88' lang='lat' dir='ltr'>lolia.</span> <span class='ocrx_word' id='word_1_48' title='bbox 928 625 1026 663; x_wconf 92' lang='lat' dir='ltr'>Hoc</span> <span class='ocrx_word' id='word_1_49' title='bbox 1050 638 1179 662; x_wconf 87' lang='lat' dir='ltr'>unum</span> <span class='ocrx_word' id='word_1_50' title='bbox 1203 624 1358 662; x_wconf 86' lang='lat' dir='ltr'>saltem</span> <span class='ocrx_word' id='word_1_51' title='bbox 1379 624 1449 662; x_wconf 88' lang='lat' dir='ltr'>hic</span> <span class='ocrx_word' id='word_1_52' title='bbox 1470 625 1489 649; x_wconf 75' lang='lat' dir='ltr'>b</span> <span class='ocrx_word' id='word_1_53' title='bbox 1512 624 1701 662; x_wconf 91' lang='lat' dir='ltr'>omnium</span> 
     </span>
    </p>
   </div>
   <div class='ocr_carea' id='block_1_3' title="bbox 83 695 1703 812">
    <p class='ocr_par' dir='ltr' id='par_1_3' title="bbox 83 695 1703 812">
     <span class='ocr_line' id='line_1_7' title="bbox 83 695 1702 747; baseline 0 -14"><span class='ocrx_word' id='word_1_54' title='bbox 83 701 150 734; x_wconf 89' lang='lat' dir='ltr'>est</span> <span class='ocrx_word' id='word_1_55' title='bbox 172 696 363 746; x_wconf 87' lang='lat' dir='ltr'>elogium</span> <span class='ocrx_word' id='word_1_56' title='bbox 386 695 440 733; x_wconf 92' lang='lat' dir='ltr'>de</span> <span class='ocrx_word' id='word_1_57' title='bbox 462 695 688 733; x_wconf 87' lang='lat' dir='ltr'>Societate</span> <span class='ocrx_word' id='word_1_58' title='bbox 708 697 827 747; x_wconf 81' lang='lat' dir='ltr'>Jesu;</span> <span class='ocrx_word' id='word_1_59' title='bbox 851 696 944 734; x_wconf 90' lang='lat' dir='ltr'>eius</span> <span class='ocrx_word' id='word_1_60' title='bbox 973 708 1107 746; x_wconf 91' lang='lat' dir='ltr'>opera</span> <span class='ocrx_word' id='word_1_61' title='bbox 1126 708 1177 733; x_wconf 88' lang='lat' dir='ltr'>ac</span> <span class='ocrx_word' id='word_1_62' title='bbox 1206 695 1417 734; x_wconf 83' lang='lat' dir='ltr'>industria</span> <span class='ocrx_word' id='word_1_63' title='bbox 1443 701 1541 746; x_wconf 90' lang='lat' dir='ltr'>post</span> <span class='ocrx_word' id='word_1_64' title='bbox 1564 696 1702 733; x_wconf 90' lang='lat' dir='ltr'>Deum</span> 
     </span>
     <span class='ocr_line' id='line_1_8' title="bbox 84 760 1703 812; baseline -0.001 -13"><span class='ocrx_word' id='word_1_65' title='bbox 84 761 305 810; x_wconf 87' lang='lat' dir='ltr'>Optimum</span> <span class='ocrx_word' id='word_1_66' title='bbox 328 760 561 798; x_wconf 81' lang='lat' dir='ltr'>Maximum</span> <span class='ocrx_word' id='word_1_67' title='bbox 584 766 887 798; x_wconf 86' lang='lat' dir='ltr'>conseruatam</span> <span class='ocrx_word' id='word_1_68' title='bbox 910 760 951 799; x_wconf 88' lang='lat' dir='ltr'>in</span> <span class='ocrx_word' id='word_1_69' title='bbox 972 761 1054 799; x_wconf 89' lang='lat' dir='ltr'>hac</span> <span class='ocrx_word' id='word_1_70' title='bbox 1075 761 1256 812; x_wconf 81' lang='lat' dir='ltr'>regione</span> <span class='ocrx_word' id='word_1_71' title='bbox 1278 761 1503 812; x_wconf 87' lang='lat' dir='ltr'>pietatem,</span> <span class='ocrx_word' id='word_1_72' title='bbox 1538 765 1581 799; x_wconf 85' lang='lat' dir='ltr'>et</span> <span class='ocrx_word' id='word_1_73' title='bbox 1602 761 1703 798; x_wconf 87' lang='lat' dir='ltr'>hae-</span> 
     </span>
    </p>
   </div>
   <div class='ocr_carea' id='block_1_4' title="bbox 61 831 1703 1665">
    <p class='ocr_par' dir='ltr' id='par_1_4' title="bbox 61 831 1703 1596">
     <span class='ocr_line' id='line_1_9' title="bbox 61 831 1702 883; baseline 0.001 -15"><span class='ocrx_word' id='word_1_74' title='bbox 61 831 197 883; x_wconf 32' lang='lat' dir='ltr'>&#39;resin</span> <span class='ocrx_word' id='word_1_75' title='bbox 218 843 305 868; x_wconf 92' lang='lat' dir='ltr'>non</span> <span class='ocrx_word' id='word_1_76' title='bbox 326 843 477 881; x_wconf 89' lang='lat' dir='ltr'>parum</span> <span class='ocrx_word' id='word_1_77' title='bbox 498 831 763 868; x_wconf 85' lang='lat' dir='ltr'>retardatam</span> <span class='ocrx_word' id='word_1_78' title='bbox 785 844 836 870; x_wconf 87' lang='lat' dir='ltr'>ac</span> <span class='ocrx_word' id='word_1_79' title='bbox 857 831 1126 869; x_wconf 83' lang='lat' dir='ltr'>debilitatam</span> <span class='ocrx_word' id='word_1_80' title='bbox 1148 832 1296 870; x_wconf 89' lang='lat' dir='ltr'>fuisse.</span> <span class='ocrx_word' id='word_1_81' title='bbox 1329 831 1506 869; x_wconf 86' lang='lat' dir='ltr'>Christo</span> <span class='ocrx_word' id='word_1_82' title='bbox 1534 833 1637 882; x_wconf 91' lang='lat' dir='ltr'>Jesu</span> <span class='ocrx_word' id='word_1_83' title='bbox 1661 831 1702 869; x_wconf 90' lang='lat' dir='ltr'>id</span> 
     </span>
     <span class='ocr_line' id='line_1_10' title="bbox 87 901 1703 953; baseline 0.001 -14"><span class='ocrx_word' id='word_1_84' title='bbox 87 914 217 939; x_wconf 91' lang='lat' dir='ltr'>omne</span> <span class='ocrx_word' id='word_1_85' title='bbox 239 907 468 952; x_wconf 88' lang='lat' dir='ltr'>acceptum</span> <span class='ocrx_word' id='word_1_86' title='bbox 502 901 604 939; x_wconf 85' lang='lat' dir='ltr'>ferri</span> <span class='ocrx_word' id='word_1_87' title='bbox 634 901 784 948; x_wconf 87' lang='lat' dir='ltr'>debet,</span> <span class='ocrx_word' id='word_1_88' title='bbox 822 902 893 952; x_wconf 91' lang='lat' dir='ltr'>qui</span> <span class='ocrx_word' id='word_1_89' title='bbox 928 902 1000 940; x_wconf 86' lang='lat' dir='ltr'>dat</span> <span class='ocrx_word' id='word_1_90' title='bbox 1037 908 1079 940; x_wconf 94' lang='lat' dir='ltr'>et</span> <span class='ocrx_word' id='word_1_91' title='bbox 1114 904 1229 941; x_wconf 88' lang='lat' dir='ltr'>velle</span> <span class='ocrx_word' id='word_1_92' title='bbox 1253 910 1296 941; x_wconf 91' lang='lat' dir='ltr'>et</span> <span class='ocrx_word' id='word_1_93' title='bbox 1318 903 1531 953; x_wconf 90' lang='lat' dir='ltr'>perficere</span> <span class='ocrx_word' id='word_1_94' title='bbox 1556 903 1579 941; x_wconf 84' lang='lat'>¹.</span> <span class='ocrx_word' id='word_1_95' title='bbox 1604 904 1703 941; x_wconf 89' lang='lat' dir='ltr'>Non</span> 
     </span>
     <span class='ocr_line' id='line_1_11' title="bbox 83 972 1700 1024; baseline 0.001 -14"><span class='ocrx_word' id='word_1_96' title='bbox 83 972 278 1010; x_wconf 86' lang='lat' dir='ltr'>omittam</span> <span class='ocrx_word' id='word_1_97' title='bbox 300 973 425 1010; x_wconf 88' lang='lat' dir='ltr'>istius</span> <span class='ocrx_word' id='word_1_98' title='bbox 447 973 596 1023; x_wconf 86' lang='lat' dir='ltr'>populi</span> <span class='ocrx_word' id='word_1_99' title='bbox 616 973 729 1023; x_wconf 89' lang='lat' dir='ltr'>piam</span> <span class='ocrx_word' id='word_1_100' title='bbox 761 973 1042 1011; x_wconf 77' lang='lat' dir='ltr'>affectionem</span> <span class='ocrx_word' id='word_1_101' title='bbox 1072 975 1288 1024; x_wconf 78' lang='lat' dir='ltr'>proditam</span> <span class='ocrx_word' id='word_1_102' title='bbox 1319 973 1389 1012; x_wconf 89' lang='lat' dir='ltr'>die</span> <span class='ocrx_word' id='word_1_103' title='bbox 1420 987 1700 1024; x_wconf 86' lang='lat' dir='ltr'>parasceues,</span> 
     </span>
     <span class='ocr_line' id='line_1_12' title="bbox 82 1043 1702 1095; baseline 0.001 -14"><span class='ocrx_word' id='word_1_104' title='bbox 82 1043 197 1091; x_wconf 88' lang='lat' dir='ltr'>dum,</span> <span class='ocrx_word' id='word_1_105' title='bbox 222 1044 283 1082; x_wconf 83' lang='lat' dir='ltr'>uti</span> <span class='ocrx_word' id='word_1_106' title='bbox 305 1044 368 1090; x_wconf 81' lang='lat' dir='ltr'>fit,</span> <span class='ocrx_word' id='word_1_107' title='bbox 395 1044 538 1095; x_wconf 83' lang='lat' dir='ltr'>imago</span> <span class='ocrx_word' id='word_1_108' title='bbox 572 1044 769 1082; x_wconf 85' lang='lat' dir='ltr'>crucifixi</span> <span class='ocrx_word' id='word_1_109' title='bbox 790 1056 813 1081; x_wconf 92' lang='lat' dir='ltr'>a</span> <span class='ocrx_word' id='word_1_110' title='bbox 836 1044 1149 1084; x_wconf 86' lang='lat' dir='ltr'>concionatore</span> <span class='ocrx_word' id='word_1_111' title='bbox 1182 1046 1285 1083; x_wconf 83' lang='lat' dir='ltr'>satis</span> <span class='ocrx_word' id='word_1_112' title='bbox 1321 1046 1510 1084; x_wconf 90' lang='lat' dir='ltr'>animato</span> <span class='ocrx_word' id='word_1_113' title='bbox 1544 1046 1597 1083; x_wconf 89' lang='lat' dir='ltr'>ad</span> <span class='ocrx_word' id='word_1_114' title='bbox 1628 1059 1702 1083; x_wconf 88' lang='lat' dir='ltr'>vo-</span> 
     </span>
     <span class='ocr_line' id='line_1_13' title="bbox 81 1114 1703 1165; baseline 0.001 -13"><span class='ocrx_word' id='word_1_115' title='bbox 81 1115 271 1152; x_wconf 89' lang='lat' dir='ltr'>luntates</span> <span class='ocrx_word' id='word_1_116' title='bbox 305 1114 629 1165; x_wconf 88' lang='lat' dir='ltr'>permouendas</span> <span class='ocrx_word' id='word_1_117' title='bbox 667 1114 994 1162; x_wconf 72' lang='lat' dir='ltr'>ostenderetur,</span> <span class='ocrx_word' id='word_1_118' title='bbox 1026 1116 1078 1153; x_wconf 90' lang='lat' dir='ltr'>ab</span> <span class='ocrx_word' id='word_1_119' title='bbox 1102 1116 1300 1154; x_wconf 86' lang='lat' dir='ltr'>omnibus</span> <span class='ocrx_word' id='word_1_120' title='bbox 1328 1117 1612 1155; x_wconf 86' lang='lat' dir='ltr'>acclamatum</span> <span class='ocrx_word' id='word_1_121' title='bbox 1636 1122 1703 1154; x_wconf 88' lang='lat' dir='ltr'>est</span> 
     </span>
     <span class='ocr_line' id='line_1_14' title="bbox 85 1186 1699 1239; baseline 0.002 -16"><span class='ocrx_word' id='word_1_122' title='bbox 85 1187 196 1233; x_wconf 89' lang='lat' dir='ltr'>Deo,</span> <span class='ocrx_word' id='word_1_123' title='bbox 222 1187 349 1236; x_wconf 91' lang='lat' dir='ltr'>eique</span> <span class='ocrx_word' id='word_1_124' title='bbox 375 1194 390 1211; x_wconf 79' lang='lat'>0</span> <span class='ocrx_word' id='word_1_125' title='bbox 419 1186 473 1224; x_wconf 88' lang='lat' dir='ltr'>ad</span> <span class='ocrx_word' id='word_1_126' title='bbox 510 1187 724 1237; x_wconf 87' lang='lat' dir='ltr'>lacrymas</span> <span class='ocrx_word' id='word_1_127' title='bbox 760 1199 897 1237; x_wconf 91' lang='lat' dir='ltr'>vsque</span> <span class='ocrx_word' id='word_1_128' title='bbox 928 1200 1005 1237; x_wconf 92' lang='lat' dir='ltr'>pro</span> <span class='ocrx_word' id='word_1_129' title='bbox 1040 1188 1234 1237; x_wconf 87' lang='lat' dir='ltr'>peccatis</span> <span class='ocrx_word' id='word_1_130' title='bbox 1268 1189 1355 1226; x_wconf 89' lang='lat' dir='ltr'>suis</span> <span class='ocrx_word' id='word_1_131' title='bbox 1390 1189 1699 1239; x_wconf 80' lang='lat' dir='ltr'>supplicarunt.</span> 
     </span>
     <span class='ocr_line' id='line_1_15' title="bbox 84 1256 1699 1311; baseline 0.002 -16"><span class='ocrx_word' id='word_1_132' title='bbox 84 1259 168 1296; x_wconf 84' lang='lat' dir='ltr'>Res</span> <span class='ocrx_word' id='word_1_133' title='bbox 191 1263 257 1295; x_wconf 90' lang='lat' dir='ltr'>est</span> <span class='ocrx_word' id='word_1_134' title='bbox 278 1257 454 1308; x_wconf 88' lang='lat' dir='ltr'>quidem</span> <span class='ocrx_word' id='word_1_135' title='bbox 477 1257 496 1282; x_wconf 75' lang='lat' dir='ltr'>d</span> <span class='ocrx_word' id='word_1_136' title='bbox 531 1257 722 1309; x_wconf 88' lang='lat' dir='ltr'>uulgaris</span> <span class='ocrx_word' id='word_1_137' title='bbox 756 1257 797 1295; x_wconf 90' lang='lat' dir='ltr'>in</span> <span class='ocrx_word' id='word_1_138' title='bbox 833 1256 969 1305; x_wconf 90' lang='lat' dir='ltr'>Italia,</span> <span class='ocrx_word' id='word_1_139' title='bbox 1006 1258 1119 1308; x_wconf 89' lang='lat' dir='ltr'>apud</span> <span class='ocrx_word' id='word_1_140' title='bbox 1154 1272 1232 1296; x_wconf 91' lang='lat' dir='ltr'>nos</span> <span class='ocrx_word' id='word_1_141' title='bbox 1263 1272 1370 1297; x_wconf 86' lang='lat' dir='ltr'>vero</span> <span class='ocrx_word' id='word_1_142' title='bbox 1394 1267 1411 1285; x_wconf 78' lang='lat' dir='ltr'>e</span> <span class='ocrx_word' id='word_1_143' title='bbox 1432 1259 1699 1311; x_wconf 84' lang='lat' dir='ltr'>prodigiosa.</span> 
     </span>
     <span class='ocr_line' id='line_1_16' title="bbox 82 1328 1699 1378; baseline 0.001 -10"><span class='ocrx_word' id='word_1_144' title='bbox 82 1330 239 1368; x_wconf 89' lang='lat' dir='ltr'>Conati</span> <span class='ocrx_word' id='word_1_145' title='bbox 261 1334 360 1367; x_wconf 91' lang='lat' dir='ltr'>sunt</span> <span class='ocrx_word' id='word_1_146' title='bbox 376 1329 571 1367; x_wconf 86' lang='lat' dir='ltr'>nonnulli</span> <span class='ocrx_word' id='word_1_147' title='bbox 588 1328 691 1367; x_wconf 90' lang='lat' dir='ltr'>fidei</span> <span class='ocrx_word' id='word_1_148' title='bbox 709 1329 953 1367; x_wconf 87' lang='lat' dir='ltr'>catholicae</span> <span class='ocrx_word' id='word_1_149' title='bbox 970 1330 1136 1376; x_wconf 79' lang='lat' dir='ltr'>hostes,</span> <span class='ocrx_word' id='word_1_150' title='bbox 1156 1343 1210 1368; x_wconf 90' lang='lat' dir='ltr'>ne</span> <span class='ocrx_word' id='word_1_151' title='bbox 1229 1331 1461 1369; x_wconf 88' lang='lat' dir='ltr'>ueritatem</span> <span class='ocrx_word' id='word_1_152' title='bbox 1484 1330 1699 1378; x_wconf 88' lang='lat' dir='ltr'>audirent,</span> 
     </span>
     <span class='ocr_line' id='line_1_17' title="bbox 82 1399 1702 1453; baseline 0.001 -14"><span class='ocrx_word' id='word_1_153' title='bbox 82 1406 233 1439; x_wconf 89' lang='lat' dir='ltr'>contra</span> <span class='ocrx_word' id='word_1_154' title='bbox 255 1402 529 1438; x_wconf 89' lang='lat' dir='ltr'>voluntatem</span> <span class='ocrx_word' id='word_1_155' title='bbox 551 1413 602 1438; x_wconf 91' lang='lat' dir='ltr'>ac</span> <span class='ocrx_word' id='word_1_156' title='bbox 618 1399 846 1450; x_wconf 89' lang='lat' dir='ltr'>imperium</span> <span class='ocrx_word' id='word_1_157' title='bbox 869 1399 1079 1452; x_wconf 89' lang='lat' dir='ltr'>episcopi,</span> <span class='ocrx_word' id='word_1_158' title='bbox 1099 1402 1229 1440; x_wconf 90' lang='lat' dir='ltr'>alium</span> <span class='ocrx_word' id='word_1_159' title='bbox 1247 1415 1496 1453; x_wconf 85' lang='lat' dir='ltr'>surrogare,</span> <span class='ocrx_word' id='word_1_160' title='bbox 1519 1404 1702 1442; x_wconf 88' lang='lat' dir='ltr'>occultis</span> 
     </span>
     <span class='ocr_line' id='line_1_18' title="bbox 79 1471 1702 1523; baseline 0.002 -14"><span class='ocrx_word' id='word_1_161' title='bbox 79 1471 336 1522; x_wconf 89' lang='lat' dir='ltr'>quibusdam</span> <span class='ocrx_word' id='word_1_162' title='bbox 359 1472 566 1520; x_wconf 87' lang='lat' dir='ltr'>consilijs,</span> <span class='ocrx_word' id='word_1_163' title='bbox 591 1471 632 1510; x_wconf 86' lang='lat' dir='ltr'>in</span> <span class='ocrx_word' id='word_1_164' title='bbox 654 1478 928 1523; x_wconf 87' lang='lat' dir='ltr'>suggestum,</span> <span class='ocrx_word' id='word_1_165' title='bbox 962 1472 1130 1511; x_wconf 90' lang='lat' dir='ltr'>reiecta</span> <span class='ocrx_word' id='word_1_166' title='bbox 1159 1473 1386 1512; x_wconf 88' lang='lat' dir='ltr'>Societate</span> <span class='ocrx_word' id='word_1_167' title='bbox 1421 1480 1586 1522; x_wconf 89' lang='lat' dir='ltr'>nostra,</span> <span class='ocrx_word' id='word_1_168' title='bbox 1625 1474 1702 1513; x_wconf 87' lang='lat' dir='ltr'>sed</span> 
     </span>
     <span class='ocr_line' id='line_1_19' title="bbox 83 1542 1427 1596; baseline 0.002 -16"><span class='ocrx_word' id='word_1_169' title='bbox 83 1542 298 1581; x_wconf 87' lang='lat' dir='ltr'>eiusmodi</span> <span class='ocrx_word' id='word_1_170' title='bbox 321 1547 503 1580; x_wconf 87' lang='lat' dir='ltr'>conatus</span> <span class='ocrx_word' id='word_1_171' title='bbox 525 1544 721 1594; x_wconf 91' lang='lat' dir='ltr'>perbelle</span> <span class='ocrx_word' id='word_1_172' title='bbox 743 1543 863 1581; x_wconf 92' lang='lat' dir='ltr'>Deus</span> <span class='ocrx_word' id='word_1_173' title='bbox 887 1544 1163 1594; x_wconf 90' lang='lat' dir='ltr'>omnipotens</span> <span class='ocrx_word' id='word_1_174' title='bbox 1186 1543 1427 1596; x_wconf 87' lang='lat' dir='ltr'>dissipauit.</span> 
     </span>
    </p>

    <p class='ocr_par' dir='ltr' id='par_1_5' title="bbox 134 1613 1702 1665">
     <span class='ocr_line' id='line_1_20' title="bbox 134 1613 1702 1665; baseline 0.003 -15"><span class='ocrx_word' id='word_1_175' title='bbox 134 1624 172 1662; x_wconf 87' lang='grc'>4.</span> <span class='ocrx_word' id='word_1_176' title='bbox 235 1613 417 1651; x_wconf 85' lang='lat' dir='ltr'>Fuxium</span> <span class='ocrx_word' id='word_1_177' title='bbox 441 1619 508 1651; x_wconf 92' lang='lat' dir='ltr'>est</span> <span class='ocrx_word' id='word_1_178' title='bbox 531 1614 736 1664; x_wconf 91' lang='lat' dir='ltr'>oppidum</span> <span class='ocrx_word' id='word_1_179' title='bbox 758 1613 811 1652; x_wconf 91' lang='lat' dir='ltr'>ad</span> <span class='ocrx_word' id='word_1_180' title='bbox 833 1614 952 1665; x_wconf 89' lang='lat' dir='ltr'>ipsos</span> <span class='ocrx_word' id='word_1_181' title='bbox 974 1619 1148 1653; x_wconf 88' lang='lat' dir='ltr'>montes</span> <span class='ocrx_word' id='word_1_182' title='bbox 1170 1615 1397 1665; x_wconf 87' lang='lat' dir='ltr'>Pyreneos</span> <span class='ocrx_word' id='word_1_183' title='bbox 1420 1616 1549 1654; x_wconf 88' lang='lat' dir='ltr'>situm</span> <span class='ocrx_word' id='word_1_184' title='bbox 1577 1616 1702 1654; x_wconf 90' lang='lat' dir='ltr'>ditio-</span> 
     </span>
    </p>
   </div>
   <div class='ocr_carea' id='block_1_5' title="bbox 81 1685 1183 1736">
    <p class='ocr_par' dir='ltr' id='par_1_6' title="bbox 81 1685 1183 1736">
     <span class='ocr_line' id='line_1_21' title="bbox 81 1685 1183 1736; baseline 0 -14"><span class='ocrx_word' id='word_1_185' title='bbox 81 1685 146 1722; x_wconf 89' lang='lat' dir='ltr'>nis</span> <span class='ocrx_word' id='word_1_186' title='bbox 168 1697 450 1723; x_wconf 89' lang='lat' dir='ltr'>nauarrorum</span> <span class='ocrx_word' id='word_1_187' title='bbox 473 1685 605 1736; x_wconf 86' lang='lat' dir='ltr'>regis.</span> <span class='ocrx_word' id='word_1_188' title='bbox 630 1686 694 1723; x_wconf 91' lang='lat' dir='ltr'>Eo</span> <span class='ocrx_word' id='word_1_189' title='bbox 717 1685 892 1735; x_wconf 91' lang='lat' dir='ltr'>quidam</span> <span class='ocrx_word' id='word_1_190' title='bbox 924 1697 947 1722; x_wconf 89' lang='lat' dir='ltr'>e</span> <span class='ocrx_word' id='word_1_191' title='bbox 978 1686 1140 1724; x_wconf 87' lang='lat' dir='ltr'>nostris</span> <span class='ocrx_word' id='word_1_192' title='bbox 1171 1685 1183 1704; x_wconf 81' lang='lat'><strong>²</strong></span> 
     </span>
    </p>
   </div>
   <div class='ocr_carea' id='block_1_6' title="bbox 74 1687 1703 2594">
    <p class='ocr_par' dir='ltr' id='par_1_7' title="bbox 74 1687 1703 2594">
     <span class='ocr_line' id='line_1_22' title="bbox 1204 1687 1702 1741; baseline 0.004 -17"><span class='ocrx_word' id='word_1_193' title='bbox 1204 1699 1370 1741; x_wconf 87' lang='lat' dir='ltr'>magna</span> <span class='ocrx_word' id='word_1_194' title='bbox 1402 1688 1506 1725; x_wconf 90' lang='lat' dir='ltr'>cleri</span> <span class='ocrx_word' id='word_1_195' title='bbox 1529 1693 1573 1725; x_wconf 90' lang='lat' dir='ltr'>et</span> <span class='ocrx_word' id='word_1_196' title='bbox 1595 1687 1702 1739; x_wconf 90' lang='lat' dir='ltr'>opti-</span> 
     </span>
     <span class='ocr_line' id='line_1_23' title="bbox 83 1756 1702 1810; baseline 0.003 -17"><span class='ocrx_word' id='word_1_197' title='bbox 83 1761 243 1794; x_wconf 90' lang='lat' dir='ltr'>matum</span> <span class='ocrx_word' id='word_1_198' title='bbox 266 1756 559 1794; x_wconf 87' lang='lat' dir='ltr'>consensione</span> <span class='ocrx_word' id='word_1_199' title='bbox 581 1757 823 1795; x_wconf 87' lang='lat' dir='ltr'>accersitus</span> <span class='ocrx_word' id='word_1_200' title='bbox 846 1762 927 1804; x_wconf 89' lang='lat' dir='ltr'>est,</span> <span class='ocrx_word' id='word_1_201' title='bbox 951 1760 997 1795; x_wconf 92' lang='lat' dir='ltr'>ut</span> <span class='ocrx_word' id='word_1_202' title='bbox 1019 1756 1236 1796; x_wconf 89' lang='lat' dir='ltr'>aduentus</span> <span class='ocrx_word' id='word_1_203' title='bbox 1257 1757 1368 1797; x_wconf 88' lang='lat' dir='ltr'>sacri</span> <span class='ocrx_word' id='word_1_204' title='bbox 1392 1764 1436 1796; x_wconf 89' lang='lat' dir='ltr'>et</span> <span class='ocrx_word' id='word_1_205' title='bbox 1463 1760 1702 1810; x_wconf 88' lang='lat' dir='ltr'>quadrage-</span> 
     </span>
     <span class='ocr_line' id='line_1_24' title="bbox 82 1826 1700 1881; baseline 0.002 -17"><span class='ocrx_word' id='word_1_206' title='bbox 82 1826 217 1864; x_wconf 91' lang='lat' dir='ltr'>simae</span> <span class='ocrx_word' id='word_1_207' title='bbox 247 1826 368 1876; x_wconf 90' lang='lat' dir='ltr'>ferijs</span> <span class='ocrx_word' id='word_1_208' title='bbox 399 1827 638 1865; x_wconf 85' lang='lat' dir='ltr'>conciones</span> <span class='ocrx_word' id='word_1_209' title='bbox 667 1828 948 1866; x_wconf 86' lang='lat' dir='ltr'>haberentur.</span> <span class='ocrx_word' id='word_1_210' title='bbox 986 1828 1033 1867; x_wconf 94' lang='lat' dir='ltr'>Id</span> <span class='ocrx_word' id='word_1_211' title='bbox 1064 1829 1225 1867; x_wconf 88' lang='lat' dir='ltr'>factum</span> <span class='ocrx_word' id='word_1_212' title='bbox 1258 1835 1324 1867; x_wconf 90' lang='lat' dir='ltr'>est</span> <span class='ocrx_word' id='word_1_213' title='bbox 1355 1842 1407 1868; x_wconf 88' lang='lat' dir='ltr'>ea</span> <span class='ocrx_word' id='word_1_214' title='bbox 1440 1830 1700 1881; x_wconf 85' lang='lat' dir='ltr'>frequentia,</span> 
     </span>
     <span class='ocr_line' id='line_1_25' title="bbox 86 1899 1702 1948; baseline 0.003 -13"><span class='ocrx_word' id='word_1_215' title='bbox 86 1911 215 1948; x_wconf 90' lang='lat' dir='ltr'>quarn</span> <span class='ocrx_word' id='word_1_216' title='bbox 238 1911 455 1948; x_wconf 89' lang='lat' dir='ltr'>nunquam</span> <span class='ocrx_word' id='word_1_217' title='bbox 478 1899 677 1937; x_wconf 89' lang='lat' dir='ltr'>uiderant</span> <span class='ocrx_word' id='word_1_218' title='bbox 706 1899 820 1937; x_wconf 89' lang='lat' dir='ltr'>illius</span> <span class='ocrx_word' id='word_1_219' title='bbox 850 1899 937 1938; x_wconf 92' lang='lat' dir='ltr'>loci</span> <span class='ocrx_word' id='word_1_220' title='bbox 970 1900 1185 1938; x_wconf 87' lang='lat' dir='ltr'>homines.</span> <span class='ocrx_word' id='word_1_221' title='bbox 1223 1901 1412 1939; x_wconf 87' lang='lat' dir='ltr'>Auditae</span> <span class='ocrx_word' id='word_1_222' title='bbox 1435 1908 1533 1939; x_wconf 90' lang='lat' dir='ltr'>sunt</span> <span class='ocrx_word' id='word_1_223' title='bbox 1555 1903 1608 1940; x_wconf 90' lang='lat' dir='ltr'>ab</span> <span class='ocrx_word' id='word_1_224' title='bbox 1631 1915 1702 1940; x_wconf 93' lang='lat' dir='ltr'>eo-</span> 
     </span>
     <span class='ocr_line' id='line_1_26' title="bbox 88 1969 1700 2023; baseline 0.002 -16"><span class='ocrx_word' id='word_1_225' title='bbox 88 1969 186 2008; x_wconf 91' lang='lat' dir='ltr'>dem</span> <span class='ocrx_word' id='word_1_226' title='bbox 209 1971 491 2020; x_wconf 77' lang='lat' dir='ltr'>plurimorum</span> <span class='ocrx_word' id='word_1_227' title='bbox 514 1970 835 2018; x_wconf 80' lang='lat' dir='ltr'>confessiones3</span> <span class='ocrx_word' id='word_1_228' title='bbox 857 1971 1052 2022; x_wconf 88' lang='lat' dir='ltr'>adempti</span> <span class='ocrx_word' id='word_1_229' title='bbox 1086 1972 1333 2023; x_wconf 89' lang='lat' dir='ltr'>plaerisque</span> <span class='ocrx_word' id='word_1_230' title='bbox 1365 1972 1571 2011; x_wconf 87' lang='lat' dir='ltr'>studiosis</span> <span class='ocrx_word' id='word_1_231' title='bbox 1605 1973 1700 2023; x_wconf 87' lang='lat' dir='ltr'>librj</span> 
     </span>
     <span class='ocr_line' id='line_1_27' title="bbox 79 2041 1702 2089; baseline 0.002 -11"><span class='ocrx_word' id='word_1_232' title='bbox 79 2041 291 2079; x_wconf 90' lang='lat' dir='ltr'>haeretici</span> <span class='ocrx_word' id='word_1_233' title='bbox 314 2046 357 2078; x_wconf 88' lang='lat' dir='ltr'>et</span> <span class='ocrx_word' id='word_1_234' title='bbox 388 2041 623 2089; x_wconf 80' lang='lat' dir='ltr'>combusti3</span> <span class='ocrx_word' id='word_1_235' title='bbox 655 2041 710 2080; x_wconf 91' lang='lat' dir='ltr'>de</span> <span class='ocrx_word' id='word_1_236' title='bbox 740 2042 832 2080; x_wconf 89' lang='lat' dir='ltr'>vita</span> <span class='ocrx_word' id='word_1_237' title='bbox 852 2055 902 2080; x_wconf 91' lang='lat' dir='ltr'>ac</span> <span class='ocrx_word' id='word_1_238' title='bbox 925 2043 1118 2081; x_wconf 90' lang='lat' dir='ltr'>moribus</span> <span class='ocrx_word' id='word_1_239' title='bbox 1139 2044 1446 2082; x_wconf 88' lang='lat' dir='ltr'>nonnullorum</span> <span class='ocrx_word' id='word_1_240' title='bbox 1476 2044 1518 2082; x_wconf 91' lang='lat' dir='ltr'>in</span> <span class='ocrx_word' id='word_1_241' title='bbox 1548 2045 1702 2082; x_wconf 84' lang='lat' dir='ltr'>melius</span> 
     </span>
     <span class='ocr_line' id='line_1_28' title="bbox 81 2112 1702 2166; baseline 0.002 -16"><span class='ocrx_word' id='word_1_242' title='bbox 81 2112 327 2150; x_wconf 90' lang='lat' dir='ltr'>consultum</span> <span class='ocrx_word' id='word_1_243' title='bbox 350 2117 430 2152; x_wconf 89' lang='lat' dir='ltr'>est.</span> <span class='ocrx_word' id='word_1_244' title='bbox 460 2113 578 2151; x_wconf 91' lang='lat' dir='ltr'>Inter</span> <span class='ocrx_word' id='word_1_245' title='bbox 613 2113 802 2164; x_wconf 84' lang='lat' dir='ltr'>gemitus</span> <span class='ocrx_word' id='word_1_246' title='bbox 836 2126 887 2152; x_wconf 92' lang='lat' dir='ltr'>ac</span> <span class='ocrx_word' id='word_1_247' title='bbox 921 2114 1105 2165; x_wconf 85' lang='lat' dir='ltr'>suspiria</span> <span class='ocrx_word' id='word_1_248' title='bbox 1135 2114 1206 2153; x_wconf 89' lang='lat' dir='ltr'>die</span> <span class='ocrx_word' id='word_1_249' title='bbox 1236 2128 1500 2166; x_wconf 90' lang='lat' dir='ltr'>parasceues</span> <span class='ocrx_word' id='word_1_250' title='bbox 1530 2116 1572 2154; x_wconf 92' lang='lat' dir='ltr'>in</span> <span class='ocrx_word' id='word_1_251' title='bbox 1602 2129 1702 2155; x_wconf 90' lang='lat' dir='ltr'>con-</span> 
     </span>
     <span class='ocr_line' id='line_1_29' title="bbox 80 2183 1702 2235; baseline 0.003 -14"><span class='ocrx_word' id='word_1_252' title='bbox 80 2183 207 2221; x_wconf 92' lang='lat' dir='ltr'>cione</span> <span class='ocrx_word' id='word_1_253' title='bbox 230 2184 529 2222; x_wconf 88' lang='lat' dir='ltr'>caluinismum</span> <span class='ocrx_word' id='word_1_254' title='bbox 547 2190 837 2235; x_wconf 87' lang='lat' dir='ltr'>coeterasque</span> <span class='ocrx_word' id='word_1_255' title='bbox 859 2185 1068 2224; x_wconf 91' lang='lat' dir='ltr'>haereses</span> <span class='ocrx_word' id='word_1_256' title='bbox 1090 2185 1354 2225; x_wconf 87' lang='lat' dir='ltr'>abiurarunt.</span> <span class='ocrx_word' id='word_1_257' title='bbox 1380 2188 1446 2225; x_wconf 81' lang='lat' dir='ltr'>Ab</span> <span class='ocrx_word' id='word_1_258' title='bbox 1467 2188 1702 2226; x_wconf 88' lang='lat' dir='ltr'>haereticis</span> 
     </span>
     <span class='ocr_line' id='line_1_30' title="bbox 79 2254 1701 2310; baseline 0.003 -18"><span class='ocrx_word' id='word_1_259' title='bbox 79 2254 243 2305; x_wconf 87' lang='lat' dir='ltr'>aliquot</span> <span class='ocrx_word' id='word_1_260' title='bbox 264 2255 377 2293; x_wconf 87' lang='lat' dir='ltr'>illius</span> <span class='ocrx_word' id='word_1_261' title='bbox 397 2255 484 2294; x_wconf 92' lang='lat' dir='ltr'>loci</span> <span class='ocrx_word' id='word_1_262' title='bbox 505 2255 638 2294; x_wconf 85' lang='lat' dir='ltr'>affixa</span> <span class='ocrx_word' id='word_1_263' title='bbox 658 2261 758 2294; x_wconf 88' lang='lat' dir='ltr'>sunt</span> <span class='ocrx_word' id='word_1_264' title='bbox 778 2257 937 2306; x_wconf 87' lang='lat' dir='ltr'>probra</span> <span class='ocrx_word' id='word_1_265' title='bbox 957 2257 999 2295; x_wconf 92' lang='lat' dir='ltr'>in</span> <span class='ocrx_word' id='word_1_266' title='bbox 1022 2258 1239 2296; x_wconf 86' lang='lat' dir='ltr'>ecclesiae</span> <span class='ocrx_word' id='word_1_267' title='bbox 1272 2258 1454 2297; x_wconf 90' lang='lat' dir='ltr'>decreta</span> <span class='ocrx_word' id='word_1_268' title='bbox 1474 2257 1701 2310; x_wconf 87' lang='lat' dir='ltr'>ipsumque</span> 
     </span>
     <span class='ocr_line' id='line_1_31' title="bbox 81 2326 1703 2374; baseline 0.003 -11"><span class='ocrx_word' id='word_1_269' title='bbox 81 2326 458 2374; x_wconf 90' lang='lat' dir='ltr'>concionatorem,</span> <span class='ocrx_word' id='word_1_270' title='bbox 493 2339 646 2365; x_wconf 87' lang='lat' dir='ltr'>verum</span> <span class='ocrx_word' id='word_1_271' title='bbox 667 2328 814 2366; x_wconf 89' lang='lat' dir='ltr'>lumen</span> <span class='ocrx_word' id='word_1_272' title='bbox 844 2327 961 2369; x_wconf 73' lang='lat' dir='ltr'>fidei,</span> <span class='ocrx_word' id='word_1_273' title='bbox 987 2328 1029 2366; x_wconf 92' lang='lat' dir='ltr'>id</span> <span class='ocrx_word' id='word_1_274' title='bbox 1052 2336 1120 2367; x_wconf 91' lang='lat' dir='ltr'>est</span> <span class='ocrx_word' id='word_1_275' title='bbox 1154 2330 1315 2367; x_wconf 87' lang='lat' dir='ltr'>erroris</span> <span class='ocrx_word' id='word_1_276' title='bbox 1338 2330 1543 2368; x_wconf 85' lang='lat' dir='ltr'>tenebras</span> <span class='ocrx_word' id='word_1_277' title='bbox 1567 2331 1605 2368; x_wconf 92' lang='lat' dir='ltr'>ei</span> <span class='ocrx_word' id='word_1_278' title='bbox 1628 2331 1703 2368; x_wconf 92' lang='lat' dir='ltr'>ob-</span> 
     </span>
     <span class='ocr_line' id='line_1_32' title="bbox 81 2397 1701 2452; baseline 0.002 -17"><span class='ocrx_word' id='word_1_279' title='bbox 81 2398 184 2435; x_wconf 84' lang='lat' dir='ltr'>nixe</span> <span class='ocrx_word' id='word_1_280' title='bbox 205 2397 531 2448; x_wconf 89' lang='lat' dir='ltr'>impraecando.</span> <span class='ocrx_word' id='word_1_281' title='bbox 556 2399 835 2437; x_wconf 86' lang='lat' dir='ltr'>Satisfactum</span> <span class='ocrx_word' id='word_1_282' title='bbox 867 2405 933 2438; x_wconf 87' lang='lat' dir='ltr'>est</span> <span class='ocrx_word' id='word_1_283' title='bbox 964 2400 1180 2438; x_wconf 90' lang='lat' dir='ltr'>eiusmodi</span> <span class='ocrx_word' id='word_1_284' title='bbox 1210 2399 1437 2438; x_wconf 87' lang='lat' dir='ltr'>titionibus</span> <span class='ocrx_word' id='word_1_285' title='bbox 1458 2401 1701 2452; x_wconf 86' lang='lat' dir='ltr'>fumiganti-</span> 
     </span>
     <span class='ocr_line' id='line_1_33' title="bbox 74 2470 1701 2524; baseline 0.004 -19"><span class='ocrx_word' id='word_1_286' title='bbox 74 2470 174 2507; x_wconf 81' lang='lat' dir='ltr'>bus.</span> <span class='ocrx_word' id='word_1_287' title='bbox 200 2470 331 2509; x_wconf 89' lang='lat' dir='ltr'>Ciues</span> <span class='ocrx_word' id='word_1_288' title='bbox 353 2470 534 2508; x_wconf 89' lang='lat' dir='ltr'>abeunti</span> <span class='ocrx_word' id='word_1_289' title='bbox 562 2470 678 2520; x_wconf 81' lang='lat' dir='ltr'>Patrj</span> <span class='ocrx_word' id='word_1_290' title='bbox 701 2477 853 2510; x_wconf 87' lang='lat' dir='ltr'>nostro</span> <span class='ocrx_word' id='word_1_291' title='bbox 876 2472 934 2510; x_wconf 90' lang='lat' dir='ltr'>illi</span> <span class='ocrx_word' id='word_1_292' title='bbox 962 2473 1096 2510; x_wconf 91' lang='lat' dir='ltr'>multa</span> <span class='ocrx_word' id='word_1_293' title='bbox 1128 2473 1397 2520; x_wconf 91' lang='lat' dir='ltr'>obtulerunt,</span> <span class='ocrx_word' id='word_1_294' title='bbox 1430 2478 1604 2524; x_wconf 88' lang='lat' dir='ltr'>praeter</span> <span class='ocrx_word' id='word_1_295' title='bbox 1634 2487 1701 2511; x_wconf 89' lang='lat' dir='ltr'>su-</span> 
     </span>
     <span class='ocr_line' id='line_1_34' title="bbox 79 2541 1702 2594; baseline 0.002 -16"><span class='ocrx_word' id='word_1_296' title='bbox 79 2541 298 2591; x_wconf 88' lang='lat' dir='ltr'>periorum</span> <span class='ocrx_word' id='word_1_297' title='bbox 321 2545 569 2592; x_wconf 89' lang='lat' dir='ltr'>temporum</span> <span class='ocrx_word' id='word_1_298' title='bbox 592 2542 972 2590; x_wconf 90' lang='lat' dir='ltr'>consuetudinem,</span> <span class='ocrx_word' id='word_1_299' title='bbox 991 2549 1157 2591; x_wconf 86' lang='lat' dir='ltr'>vestes,</span> <span class='ocrx_word' id='word_1_300' title='bbox 1179 2544 1326 2591; x_wconf 91' lang='lat' dir='ltr'>lintea,</span> <span class='ocrx_word' id='word_1_301' title='bbox 1345 2545 1590 2594; x_wconf 88' lang='lat' dir='ltr'>pecuniam,</span> <span class='ocrx_word' id='word_1_302' title='bbox 1615 2545 1702 2582; x_wconf 91' lang='lat' dir='ltr'>col-</span> 
     </span>
    </p>
   </div>
   <div class='ocr_carea' id='block_1_7' title="bbox 80 2610 1701 2666">
    <p class='ocr_par' dir='ltr' id='par_1_8' title="bbox 80 2610 1701 2666">
     <span class='ocr_line' id='line_1_35' title="bbox 80 2610 1701 2666; baseline 0.003 -18"><span class='ocrx_word' id='word_1_303' title='bbox 80 2611 196 2662; x_wconf 87' lang='lat' dir='ltr'>legio</span> <span class='ocrx_word' id='word_1_304' title='bbox 219 2610 409 2662; x_wconf 90' lang='lat' dir='ltr'>denique</span> <span class='ocrx_word' id='word_1_305' title='bbox 433 2611 592 2650; x_wconf 91' lang='lat' dir='ltr'>locum.</span> <span class='ocrx_word' id='word_1_306' title='bbox 618 2613 890 2663; x_wconf 86' lang='lat' dir='ltr'>Responsum</span> <span class='ocrx_word' id='word_1_307' title='bbox 922 2620 989 2652; x_wconf 90' lang='lat' dir='ltr'>est</span> <span class='ocrx_word' id='word_1_308' title='bbox 1009 2614 1091 2652; x_wconf 91' lang='lat' dir='ltr'>illis</span> <span class='ocrx_word' id='word_1_309' title='bbox 1122 2620 1318 2653; x_wconf 86' lang='lat' dir='ltr'>nostrum</span> <span class='ocrx_word' id='word_1_310' title='bbox 1341 2627 1439 2653; x_wconf 90' lang='lat' dir='ltr'>esse</span> <span class='ocrx_word' id='word_1_311' title='bbox 1474 2615 1701 2666; x_wconf 86' lang='lat' dir='ltr'>negotium</span> 
     </span>
    </p>
   </div>
   <div class='ocr_carea' id='block_1_8' title="bbox 81 2765 1700 2876">
    <p class='ocr_par' dir='ltr' id='par_1_9' title="bbox 81 2765 1700 2876">
     <span class='ocr_line' id='line_1_36' title="bbox 126 2765 1700 2818; baseline 0.004 -16"><span class='ocrx_word' id='word_1_312' title='bbox 126 2766 146 2785; x_wconf 73' lang='lat'>²²</span> <span class='ocrx_word' id='word_1_313' title='bbox 194 2765 300 2803; x_wconf 83' lang='lat' dir='ltr'>facta</span> <span class='ocrx_word' id='word_1_314' title='bbox 329 2772 465 2813; x_wconf 78' lang='lat' dir='ltr'>supra</span> <span class='ocrx_word' id='word_1_315' title='bbox 498 2777 606 2805; x_wconf 76' lang='lat' dir='ltr'>vers.</span> <span class='ocrx_word' id='word_1_316' title='bbox 660 2769 725 2793; x_wconf 77' lang='lat' dir='ltr'>-—b</span> <span class='ocrx_word' id='word_1_317' title='bbox 755 2768 818 2805; x_wconf 87' lang='lat' dir='ltr'>hic</span> <span class='ocrx_word' id='word_1_318' title='bbox 848 2773 986 2814; x_wconf 74' lang='lat' dir='ltr'>supra</span> <span class='ocrx_word' id='word_1_319' title='bbox 1012 2781 1123 2807; x_wconf 78' lang='lat' dir='ltr'>vers.</span> <span class='ocrx_word' id='word_1_320' title='bbox 1178 2777 1241 2797; x_wconf 76' lang='lat'>—0</span> <span class='ocrx_word' id='word_1_321' title='bbox 1273 2771 1391 2818; x_wconf 89' lang='lat' dir='ltr'>eique</span> <span class='ocrx_word' id='word_1_322' title='bbox 1422 2776 1559 2818; x_wconf 78' lang='lat' dir='ltr'>supra</span> <span class='ocrx_word' id='word_1_323' title='bbox 1589 2782 1700 2809; x_wconf 60' lang='lat' dir='ltr'>vers.</span> 
     </span>
     <span class='ocr_line' id='line_1_37' title="bbox 81 2826 1216 2876; baseline 0.006 -15"><span class='ocrx_word' id='word_1_324' title='bbox 81 2826 147 2851; x_wconf 78' lang='lat' dir='ltr'>——d</span> <span class='ocrx_word' id='word_1_325' title='bbox 168 2831 228 2863; x_wconf 84' lang='lat' dir='ltr'>est</span> <span class='ocrx_word' id='word_1_326' title='bbox 247 2826 409 2873; x_wconf 90' lang='lat' dir='ltr'>quidem</span> <span class='ocrx_word' id='word_1_327' title='bbox 427 2832 565 2873; x_wconf 79' lang='lat' dir='ltr'>supra</span> <span class='ocrx_word' id='word_1_328' title='bbox 584 2837 694 2865; x_wconf 83' lang='lat' dir='ltr'>vers.</span> <span class='ocrx_word' id='word_1_329' title='bbox 749 2836 814 2854; x_wconf 75' lang='lat' dir='ltr'>—e</span> <span class='ocrx_word' id='word_1_330' title='bbox 836 2841 932 2865; x_wconf 86' lang='lat' dir='ltr'>vero</span> <span class='ocrx_word' id='word_1_331' title='bbox 950 2835 1089 2876; x_wconf 83' lang='lat' dir='ltr'>supra</span> <span class='ocrx_word' id='word_1_332' title='bbox 1107 2841 1216 2868; x_wconf 82' lang='lat' dir='ltr'>vers.</span> 
     </span>
    </p>
   </div>
   <div class='ocr_carea' id='block_1_9' title="bbox 117 2975 1102 3085">
    <p class='ocr_par' dir='ltr' id='par_1_10' title="bbox 117 2975 1102 3085">
     <span class='ocr_line' id='line_1_38' title="bbox 117 2975 934 3023; baseline 0.005 -11"><span class='ocrx_word' id='word_1_333' title='bbox 117 2976 136 3012; x_wconf 88' lang='lat'>.¹</span> <span class='ocrx_word' id='word_1_334' title='bbox 190 2975 524 3021; x_wconf 72' lang='lat' dir='ltr'>Cf.Pffl1„11=.,11,</span> <span class='ocrx_word' id='word_1_335' title='bbox 546 2977 602 3014; x_wconf 79' lang='grc'>13.</span> <span class='ocrx_word' id='word_1_336' title='bbox 932 3020 934 3023; x_wconf 54' lang='grc'><em>,</em></span> 
     </span>
     <span class='ocr_line' id='line_1_39' title="bbox 127 3034 1102 3085; baseline 0.004 -14"><span class='ocrx_word' id='word_1_337' title='bbox 127 3035 140 3054; x_wconf 82' lang='lat'>⁷¹</span> <span class='ocrx_word' id='word_1_338' title='bbox 189 3034 280 3082; x_wconf 88' lang='lat' dir='ltr'>Ipse</span> <span class='ocrx_word' id='word_1_339' title='bbox 299 3035 495 3082; x_wconf 87' lang='lat' dir='ltr'>epistolae</span> <span class='ocrx_word' id='word_1_340' title='bbox 514 3041 667 3073; x_wconf 90' lang='lat' dir='ltr'>auctor.</span> <span class='ocrx_word' id='word_1_341' title='bbox 685 3035 793 3074; x_wconf 89' lang='lat' dir='ltr'>Vide</span> <span class='ocrx_word' id='word_1_342' title='bbox 812 3048 947 3084; x_wconf 86' lang='lat' dir='ltr'>supra,</span> <span class='ocrx_word' id='word_1_343' title='bbox 967 3051 1003 3085; x_wconf 91' lang='lat' dir='ltr'>p.</span> <span class='ocrx_word' id='word_1_344' title='bbox 1021 3037 1102 3076; x_wconf 83' lang='lat'>577.</span> 
     </span>
    </p>
   </div>
  </div>
 </body>
</html>
