2038 3400
360 249 431 286 542
830 254 1048 294 LITTERAE
1075 258 1430 303 QUADmMEsTREs

1063 446 1180 498 350

667 598 1153 658 JOSEPHUS
1208 595 1587 643 ACOSTA

768 743 986 770 cOMPLUTo
1011 731 1058 769 29
1083 739 1312 768 FEBRUARII
1341 728 1431 766 1560
1458 729 1483 764 ¹.

314 839 342 877 1.
367 838 583 879 Studium
603 838 792 879 virtutis
814 853 867 879 ac
895 838 1135 891 regularis
1166 835 1495 877 observantiae.
1539 835 1752 875 Valetudo
1788 838 1828 875 et
1861 849 1941 875 rm-

391 918 544 944 merus
581 905 945 945 sociorum.-—2.
987 903 1245 944 Litteraria
1284 900 1638 942 exercitia.——5.
1683 901 1942 941 Ministerz'a

390 984 507 1023 erga
523 971 880 1021 proximos.—4.
907 972 1080 1010 Domus
1096 968 1387 1021 probationis
1407 971 1552 1019 nuper
1572 969 1735 1007 erecta.
1761 967 1942 1019 Ingres-

388 1035 430 1074 si
460 1036 507 1074 in
537 1036 920 1077 Societatem.-5.
955 1036 1181 1075 Doctrina
1213 1034 1474 1074 christiana
1499 1032 1658 1084 pueris
1684 1033 1733 1072 in
1758 1032 1940 1084 publico

390 1103 487 1142 loco
511 1102 732 1150 traditur,
756 1117 808 1143 ex
829 1116 915 1154 quo
950 1116 1042 1142 non
1065 1105 1241 1153 parvus
1274 1100 1412 1141 etiam
1425 1099 1619 1152 fructus
1654 1098 1702 1138 in
1733 1098 1840 1138 aliis
1873 1112 1941 1139 re-

390 1169 580 1208 dmzdat.

366 1288 400 1315 Ι.
461 1277 570 1316 IHS.
595 1277 1008 1316 Obseruandissimo
1031 1277 1073 1315 in
1095 1277 1228 1316 Chro.
1254 1275 1370 1314 Patri
1389 1275 1444 1313 M.
1477 1274 1641 1313 Iacobo
1674 1273 1832 1312 Lainez
1859 1273 1938 1312 So-

313 1348 486 1388 cietatis
507 1350 607 1388 Iesu
628 1350 881 1401 praeposito
904 1348 1101 1400 generali
1121 1348 1166 1387 S.
1204 1347 1356 1386 Gratia
1388 1352 1432 1385 et
1461 1359 1546 1397 pax
1577 1346 1754 1385 Christi.
1781 1346 1938 1396 Quam-

308 1419 373 1458 uis
410 1432 462 1458 ea
495 1420 605 1468 fere,
647 1433 759 1471 quae
794 1420 848 1459 de
885 1420 1096 1471 spirituali
1131 1420 1406 1458 incremento
1442 1418 1568 1456 huius
1605 1417 1780 1469 collegij
1823 1422 1936 1464 sunt,

307 1491 480 1530 abunde
504 1506 558 1531 ex
582 1494 628 1531 P.
654 1493 851 1543 Baptista
871 1493 898 1540 ²,
924 1492 1137 1542 quoniam
1160 1493 1361 1541 quatuor
1391 1491 1473 1530 hos
1502 1503 1672 1529 menses
1693 1489 1817 1529 testis
1838 1488 1940 1540 fuit

308 1577 464 1603 rerum
487 1563 841 1603 domesticarum
864 1563 1083 1611 omnium,
1108 1564 1250 1614 possis
1272 1574 1566 1614 cognoscere3
1588 1566 1736 1600 tamen
1766 1566 1812 1599 ut
1836 1562 1937 1600 obe·

307 1635 498 1675 dientiae
519 1637 705 1688 piaeque
736 1642 915 1675 nostrae
939 1635 1248 1675 consuetudini
1279 1634 1476 1680 satisfiat,
1507 1634 1703 1672 breuiter
1733 1633 1934 1680 referam,

305 1721 416 1758 quae
439 1708 493 1746 ad
514 1708 752 1747 Societatis
773 1707 1019 1746 institutum
1050 1707 1254 1746 videntur
1284 1707 1524 1758 pertinere.
1549 1706 1595 1744 In
1626 1706 1708 1745 hac
1741 1705 1855 1744 enim
1877 1705 1936 1743 di-

304 1781 458 1832 ligenti
478 1785 766 1832 promptaque
789 1780 1153 1819 constitutionum
1178 1780 1491 1818 obseruatione
1514 1779 1696 1817 fratrum
1719 1790 1822 1817 cura
1849 1781 1936 1816 stu-

305 1852 509 1904 diumque
534 1864 661 1890 omne
682 1851 873 1903 ponitur,
900 1856 943 1890 vt
967 1865 1064 1890 cum
1086 1851 1140 1889 ad
1162 1865 1286 1889 suum
1308 1851 1490 1902 quisque
1508 1850 1757 1901 profectum
1775 1851 1937 1888 incum-

304 1925 392 1971 bat,
424 1924 615 1963 omnium
638 1924 794 1962 eadem
816 1924 989 1961 virtutis
1019 1923 1345 1973 acqnirenfflae]
1381 1922 1585 1960 voluntas
1617 1923 1685 1960 sit.
1718 1922 1783 1960 Ita
1812 1922 1860 1960 fit
1889 1928 1938 1961 vt

304 2002 391 2034 tam
413 1995 596 2046 publicis
619 1995 1043 2041 mortificationibus,
1068 2008 1180 2046 quae
1215 1994 1412 2045 quotidie
1442 2007 1556 2045 pene
1587 1994 1933 2045 frequentantur,

303 2080 432 2118 quam
452 2066 626 2117 priuato
649 2078 785 2104 verae
817 2066 1124 2117 abnegationis
1146 2066 1370 2116 exemplo,
1396 2079 1441 2104 se
1465 2065 1653 2103 inuicem
1685 2064 1738 2103 ad
1767 2065 1937 2116 perfec-

303 2141 469 2178 tionem
499 2143 752 2189 provocent
783 2144 826 2176 et
849 2137 1108 2176 accendant.
1129 2138 1409 2176 Hilaritatem
1428 2149 1536 2174 vero
1559 2136 1775 2187 quandam
1792 2144 1811 2162 a
1831 2149 1934 2187 prae

303 2224 350 2250 se
372 2211 517 2249 ferunt
540 2223 729 2260 semper,
754 2223 865 2261 quae
888 2210 1123 2262 praecipue
1141 2208 1317 2248 videtur
1340 2215 1545 2247 strenuos
1563 2221 1614 2247 ac
1636 2208 1860 2246 studiosos
1883 2208 1935 2246 ad

302 2283 501 2334 quemuis
525 2282 806 2320 obedientiae
835 2288 1039 2320 conatum
1071 2281 1275 2320 reddere.
1311 2280 1517 2331 Corporis
1547 2285 1694 2318 autern
1724 2280 1932 2318 valetudo

302 2360 396 2394 tota
429 2355 512 2393 hac
542 2355 718 2404 hyeme,
755 2354 872 2404 quod
907 2367 993 2392 non
1023 2359 1090 2391 est
1121 2352 1235 2404 apud
1265 2365 1346 2390 nos
1378 2352 1527 2402 exigui
1547 2352 1566 2376 b
1588 2351 1814 2399 momenti,
1847 2365 1934 2390 me-

301 2428 381 2466 lior
404 2427 540 2465 multo
572 2438 699 2476 quam
732 2425 853 2462 annis
884 2425 1183 2475 superioribus
1214 2435 1402 2473 unquam
1425 2422 1519 2460 fuit.
1545 2423 1598 2460 Et
1620 2435 1716 2460 cum
1750 2435 1932 2461 numero

301 2498 456 2538 domus
477 2501 674 2548 praestet
695 2497 861 2545 (sumus
885 2497 999 2534 enim
1030 2496 1084 2534 ad
1112 2495 1402 2546 quadraginta
1434 2499 1536 2532 octo
1569 2500 1642 2532 aut
1675 2507 1728 2532 eo
1751 2494 1931 2545 plures),

300 2570 624 2622 aegrotantium
647 2568 773 2619 copia
795 2569 934 2606 minus
956 2572 1138 2618 grauata
1157 2572 1238 2606 est.

353 2653 390 2681 2.
453 2641 583 2692 Quod
604 2640 658 2678 ad
689 2652 780 2677 rem
812 2640 1046 2677 literariam
1081 2645 1267 2690 spectat,
1301 2640 1342 2676 in
1372 2638 1465 2689 ipsa
1494 2650 1669 2688 quoque
1706 2637 1932 2676 academia

347 2814 365 2833 a
404 2803 590 2843 Emend.
613 2813 663 2840 ex
681 2801 909 2849 quamdam.
965 2803 1029 2827 —b
1053 2802 1145 2849 Seq.
1167 2815 1203 2839 m
1224 2802 1352 2839 delet.

347 2947 354 2966 ¹
409 2945 470 2982 Ex
489 2946 741 2993 autographo
760 2959 783 2982 a
803 2945 979 2983 Poianco
999 2946 1214 2982 emendato
1233 2945 1273 2982 in
1292 2945 1428 2982 codice
1445 2945 1573 2991 Hz'sp.
1594 2943 1660 2990 97,
1677 2944 1699 2980 2
1713 2943 1771 2990 ff,
1787 2956 1852 2980 nn.
1868 2942 1927 2989 60,

296 3006 355 3051 61;
377 3006 487 3053 prius
505 3005 586 3042 292.

345 3067 357 3086 ²
409 3065 450 3102 Ρ.
469 3065 650 3113 Joannes
669 3065 853 3112 Baptista
872 3068 921 3102 de
942 3066 1110 3109 Ribera‚
1130 3065 1198 3112 qui
1219 3066 1392 3102 Romam
1412 3064 1557 3100 missus
1577 3069 1678 3101 erat.
