2038 3400
349 262 420 299 540
818 248 1040 302 LITTFJRAE
1068 266 1424 311 QUADRIMESTRES

302 365 440 404 literis
461 366 515 404 ad
536 372 582 405 te
605 368 749 405 delata
779 368 878 415 sint,
916 369 1075 418 placuit
1107 369 1251 406 denuo
1288 368 1602 419 comprehendi
1638 376 1683 408 et
1717 371 1935 420 proximo-

301 449 393 475 rum
413 444 599 489 quatuor
622 440 834 478 mensium
857 441 1086 490 epistolae,
1106 452 1217 490 quae
1240 440 1411 478 fuerant
1434 440 1487 478 ad
1508 440 1552 478 id
1569 455 1705 492 usque
1724 443 1936 493 temporis

302 511 630 558 praetermissa,
655 512 875 562 coniungi.
901 511 989 550 Sed
1012 524 1108 549 cum
1138 517 1317 562 propter
1344 518 1540 550 assuetas
1576 514 1854 552 vacationum
1876 514 1935 552 fe-

302 580 401 627 rias,
440 583 690 632 complures
725 583 879 632 studijs
915 596 1088 634 quoque
1125 583 1308 633 publicis
1339 583 1574 630 defuerint,
1605 591 1801 623 nostrum
1831 585 1935 624 item

303 652 538 702 collegium
560 653 850 703 frequentiam
872 654 987 692 illam
1009 653 1063 692 ad
1086 659 1358 692 sacramenta
1379 655 1648 693 venientium
1671 656 1810 694 minus
1840 669 1934 695 sen-

302 723 382 761 tire
421 725 629 774 oportuit.
667 725 763 764 Nec
799 726 974 764 omnino
1011 732 1157 764 tamen
1192 726 1362 764 interea
1398 733 1616 766 cessatum
1648 734 1729 775 est,
1763 729 1934 780 saepius

303 795 417 833 enim
440 797 695 835 confluxere
712 810 799 835 non
820 799 961 848 pauci,
983 803 1028 836 ut
1048 797 1266 836 interdum
1289 800 1568 837 sacerdotum
1591 801 1814 850 penuriam
1832 814 1934 852 que-

302 879 513 915 reremur,
538 881 648 919 quos
670 869 904 908 feriaturos
928 870 1058 907 etiam
1079 870 1409 909 arbitrabamur.
1436 872 1555 920 Quot
1586 878 1732 910 autem
1768 873 1933 912 exerci-

302 939 361 977 tia
396 939 598 978 meditari
638 942 924 992 susceperint,
962 955 1014 979 ne
1052 942 1224 992 longior
1260 943 1339 979 sim
1374 942 1515 991 (fuere
1549 944 1661 981 enim
1696 945 1931 995 permulti),

300 1023 428 1060 quam
451 1012 597 1059 decet,
622 1025 709 1050 non
730 1018 835 1063 puto
858 1013 1058 1063 priuatim
1079 1025 1176 1051 esse
1199 1013 1492 1052 scribendum.

355 1092 392 1120 2.
454 1084 781 1122 Praetermissis
803 1098 910 1123 vero
933 1085 1043 1134 alijs,
1067 1097 1210 1135 neque
1245 1085 1394 1134 paucis
1415 1098 1558 1136 neque
1582 1088 1930 1135 contemnendis,

301 1155 371 1204 qui
408 1159 511 1193 tunc
546 1156 586 1193 in
623 1156 895 1194 Societatem
931 1156 1105 1194 admissi
1141 1161 1254 1203 sunt,
1297 1157 1437 1194 solum
1473 1156 1528 1194 de
1569 1157 1739 1195 duobus
1774 1158 1929 1205 dicam,

300 1238 486 1276 quorum
510 1225 714 1264 videntur
737 1226 865 1265 dotes
888 1240 986 1265 esse
1010 1228 1113 1265 satis
1143 1240 1281 1265 rarae.
1315 1228 1439 1265 Alter
1475 1233 1542 1266 est
1577 1241 1725 1266 sacrae
1761 1229 1931 1267 theolo-

300 1298 399 1348 giae
421 1296 593 1346 doctor,
620 1299 743 1337 cuius
765 1300 805 1336 in
827 1300 909 1338 hac
930 1299 1220 1349 complutensi
1241 1299 1479 1346 academia,
1505 1300 1576 1337 vbi
1600 1312 1653 1338 eo
1676 1300 1929 1351 magisterio

300 1369 486 1408 donatus
510 1376 577 1408 est
599 1371 856 1417 honorifice,
882 1377 926 1409 et
948 1371 1110 1422 ingenij
1136 1376 1179 1409 et
1200 1371 1423 1409 literarum
1446 1384 1612 1409 summa
1648 1384 1820 1422 semper
1844 1373 1930 1422 opi·

299 1442 369 1480 nio
392 1442 486 1481 fuit.
512 1442 643 1491 Quod
664 1443 865 1494 profecto
889 1449 979 1481 tum
1002 1443 1343 1494 disputationum
1366 1444 1593 1481 admiratio
1617 1449 1660 1482 et
1683 1445 1927 1494 applausus,

299 1521 388 1552 tum
410 1515 451 1552 in
474 1516 786 1565 philosophicis
808 1513 1070 1554 lectionibus
1092 1528 1144 1553 ac
1173 1515 1438 1566 theologicis
1472 1516 1677 1566 (utroque
1714 1514 1828 1554 enim
1864 1522 1930 1554 est

298 1586 552 1637 perfunctus
576 1588 776 1636 munere)
798 1586 1044 1625 auditorum
1068 1600 1307 1626 concursus
1329 1594 1374 1626 et
1404 1587 1650 1638 frequentia
1680 1588 1783 1626 satis
1815 1601 1929 1626 com-

300 1658 612 1708 probauerunt.
651 1659 774 1697 Alter
809 1672 982 1709 quoque
1018 1659 1173 1696 artium
1210 1659 1293 1696 iarn
1325 1660 1547 1710 magister,
1584 1659 1929 1710 theologiaeque

298 1728 455 1767 doctor
478 1729 746 1780 designatus,
771 1730 1029 1781 linguarum,
1053 1730 1094 1767 id
1113 1736 1180 1768 est
1201 1731 1377 1777 latinae,
1402 1744 1590 1781 graecae
1614 1736 1657 1768 et
1678 1732 1926 1778 hebraicae,

298 1801 482 1839 habetur
505 1802 611 1838 mire
634 1802 814 1851 peritus,
840 1808 883 1839 et
905 1801 1022 1852 quod
1044 1802 1176 1852 pluris
1200 1807 1280 1848 est,
1306 1802 1346 1839 in
1369 1803 1503 1841 sacris
1533 1803 1670 1840 literis
1700 1803 1928 1853 plurimum

298 1873 581 1910 exercitatus.
620 1873 683 1909 Ita
705 1872 893 1922 denique
929 1873 1187 1923 grauissima
1208 1886 1408 1924 quaeque
1431 1873 1574 1911 studia
1595 1879 1822 1911 assecutus
1845 1878 1926 1922 est,

297 1947 341 1981 ut
363 1956 447 1994 qua
469 1944 509 1981 in
530 1950 652 1994 parte
674 1944 946 1994 potissimum
971 1945 1130 1991 valeat3
1154 1957 1241 1982 non
1275 1944 1401 1983 facile
1439 1945 1494 1982 sit
1524 1945 1688 1983 dicere.
1713 1944 1928 1983 Eruditio-

297 2028 396 2052 nem
434 2016 546 2052 enim
582 2028 854 2066 nequaquam
888 2016 1113 2066 vulgarem
1134 2015 1311 2053 adiuuat
1333 2017 1545 2054 memoria
1564 2029 1677 2066 pene
1700 2016 1928 2054 incredibi-

295 2086 361 2134 lis,
386 2093 433 2124 vt
455 2087 828 2137 complutensibus
851 2088 1066 2134 omnibus,
1090 2087 1347 2138 quibuscum
1371 2092 1488 2126 esset
1512 2092 1712 2125 versatus
1739 2088 1928 2138 aliquan-

295 2164 402 2206 tum,
426 2159 664 2196 haberetur
685 2163 889 2209 tanquam
910 2160 1111 2210 prodigio
1136 2161 1160 2197 ¹.
1187 2160 1315 2198 Hunc
1348 2159 1389 2197 in
1422 2159 1639 2197 eborense
1676 2160 1925 2210 collegium,

295 2231 551 2281 theologiae
574 2231 839 2269 destinatum
875 2236 1227 2281 praeceptorem,
1266 2243 1415 2269 secum
1451 2231 1547 2269 tulit
1568 2244 1705 2281 nuper
1728 2232 1774 2269 P.
1799 2232 1926 2269 Fran-

297 2303 439 2341 ciscus
459 2303 477 2321 ’ὦ
497 2304 523 2339 ².
549 2302 617 2340 Ad
639 2314 784 2353 quem,
810 2316 906 2340 cum
930 2303 1072 2340 adhuc
1093 2303 1206 2353 apud
1227 2316 1307 2340 nos
1340 2307 1474 2349 esset,
1498 2302 1625 2340 huius
1654 2302 1829 2353 collegij
1862 2315 1926 2341 re-

341 2481 361 2500 a
414 2480 596 2517 Emend.
621 2491 670 2517 ex
690 2479 966 2517 Fransciscus.

344 2666 353 2685 ¹
407 2664 483 2701 Hic
503 2677 635 2701 sermo
655 2670 715 2700 est
734 2664 783 2700 de
804 2663 847 2700 P.
871 2665 998 2701 Paulo
1019 2665 1183 2709 Ferrer,
1203 2666 1412 2711 ingressus
1432 2667 1496 2703 die
1515 2665 1556 2702 ‘21
1581 2666 1690 2713 Junii
1706 2667 1799 2702 anni
1823 2667 1923 2705 1559.

297 2724 360 2762 Cf.
396 2724 579 2767 CASTRO,
610 2724 808 2761 Historia
840 2734 917 2760 ms.
948 2725 1019 2761 del
1045 2726 1202 2771 colegio
1230 2727 1528 2772 complutense
1545 2726 1600 2762 de
1619 2727 1660 2762 la
1685 2726 1924 2773 Compam'a

295 2784 510 2830 deseszis,
534 2784 558 2820 l.
579 2783 613 2827 9,
632 2797 665 2819 c.
686 2783 720 2828 93
744 2783 966 2825 ALCAZAR,
987 2784 1379 2822 chromo-Historia
1395 2786 1450 2822 de
1464 2786 1505 2822 la
1527 2786 1766 2832 Compafzia
1787 2786 1841 2822 de
1852 2786 1923 2832 Je

294 2845 372 2882 stis
390 2854 441 2881 en
461 2844 505 2880 la
525 2843 759 2881 Provincia
779 2842 834 2879 de
859 2843 1025 2888 soledo,
1056 2851 1082 2880 t.
1112 2845 1141 2890 Ι,
1177 2845 1328 2882 decada
1356 2844 1405 2889 II,
1434 2849 1511 2881 afio
1537 2843 1609 2891 IX,
1639 2857 1671 2881 c.
1705 2845 1769 2889 1.⁰,
1799 2849 1818 2888 ἓ
1848 2845 1922 2883 lV.

296 2904 432 2947 Alius,
461 2904 511 2940 ad
541 2915 661 2950 quem
680 2907 801 2939 antea
820 2901 1009 2947 refertur,
1032 2910 1106 2946 est,
1128 2910 1170 2941 ut
1190 2905 1346 2941 eruitur
1365 2917 1415 2941 ex
1430 2905 1562 2942 citatis
1582 2904 1697 2949 AA..
1719 2904 1764 2941 P.
1784 2904 1923 2941 Ferdi-

294 2963 451 3001 naudus
485 2962 534 3000 de
564 2962 682 3009 Jaen,
719 2962 768 2998 de
802 2973 881 3007 quo
916 2962 995 3008 jam
1030 2964 1169 3011 aliqua
1203 2964 1444 3001 notavimus.
1479 2963 1542 3001 Cf.
1595 2976 1730 3011 supra,
1766 2977 1803 3011 p.
1839 2963 1921 3009 272,

294 3027 430 3061 annot.
451 3021 484 3059 2.

342 3083 355 3103 ²
406 3080 511 3119 §.tus
530 3080 773 3118 Franciscus
791 3080 955 3128 Borgia.
