2038 3400
473 214 847 252 430.*P1„Acmr1.-x
882 214 922 250 16
949 213 1212 250 SnPrEMBms
1243 210 1330 248 1560
1601 209 1670 245 ⁸73

150 322 186 358 3.
249 311 458 349 Basilicae
479 312 866 358 constructionem,
902 318 947 349 vt
978 311 1081 348 alias
1112 307 1402 360 spcripsimus,
1436 314 1596 357 quanto
1621 307 1713 344 fieri

97 388 245 432 potest
267 383 410 420 studio
435 389 480 420 et
502 383 728 432 diligentia
748 383 1067 433 prosequimur,
1090 393 1200 432 quae
1220 380 1393 429 quidem
1415 391 1621 429 perquam
1645 391 1717 416 ve-

97 459 223 491 nusta
243 453 443 504 procedit
465 459 594 504 atque
619 455 812 505 elegans,
839 460 991 504 estque
1015 452 1069 490 ad
1091 452 1279 490 ciuitatis
1314 450 1441 487 huius
1463 449 1715 499 capiendam

97 524 417 563 multitudinem
440 526 544 563 satis
565 526 719 575 ampla.
743 525 811 563 Ad
832 524 1207 575 quadragesimam
1230 534 1336 559 uero
1359 521 1547 559 futurum
1581 520 1717 557 credi-

97 608 204 642 mus,
229 601 275 633 vt
295 596 337 633 in
361 608 413 633 ea
433 608 555 634 sacra
577 597 871 642 celebrentur,
893 595 1218 644 concionesque
1248 592 1490 630 habeantur
1513 604 1608 629 cum
1633 603 1718 627 ma-

97 665 176 703 iori
211 667 357 717 populi
374 666 646 716 fraequentia
675 673 853 719 propter
883 667 967 704 loci
998 664 1323 716 amplitudinem
1361 669 1404 700 et
1435 662 1718 700 commodita-

96 741 200 774 tem.
220 736 265 774 In
283 735 438 774 domus
456 738 586 775 etiarn
607 737 807 776 aedificio
826 750 1013 787 semper,
1033 741 1237 786 quantum
1255 733 1372 780 licet,
1396 733 1715 784 progredimur,

98 806 140 844 id
162 807 348 846 maxime
371 813 638 858 spectantes,
662 814 709 847 vt
730 821 840 859 quae
863 807 993 846 modo
1017 807 1276 852 conduntur,
1301 805 1564 843 constructis
1585 805 1716 854 prins,

97 890 208 928 quae
239 878 500 917 solidissima
535 885 657 918 erant
691 884 822 930 atque
856 879 1115 925 firmissima,
1153 881 1414 923 consonent3
1451 876 1584 913 satius
1620 887 1718 912 esse

97 949 396 988 existimantes
418 950 586 989 firmum
622 950 865 989 aedificium
887 950 1093 1001 paulatim
1116 954 1338 995 extruere,
1370 959 1496 997 quam
1518 946 1718 985 instabile

98 1033 194 1058 cum
216 1021 513 1060 festinatione.
537 1023 605 1061 Fit
622 1023 750 1060 etiam
774 1023 815 1060 in
836 1022 1042 1072 impluuio
1062 1022 1252 1059 cisterna
1267 1018 1495 1071 quaedam,
1515 1031 1626 1069 quae
1644 1018 1718 1056 do·

97 1093 379 1131 mesticorum
402 1093 529 1132 saluti
552 1093 633 1132 erit
656 1092 1024 1140 commodissima,
1042 1094 1162 1131 lente
1180 1098 1326 1131 tamen
1346 1091 1559 1142 pecuniae
1575 1091 1720 1142 inopia

97 1164 138 1202 in
162 1177 213 1202 ea
229 1164 496 1215 proceditur.

152 1247 191 1284 4.
252 1236 475 1274 Prouisori
509 1236 574 1286 (ut
609 1236 787 1286 uocant)
822 1236 1097 1286 caeterisque
1134 1235 1327 1286 episcopi
1349 1234 1376 1281 ¹,
1399 1234 1469 1284 qui
1500 1234 1585 1270 huc
1614 1245 1718 1270 non-

98 1305 198 1344 dum
222 1305 415 1354 aduenit,
442 1307 699 1346 officialibus
720 1309 832 1359 grati
852 1308 1110 1358 acceptique
1133 1318 1296 1353 sumus,
1318 1318 1402 1343 nec
1422 1306 1561 1342 minus
1580 1305 1718 1342 eccle-

98 1377 185 1416 siae
208 1379 479 1429 proceribus.
513 1381 682 1418 Censor
711 1379 803 1429 ipse
835 1379 1160 1418 ecclesiasticus
1192 1378 1330 1416 Patris
1361 1376 1560 1415 Rectoris
1591 1387 1718 1413 suasu

101 1448 266 1496 effecit,
290 1454 336 1487 ut
357 1449 398 1487 in
420 1450 622 1500 primario
646 1451 808 1502 templo
830 1450 1047 1489 nonnullis
1077 1449 1201 1488 festis
1232 1449 1385 1486 diebus
1407 1447 1617 1485 maximae
1651 1459 1719 1485 ce-

99 1520 331 1567 lebritatis,
355 1521 510 1571 quibus
541 1521 779 1560 conciones
800 1522 951 1560 haberi
972 1534 1059 1559 non
1081 1521 1298 1566 solebant,
1322 1521 1580 1565 habeantur,
1603 1518 1720 1569 quod

100 1591 202 1629 licet
225 1592 442 1630 ecclesiae
466 1594 698 1643 optimates
727 1594 913 1632 moleste
948 1593 1104 1640 ferant,
1142 1604 1283 1643 aequo
1320 1598 1467 1630 tamen
1500 1590 1720 1641 patiuntur

99 1663 258 1710 animO,
283 1663 318 1701 si
338 1663 587 1702 huiusmodi
617 1663 771 1702 diebus
803 1666 932 1703 Pater
962 1665 1124 1703 Rector
1147 1664 1450 1710 concionetur3
1480 1662 1610 1712 idque
1640 1662 1718 1712 ipsi

101 1735 239 1784 palam
275 1733 481 1773 fatentur.
506 1736 719 1774 Primates
742 1737 872 1775 etiam
895 1736 1084 1775 ciuitatis
1106 1740 1203 1773 sunt
1227 1747 1332 1785 erga
1352 1747 1432 1772 nos
1452 1735 1566 1772 bene
1588 1733 1720 1770 astec-

100 1806 146 1852 ti,
172 1806 465 1857 optimamque
488 1806 542 1845 de
559 1811 708 1846 nostra
725 1808 951 1846 Societate
969 1808 1219 1858 opinionem
1240 1807 1417 1853 habent,
1436 1818 1605 1856 nosque
1627 1817 1718 1842 sae-

103 1889 340 1927 penumero
364 1878 406 1915 in
427 1878 558 1916 rebus
581 1879 873 1929 spiritualibus
896 1879 1142 1925 consulunt3
1166 1878 1320 1929 quibus
1341 1892 1366 1916 a
1385 1877 1546 1916 nostris
1567 1876 1608 1914 in
1631 1888 1718 1914 om-

103 1948 228 1986 nibus
251 1948 453 1986 satisfieri
474 1949 602 1987 solet.
627 1949 836 1988 Dominus
857 1950 1039 2001 gratiam
1071 1950 1197 1988 nobis
1228 1949 1431 2000 dignetur
1462 1947 1648 1998 elargiri,
1673 1954 1719 1985 ut

101 2020 141 2057 in
162 2021 362 2058 omnibus
383 2020 699 2058 sanctissimam
720 2021 852 2071 ipsius
874 2023 1146 2061 voluntatem
1179 2029 1222 2060 et
1253 2033 1528 2072 cognoscere
1551 2027 1595 2058 et
1617 2031 1718 2058 exe-

100 2091 171 2141 qui
203 2092 440 2130 valeamus.
474 2091 708 2130 Orationes
738 2105 789 2130 ac
818 2094 1029 2131 sacrificia
1060 2095 1107 2132 R.
1132 2095 1182 2132 T.
1207 2094 1644 2142 charissimorumque
1668 2092 1720 2129 is-

101 2162 185 2199 tius
208 2162 383 2213 collegij
409 2163 585 2200 Patrum
619 2175 670 2201 ac
689 2163 869 2202 fratrum
890 2165 1016 2202 nobis
1037 2165 1246 2216 impertiri
1276 2165 1496 2202 humiliter
1531 2163 1719 2213 postula-

104 2247 211 2271 mus.
237 2234 486 2272 Plazentiae
521 2239 649 2272 sexto
686 2234 857 2273 decimo
894 2236 1097 2274 calendas
1132 2237 1337 2274 Octobris
1371 2248 1481 2274 anno
1510 2238 1619 2283 1500.
1655 2236 1719 2272 Ex

104 2305 414 2343 commissione
438 2305 578 2343 Patris
600 2306 814 2344 RectoriS.
847 2307 895 2345 R.
919 2307 968 2345 T.
994 2308 1193 2345 minimus
1215 2309 1255 2345 in
1279 2308 1410 2347 Chro.
1441 2319 1610 2352 seruus,

1146 2412 1173 2460 †
1206 2410 1499 2447 FERmNANnus
1529 2408 1557 2446 ².

182 2531 232 2569 In
253 2533 403 2570 eodem
417 2530 556 2582 folio.
581 2531 719 2582 Copia
738 2533 1065 2583 quadrimestris
1097 2534 1310 2584 epistolae
1343 2533 1516 2583 collegij
1548 2533 1716 2582 plazen-

103 2603 175 2640 tini
198 2603 359 2641 mensis
381 2602 652 2653 Septembris
673 2604 771 2653 annj
799 2606 912 2653 1560.

148 2772 157 2791 ¹
210 2770 355 2808 Petrus
374 2770 507 2807 Ponce
526 2770 575 2807 de
594 2770 709 2808 Leon
728 2776 768 2808 et
787 2771 986 2810 Cordova.

147 2832 159 2850 ²
212 2830 316 2868 Vide
336 2843 373 2878 p.
395 2830 477 2876 403,
497 2835 634 2868 annot.
658 2831 690 2867 1.
