2038 3400
333 257 405 294 536
800 260 1019 298 LITTERAE
1047 261 1141 307 QUA
1148 271 1403 298 oR1MESTREs

288 358 489 410 vigorem
510 373 741 400 accersere
765 363 1071 409 contenderet,
1098 364 1242 401 oleum
1261 367 1304 400 et
1327 374 1519 413 operam,
1538 363 1655 413 quod
1677 364 1762 402 dici
1783 365 1911 411 solet,

287 429 491 481 perdidit.
529 433 611 470 Vbi
643 445 750 484 ergo
786 434 988 484 penitens
1019 446 1167 471 secum
1200 445 1352 471 causas
1383 434 1491 472 tanti
1521 435 1619 472 mali
1643 435 1912 485 exquireret,

289 501 435 553 coepit
458 504 616 542 mentis
638 518 742 542 suae
764 505 1048 555 peruicatiam
1071 504 1259 554 culpare,
1289 509 1331 542 et
1354 505 1469 543 serio
1493 506 1690 556 cogitare
1722 518 1769 544 se
1796 507 1914 544 nolle

289 572 450 613 diutius
488 575 703 614 voluntati
745 576 918 614 diuinae
960 577 1217 614 obstinatius
1258 577 1534 628 obstrepere3
1572 577 1650 615 sed
1690 590 1737 615 se
1774 584 1914 616 totum

290 647 404 683 velle
426 647 664 686 Societatis
684 654 836 686 nostro
860 648 1059 686 instituto
1082 646 1264 685 dedere.
1289 647 1424 686 Simul
1446 653 1575 699 atque
1598 648 1729 699 igitur
1746 648 1914 686 firmum

289 717 417 755 animi
457 720 729 770 propositum
770 725 1058 758 consecutum
1100 724 1165 757 est
1202 732 1326 770 opuS‚
1365 725 1410 758 et
1445 720 1680 770 collegium
1719 726 1915 758 nostrum

290 789 590 828 commorandi
611 791 750 841 gratia
783 791 1005 838 intrasset,
1044 804 1067 829 e
1103 790 1292 841 uestigio
1328 794 1528 829 veterem
1564 791 1679 829 illam
1715 791 1916 829 tibiarum

288 859 529 910 agilitatem
564 862 842 912 recuperauit
876 875 1013 913 usque
1049 861 1177 909 adeo,
1216 868 1262 899 ut
1296 874 1380 900 nec
1414 861 1630 909 dolorem,
1666 874 1750 900 nec
1783 863 1916 901 ullum

291 931 422 970 modo
447 933 607 971 sentiat
628 933 954 972 incommodum
979 938 1002 971 ¹.
1036 934 1113 971 Est
1141 939 1288 971 autem
1317 934 1389 972 hic
1418 932 1678 972 adolescens
1711 947 1808 972 cum
1840 947 1917 972 sex

291 1003 386 1052 alijs
407 1002 463 1041 de
485 1005 711 1043 Societate
742 1018 869 1055 quam
900 1005 1158 1043 breuissime
1189 1005 1316 1043 titulo
1339 1005 1577 1056 magisterij
1601 1005 1917 1057 insigniendus,

293 1080 337 1112 et
359 1076 499 1123 breui,
523 1077 746 1127 aspirante
770 1078 881 1124 Deo,
907 1078 1086 1115 Romam
1116 1082 1343 1115 venturus.
1379 1077 1559 1116 Coeteri
1590 1078 1744 1115 Patres
1776 1083 1820 1115 et
1841 1077 1921 1115 fra—

293 1152 383 1185 tres
407 1160 559 1186 omnes
581 1154 703 1186 recte
726 1149 889 1195 valent,
915 1154 958 1186 et
981 1161 1058 1186 sua
1080 1147 1312 1199 diligenter
1336 1154 1612 1200 exequuntur
1635 1149 1793 1187 munia.

374 1219 471 1257 Hec
493 1224 606 1265 sunt,
641 1221 688 1257 R.
724 1220 787 1266 Ρ.,
812 1232 922 1270 quae
946 1220 1049 1258 Dns.
1084 1220 1198 1258 lhus.
1230 1232 1308 1270 per
1340 1233 1421 1258 nos
1451 1220 1537 1258 hoc
1567 1232 1719 1258 mense
1751 1220 1924 1270 operari

295 1289 498 1341 digmatus
521 1295 602 1329 est.
627 1293 671 1329 In
696 1292 887 1330 coeteris
908 1292 1225 1343 negligentiam
1246 1297 1456 1338 nostram,
1490 1293 1536 1330 R.
1573 1293 1618 1330 Ρ,
1654 1293 1721 1336 Τ.,
1755 1304 1806 1330 ac
1827 1293 1922 1330 reli-

293 1375 478 1412 quorum
519 1364 692 1401 Patrum
735 1376 786 1402 ac
825 1364 1005 1401 fratrum
1040 1362 1402 1413 flagrantissimae
1436 1376 1593 1414 preces
1628 1376 1679 1402 ac
1713 1363 1925 1402 sacrificia

294 1434 572 1484 supplebunt,
597 1448 706 1485 quos
730 1448 880 1473 omnes
904 1436 1056 1473 Patres
1078 1447 1128 1473 ac
1149 1435 1306 1473 fratres
1329 1435 1608 1473 colonienses
1631 1435 1921 1481 consalutant,

294 1506 529 1556 praecipue
551 1512 564 1532 2
587 1508 632 1545 Ρ.
659 1506 928 1554 Leonardus,
955 1508 1000 1545 Ρ.
1036 1507 1232 1554 Rhetius,
1257 1507 1304 1545 Ρ.
1329 1507 1620 1554 Ffranciscus,
1646 1519 1747 1558 ego,
1773 1508 1819 1545 P.
1845 1507 1924 1544 Lu-

296 1577 525 1625 dobbicus,
552 1579 597 1616 Ρ.
623 1578 835 1625 Andreas,
864 1579 907 1617 Ρ.
934 1579 1261 1628 Hijmmerulus,
1283 1580 1337 1617 M.
1359 1579 1611 1626 Balduinus,
1634 1580 1688 1617 M.
1709 1578 1922 1625 Andreas,

297 1649 352 1688 Μ.
391 1650 650 1701 Gregorius,
689 1651 742 1689 M.
792 1651 1035 1697 Berkelius,
1071 1656 1174 1697 etc.,
1206 1651 1279 1701 qui
1310 1652 1356 1689 R.
1382 1659 1401 1676 a
1437 1652 1484 1689 Ρ.
1519 1652 1568 1689 T.
1618 1663 1715 1689 cum
1746 1651 1924 1702 reliquis

299 1720 499 1759 omnibus
521 1721 782 1772 sospitatem
805 1722 1049 1760 diuturnam
1071 1726 1306 1773 precantur
1330 1726 1372 1760 et
1397 1723 1589 1760 omnium
1610 1734 1767 1772 preces
1789 1722 1925 1760 humi-

295 1792 412 1830 llime
438 1793 683 1843 [exolptant
706 1793 740 1831 b.
767 1793 978 1832 Coloniae
1000 1793 1266 1844 Agrippinae
1289 1805 1344 1831 ex
1366 1793 1556 1843 collegio
1590 1793 1718 1830 trium
1741 1805 1922 1831 corona-

297 1876 405 1911 rum,
430 1874 479 1912 27
501 1864 701 1902 Ffebrua.
732 1865 845 1912 1560.
882 1866 927 1902 R.
962 1866 1008 1903 P.
1034 1865 1101 1912 T.‚
1128 1879 1183 1903 ex
1214 1864 1418 1903 mandato
1449 1865 1494 1902 Ρ.
1528 1863 1762 1911 Leonardi,

831 1991 1046 2029 HENRICUS
1078 1991 1322 2039 D10NYs11Js,
1355 1989 1558 2042 indignus
1589 2002 1744 2028 servus
1773 1991 1801 2027 ³.

379 2077 544 2130 Sigilli
572 2078 831 2130 vestigium.

345 2253 364 2271 ὃ
401 2246 669 2291 Consumpta
689 2245 857 2282 charta.
912 2246 976 2269 -b
1008 2246 1275 2291 Consumpta
1296 2246 1463 2282 charta.

348 2410 356 2429 ¹
408 2408 487 2445 Hic
506 2412 593 2444 erat
613 2406 791 2453 Ogerius
813 2406 1107 2450 Davantianus,
1129 2412 1171 2444 ut
1191 2411 1348 2444 constat
1366 2418 1415 2442 ex
1443 2405 1588 2443 litteris
1621 2405 1801 2454 ejusdem
1836 2405 1929 2441 Dio-

299 2468 443 2516 nysi17
465 2467 564 2516 Maji
583 2468 699 2504 datis.
1694 2464 1697 2466 ’

346 2529 358 2548 ²
409 2526 681 2564 Nominantur
700 2528 738 2563 in
757 2538 842 2572 seq.
864 2525 942 2562 PP.
965 2526 1205 2563 Leonardus
1224 2525 1386 2570 Kessel,
1404 2525 1582 2573 joannes
1599 2525 1784 2567 Rethius,
1803 2524 1928 2560 Fran—

299 2589 428 2625 ciscus
448 2587 657 2630 costerus,
680 2586 883 2622 Henricus
903 2585 1136 2633 Dionysius,
1158 2585 1394 2622 Ludovicus
1415 2584 1714 2623 Columnensis.
1739 2584 1929 2620 Andreas

301 2646 522 2695 Aquensis,
540 2645 782 2683 Franciscus
802 2644 1062 2684 Hemerolus.
1084 2653 1123 2681 et
1142 2644 1189 2681 ff.
1215 2644 1438 2682 Balduinus
1461 2645 1513 2681 ab
1533 2644 1714 2690 Angelo,
1739 2643 1927 2679 Andreas

300 2707 528 2749 Boceatius,
550 2705 777 2752 Gregorius
799 2704 959 2749 Fabius,
974 2704 1154 2751 Joannes
1174 2704 1410 2742 Berkelius.

347 2768 360 2788 ⁸
412 2766 519 2804 Vide
539 2777 674 2812 supra,
696 2778 732 2811 p.
753 2763 834 2801 290.
