2038 3400
302 267 372 306 760
771 267 990 303 erTfflzAE
1019 267 1375 312 QUADRIMESTRES

257 383 451 419 carcere,
475 386 603 423 quarn
626 374 668 411 in
700 370 993 419 xenodochijs
1016 375 1059 408 et
1087 370 1183 419 alijs
1206 370 1336 408 etiam
1366 368 1476 407 locis
1508 375 1633 407 extra
1664 370 1887 408 ciuitatem

256 456 387 494 saepe
423 444 477 482 ad
508 446 556 483 T.
591 446 639 483 R.
676 446 722 483 P.
758 444 1022 494 scripsimus.
1059 443 1205 491 Quare
1237 442 1323 479 hoc
1352 440 1656 479 tantummodo
1682 448 1701 466 a
1731 441 1886 488 dicam,

256 516 467 554 maiorem
504 529 556 555 ea
591 529 645 554 ex
682 529 729 554 re
761 516 950 553 fructum
982 513 1250 564 spiritualem
1281 513 1323 550 in
1354 512 1449 550 dies
1480 525 1728 563 emergere.
1761 513 1889 551 Valet

255 587 487 637 plurimum
509 600 614 626 sane
638 587 691 626 ad
713 584 962 624 huiusmodi
985 585 1227 623 communis
1248 583 1352 622 boni
1378 585 1703 634 promotionem
1735 596 1785 622 ac
1816 596 1889 622 ue-

256 658 488 697 hementer
510 660 630 697 iuuat
651 659 892 697 auctoritas
913 656 998 703 illa,
1023 669 1151 706 quam
1173 655 1287 706 apud
1310 667 1478 702 omnes,
1504 668 1600 693 curn
1623 656 1887 702 saeculares,

256 735 347 768 tum
370 731 716 777 ecclesiasticos,
742 736 785 768 et
808 729 997 768 maxime
1018 727 1133 779 apud
1150 728 1345 778 legatum
1368 739 1472 765 suae
1495 727 1753 773 sanctitatis,
1777 727 1890 777 apud

256 814 408 852 regem
430 802 759 840 serenissimum
790 800 1145 845 Maximilianum,
1178 798 1375 849 reginam
1409 798 1615 848 inclytam
1650 798 1813 849 pariter
1847 804 1891 836 et

256 871 491 924 piissimam
515 873 608 911 eius
631 873 880 924 coniugem,
901 871 1015 923 apud
1031 870 1312 909 archiducem
1330 870 1551 916 Carolum,
1575 882 1627 908 ac
1648 870 1760 908 adeo
1778 870 1892 921 apud

256 944 396 995 ipsum
427 944 750 983 Ferdinandum
784 942 984 995 primum,
1010 954 1234 980 caesarem
1257 941 1630 992 augustissimum,
1654 954 1705 979 ac
1729 941 1891 992 optime

258 1027 432 1066 semper
471 1014 525 1054 de
565 1015 692 1054 nobis
733 1015 934 1053 omnibus
973 1013 1191 1059 meritum,
1231 1012 1433 1051 Societas
1467 1012 1579 1050 haec
1612 1018 1777 1059 nostra,
1819 1018 1893 1050 aut

258 1088 404 1138 potius
419 1088 539 1138 Jesu,
559 1087 734 1126 minima
750 1088 898 1125 habet.
921 1085 1047 1135 Quae
1068 1086 1243 1135 quanta
1266 1085 1386 1134 apud
1403 1096 1556 1123 omnes
1575 1083 1651 1131 stt,
1671 1085 1720 1122 ut
1736 1083 1894 1122 multis

257 1158 409 1210 signis
430 1159 606 1198 abunde
627 1159 742 1197 satis
760 1157 915 1208 quiuis
939 1157 1007 1196 nel
1028 1156 1320 1196 mediocriter
1338 1155 1549 1194 oculatus
1565 1154 1783 1206 colligere
1796 1156 1893 1205 pot-

259 1232 335 1276 est,
361 1232 412 1270 de
433 1230 596 1281 quibus
615 1236 746 1278 saepe
777 1229 900 1267 alias
922 1228 1060 1280 facta
1091 1230 1153 1267 est
1184 1241 1232 1266 m
1263 1226 1680 1278 quadrimestribus
1709 1226 1891 1274 mentio,

260 1302 326 1341 ita
348 1303 418 1342 uel
439 1316 492 1342 ex
521 1303 605 1342 hoc
627 1303 736 1349 solo,
763 1303 882 1352 quod
911 1314 1010 1340 sum
1035 1300 1259 1347 dicturus,
1284 1298 1522 1339 constabit.
1546 1301 1655 1339 Cum
1684 1312 1822 1350 nuper
1851 1299 1894 1337 in

259 1375 483 1426 Hungaria
505 1376 632 1414 R.¹²¹US
655 1373 954 1426 archipraesul
977 1372 1268 1424 strigonensis
1299 1376 1307 1394 ¹
1338 1372 1649 1411 dioecesanam
1680 1371 1894 1422 synodum

260 1447 349 1486 suis
379 1446 700 1493 sacerdotibus,
733 1446 1015 1497 praepositis,
1048 1445 1281 1484 abbatibus
1303 1450 1389 1483 etc.
1413 1443 1659 1491 indixisset,
1683 1443 1894 1495 quosdam

259 1511 410 1558 sacrae
441 1519 697 1570 theologiae
729 1517 940 1557 doctores
973 1523 1017 1555 et
1051 1517 1286 1555 nonnullos
1316 1529 1545 1555 causarum
1577 1514 1895 1554 ecclesiastica-

259 1604 354 1630 rum
375 1591 543 1630 iudices
564 1591 619 1629 ad
640 1591 726 1629 hoc
745 1591 998 1641 negocium,
1021 1602 1109 1628 non
1130 1588 1263 1628 modo
1287 1601 1342 1627 ex
1364 1588 1602 1639 Hungaria,
1623 1587 1702 1626 sed
1723 1586 1895 1625 aliunde

260 1663 392 1701 etiam
414 1662 486 1712 (ea
507 1667 575 1701 est
601 1663 714 1701 illius
735 1660 943 1700 antistitis
963 1662 1105 1712 pietas
1127 1673 1178 1699 ac
1201 1660 1346 1699 ouium
1369 1672 1544 1698 suarum
1567 1659 1689 1709 cura)
1709 1658 1896 1709 pruden-

261 1739 328 1772 ter
357 1746 409 1773 ac
442 1734 639 1772 studiose
662 1734 944 1780 conuocauit,
970 1738 1016 1770 ut
1037 1744 1109 1770 res
1130 1737 1226 1770 tota
1247 1732 1440 1770 sanctius
1474 1730 1716 1782 maiorique
1737 1730 1896 1769 autori-

260 1810 352 1844 tate
383 1818 481 1844 cum
513 1805 705 1844 omniurn
737 1805 1043 1844 consolatione
1076 1808 1120 1842 et
1149 1803 1295 1841 fructu
1329 1802 1466 1854 (quod
1497 1816 1600 1841 sane
1633 1802 1820 1840 maxima
1841 1816 1895 1841 ex

260 1883 399 1928 parte,
424 1878 520 1915 Deo
544 1878 651 1924 laus,
674 1877 921 1928 perfectum
945 1876 1069 1914 breui
1085 1875 1298 1925 temporis
1315 1875 1463 1925 spacio
1483 1874 1568 1924 est)
1586 1873 1894 1913 conficeretur.

263 1950 380 1987 Inter
401 1949 483 1987 hos
503 1949 659 1999 partim
683 1953 837 1999 suapte
866 1952 1040 1998 sponte,
1064 1947 1236 1998 partim,
1262 1951 1308 1984 ut
1329 1945 1628 1997 intelligimus,
1653 1944 1756 1983 R.1¹s²i
1778 1944 1897 1995 quin-

261 2032 346 2071 que
365 2019 662 2067 ecclesiensis,
688 2019 767 2058 uiri
789 2032 886 2057 cum
909 2018 1110 2057 doctrina
1131 2022 1175 2056 et
1197 2018 1450 2064 autoritate,
1474 2022 1566 2054 tum
1586 2016 1752 2067 pietate
1768 2016 1898 2067 pluri-

261 2093 431 2143 busque
463 2091 697 2130 uirtutibus
726 2090 1107 2142 praestantissimi,
1142 2094 1186 2127 et
1206 2089 1256 2127 C.
1282 2089 1337 2127 M.
1363 2087 1619 2137 confessarij
1643 2086 1670 2136 ²,
1696 2087 1895 2134 consilio,

265 2163 498 2201 Rectorem
519 2168 718 2201 nostrum
749 2162 881 2211 (absit
911 2161 1102 2200 inuidiae
1124 2160 1327 2209 verbum)
1356 2160 1540 2210 primum
1567 2160 1712 2197 locum
1733 2159 1898 2197 habere

262 2235 416 2272 uoluit.
460 2234 699 2272 Excusauit
739 2246 786 2272 se
822 2234 857 2272 is
897 2231 1089 2284 quidem,
1132 2231 1366 2283 requisitus
1402 2243 1550 2282 saepe,
1589 2231 1775 2269 honeste
1811 2243 1898 2268 non

264 2307 405 2345 solum
428 2318 573 2344 coram
593 2305 945 2356 archiepiscopo,
970 2304 1049 2343 sed
1069 2304 1089 2329 b
1112 2316 1260 2343 coram
1282 2304 1375 2354 ipso
1398 2310 1414 2328 0
1435 2303 1717 2354 imperatore.
1736 2303 1898 2341 Verum

264 2391 362 2416 cum
383 2377 499 2416 idem
523 2378 651 2414 R.mus
674 2377 964 2428 strigonensis
986 2377 1197 2415 instanter
1219 2375 1262 2414 id
1283 2380 1461 2426 peteret
1481 2375 1535 2412 ab
1556 2373 1822 2424 imperatore
1842 2385 1898 2410 ne

265 2445 466 2488 Rectoris
490 2449 827 2487 excusationem
849 2449 891 2486 in
913 2461 959 2487 re
981 2449 1090 2486 tanti
1121 2447 1333 2486 momenti
1362 2446 1632 2493 admitteret,
1657 2458 1898 2484 conuersus

266 2521 320 2559 ad
344 2520 548 2559 eumdem
571 2521 807 2559 Rectorem
830 2521 985 2566 semel,
1010 2520 1169 2558 iterum
1200 2525 1332 2569 atque
1354 2518 1486 2556 tertio
1509 2517 1646 2569 (quod
1675 2530 1753 2568 pro
1776 2529 1898 2555 more

265 2593 414 2640 habet,
439 2593 540 2631 dum
558 2593 599 2631 in
622 2594 753 2631 rebus
776 2591 951 2631 maioris
973 2592 1184 2631 momenti
1207 2597 1375 2630 certum
1398 2590 1635 2628 uoluntatis
1668 2601 1771 2627 suae
1794 2589 1898 2627 indi-

266 2666 380 2703 cium
402 2677 454 2703 ac
473 2664 604 2703 animi
628 2676 734 2715 erga
755 2677 851 2703 eam
882 2677 975 2703 rem
1007 2663 1072 2702 sui
1101 2663 1443 2715 propensionem
1474 2661 1567 2700 uult
1598 2665 1803 2699 testatam
1833 2673 1898 2699 re-

264 2736 486 2787 linquere)
507 2740 556 2774 ut
577 2748 699 2774 suam
723 2748 901 2785 operam
933 2735 1034 2774 huic
1064 2736 1128 2774 rei
1156 2731 1531 2780 accommodaret,
1556 2731 1788 2771 commisit.
1811 2733 1897 2770 Ne-

311 2887 330 2906 a
381 2886 536 2924 Praec.
557 2897 598 2923 v.
619 2887 665 2923 in
685 2896 826 2932 marg.
843 2886 969 2924 delet.
986 2886 1131 2924 solum.
1187 2885 1251 2911 —b
1273 2884 1365 2931 Seq.
1383 2883 1466 2921 del.
1485 2883 1621 2920 etiam.
1678 2889 1740 2908 —0
1761 2882 1896 2919 etiam.

316 3027 324 3046 ¹
379 3023 573 3062 Nicolaus
593 3022 764 3061 Olahus.

315 3086 327 3106 ²
379 3083 589 3132 Georgius
607 3082 886 3121 Draskowich.
