2038 3400
381 234 424 273 18
846 234 1066 275 LITTERAE
1092 236 1451 283 QUADRIMESTRES

331 335 525 383 quartus
538 333 639 385 fnit
668 346 841 382 eorum,
867 346 977 385 quos
1009 333 1056 372 in
1090 335 1186 374 tam
1217 335 1371 385 ampla
1394 332 1593 385 familia
1624 333 1708 372 hoc
1739 331 1959 370 autumno

332 405 654 444 mactauimns.
678 405 916 444 Pollicitus
933 407 1009 453 est,
1031 408 1138 445 dum
1154 419 1255 446 eum
1277 419 1440 458 regens
1461 407 1603 455 nuper
1625 401 1901 449 comtem'ret,
1925 404 1965 441 et

332 476 488 514 vinnm
518 490 562 515 se
594 476 723 515 nobis
755 478 990 515 daturum.
1015 477 1066 515 D.
1092 461 1240 516 rector
1263 475 1560 515 vniuersitatis
1584 477 1591 495 ¹
1615 486 1753 524 nuper
1779 477 1965 524 quatuor

330 547 586 586 facultatum
617 547 795 586 decanis
817 548 907 597 (qui
929 552 1067 586 totam
1089 549 1423 586 vniuersitatem
1446 546 1660 595 referunt)
1682 545 1737 582 de
1758 544 1884 582 nobis
1906 545 1966 582 lo-

332 623 459 658 cutus
481 618 583 669 quid
605 619 656 657 iis
678 623 828 657 nostra
858 619 1073 658 institutio
1104 621 1316 671 placeret,
1341 618 1678 669 responderunt:
1703 619 1825 655 recte
1846 629 1967 666 pror-

331 704 418 738 sus,
444 695 579 741 vtque
601 691 643 729 in
666 697 826 742 coepto
860 691 1006 729 osficio
1030 691 1266 743 diligentes
1296 702 1601 742 pergeremus3
1630 690 1716 727 hoc
1737 701 1868 726 vnum
1893 688 1966 725 ob-

332 767 561 801 seruantes
601 768 662 810 vt,
705 761 850 813 quoad
892 763 984 801 eius
1024 764 1119 801 fieri
1159 764 1316 814 possit,
1359 762 1451 801 aliis
1491 759 1728 813 gymnasiis
1769 772 1967 797 essemus

332 834 597 873 conformes.
625 834 756 884 Quod
779 834 909 873 etiam
930 836 1144 873 hactenus
1167 835 1321 873 sedulo
1344 847 1368 872 a
1393 835 1520 873 nobis
1555 838 1752 872 curatum
1776 837 1856 870 est.
1890 832 1967 869 Fa-

331 907 394 944 xit
418 907 695 956 omnipotens
719 907 944 954 Dominus,
972 912 1018 944 vt
1038 907 1182 946 fructu
1204 907 1276 958 qui
1306 907 1434 945 istinc
1455 919 1582 957 quam
1605 905 1850 943 vberrimus
1870 916 1968 954 pro-

331 984 491 1026 manat,
518 983 560 1016 et
583 978 743 1016 ciuium
767 984 810 1016 et
832 979 1083 1029 praesulum
1105 978 1236 1017 animi
1257 978 1488 1030 aliquando
1512 982 1773 1016 moueantur
1795 976 1848 1014 ad
1883 976 1968 1013 for-

329 1050 432 1087 titer
454 1050 678 1087 hereseon
700 1048 960 1088 doctoribus
982 1062 1029 1088 se
1054 1049 1364 1088 obiiciendum.

395 1132 454 1160 10.
515 1121 719 1160 Accessit
740 1121 794 1160 ad
816 1135 896 1159 nos
919 1132 969 1171 29
1001 1120 1207 1160 Octobris
1238 1122 1287 1160 R.
1321 1123 1390 1159 Pr.
1425 1120 1676 1159 Euerardus
1704 1124 1716 1143 ²
1748 1132 1802 1157 ex
1832 1118 1967 1165 Vrbe,

335 1206 431 1231 cum
456 1194 503 1231 R.
530 1194 576 1231 P.
596 1194 766 1244 Joanne
790 1193 1019 1243 Mortayne
1043 1198 1087 1230 et
1114 1193 1198 1231 alio
1222 1192 1411 1244 quodam
1434 1193 1582 1239 fratre,
1607 1204 1718 1242 quos
1741 1203 1794 1229 eo
1818 1190 1969 1228 laetio-

332 1277 404 1302 res
433 1265 721 1314 suscepimus,
747 1264 865 1314 quod
897 1278 995 1303 cum
1027 1278 1081 1303 ex
1103 1264 1220 1303 Vrbe
1243 1265 1379 1302 multa
1398 1277 1515 1302 noua
1544 1264 1587 1302 in
1608 1262 1846 1301 Societatis
1868 1274 1970 1300 con-

332 1336 595 1387 gregatione
626 1339 806 1386 peracta
828 1348 977 1374 secum
1000 1335 1238 1383 adferrent,
1262 1339 1353 1374 tum
1386 1335 1517 1373 etiam
1546 1334 1766 1372 inferioris
1788 1333 1971 1371 Germa-

331 1408 429 1445 niae
451 1406 767 1457 prouincialem
788 1406 914 1445 nobis
937 1406 1223 1454 adducerent,
1248 1420 1334 1458 quo
1364 1407 1579 1445 caruimus
1610 1406 1839 1443 hactenus.
1863 1404 1972 1454 Ape-

332 1477 514 1517 ruinms
539 1478 588 1516 R.
610 1478 707 1516 Pri.
723 1477 1013 1529 prouinciali
1030 1478 1184 1517 omnia
1204 1477 1391 1529 collegii
1405 1476 1615 1529 negocia,
1636 1489 1749 1527 quae
1770 1475 1824 1523 ei,
1845 1476 1889 1513 vt
1907 1473 1974 1512 di-

333 1551 472 1597 cebat,
499 1550 662 1601 optime
673 1549 929 1600 placebant.
953 1550 1246 1589 Recesserfzmt
1278 1550 1430 1588 autem
1453 1549 1479 1588 6
1496 1548 1565 1588 die
1586 1545 1861 1587 Nouembris
1877 1545 1974 1597 pri-

334 1635 458 1661 mum
480 1620 759 1669 Louam'um,
780 1620 937 1660 deinde
962 1621 1234 1660 Tornacum.
1254 1619 1387 1659 Nihil
1409 1619 1539 1659 cuias
1556 1620 1607 1657 R.
1629 1619 1678 1656 P.
1710 1618 1751 1657 V.
1773 1616 1972 1668 amplius

333 1693 574 1732 certiorem
600 1692 801 1744 jaciam,
827 1691 1044 1731 occurrit.
1069 1691 1440 1731 Commendamus
1469 1704 1550 1729 nos
1573 1690 1764 1729 omnium
1796 1690 1971 1726 Patrum

332 1778 612 1804 romanorum
634 1764 859 1802 sacrificiis
881 1764 1151 1815 fratrumque
1167 1763 1386 1814 precibus,
1420 1763 1576 1812 quibus
1608 1762 1809 1800 omnibus
1843 1760 1971 1811 pluri-

332 1850 444 1875 mam
479 1838 665 1875 salutem
700 1841 962 1887 praecantur
999 1837 1046 1874 R.
1081 1836 1127 1873 P.
1167 1834 1438 1882 Leonardus‚
1477 1835 1530 1872 M.
1560 1835 1751 1884 joannes
1787 1832 1971 1870 Redtius

331 1921 508 1959 regens,
542 1908 597 1946 M.
632 1908 850 1946 Henricus
882 1891 1135 1956 Dionysius,
1169 1907 1224 1944 M.
1260 1905 1513 1953 Balduinus,
1548 1905 1602 1944 M.
1638 1904 1836 1942 Andreas
1873 1917 1970 1942 cum

332 1978 510 2029 reliquis
531 1978 738 2017 fratribus
760 1976 1029 2016 domesticis.
1055 1977 1264 2028 Cupimus
1286 1989 1478 2028 quoque,
1504 1975 1539 2014 si
1572 1977 1733 2027 placet,
1757 1976 1971 2013 salutatos

333 2049 566 2089 doctorem
588 2050 868 2101 Gropperum
900 2054 1133 2099 vtrumque
1154 2047 1182 2096 ⁸,
1209 2053 1252 2086 et
1279 2049 1330 2087 D.
1364 2048 1577 2087 Zonnium
1608 2051 1636 2086 ⁴.
1662 2047 1795 2085 Hisce
1826 2047 1972 2084 valeat

337 2124 382 2161 R.
410 2124 482 2161 Pa.
508 2123 558 2161 V.
585 2122 798 2162 Coloniae
829 2122 871 2159 in
893 2120 1121 2172 gymnasio
1154 2132 1272 2159 nouo
1302 2122 1588 2167 Coronarum,
1612 2118 1842 2171 6Januarii
1874 2118 1973 2155 anni

340 2203 454 2244 1559.
480 2194 545 2232 Ex
568 2192 880 2233 commissione
902 2194 950 2231 R.
976 2193 1023 2231 P.
1049 2191 1282 2231 Leonardi.

416 2267 463 2304 R.
492 2267 538 2305 P.
564 2267 617 2305 V.
641 2265 846 2317 indignus
869 2277 1024 2303 seruus

911 2383 1171 2422 Frmnclscus
1202 2383 1424 2422 COSTERUS
1454 2381 1778 2421 mechliniensis
1808 2385 1835 2419 ⁵.

384 2558 392 2575 ¹
444 2555 659 2602 Philippus
680 2550 914 2600 Mylander.
937 2549 999 2588 Cf.
1019 2548 1212 2592 HANSEN‚
1234 2549 1261 2586 1.
1282 2561 1331 2590 c.‚
1351 2547 1434 2592 318,
1454 2548 1536 2585 319.

383 2615 395 2634 ²
450 2615 490 2651 Ρ.
515 2613 751 2650 Everardus
771 2610 1071 2651 Mercurianus‚
1092 2608 1295 2645 inferioris
1315 2607 1568 2645 Germaniae
1589 2607 1861 2654 provincialis.

383 2676 396 2694 ³
441 2674 636 2720 Joannes,
657 2673 829 2713 scilicet,
849 2672 899 2707 de
918 2683 997 2718 quo
1012 2669 1175 2716 saepius
1194 2669 1234 2704 in
1254 2668 1514 2715 praecedenti
1540 2669 1759 2711 volumine,
1788 2669 1856 2714 qui
1884 2680 1973 2704 cum

335 2734 462 2772 fratre
483 2735 658 2770 Romam
680 2737 864 2768 venerat.

382 2795 396 2814 ⁴
448 2792 691 2829 Franciscus
710 2790 901 2835 Sounius,
923 2790 1139 2836 theologus
1158 2788 1422 2832 lovaniensis,
1443 2792 1531 2834 post
1551 2788 1762 2834 episcopus
1781 2787 1975 2825 buscodu-

335 2852 467 2890 censis
487 2857 527 2889 et
553 2850 868 2898 antuerpiensis,
896 2850 1055 2886 Romae
1082 2854 1177 2886 tunc
1204 2847 1379 2895 Philippi
1407 2845 1443 2883 II
1470 2846 1635 2893 negotia
1662 2859 1752 2884 cum
1780 2845 1975 2884 Pontifice

335 2912 554 2950 tractabat.

383 2972 396 2991 ³
452 2970 554 3008 Vide
574 2971 676 3008 Lz'tt.
697 2969 951 3017 Quadrz'm.,
977 2968 1026 3014 V,
1050 2967 1234 3005 185-186.
