2038 3400
385 214 454 252 816
836 220 1056 258 LITTERAE
1081 222 1441 268 QUADRlMESTRES

335 317 417 355 iam
439 319 561 357 annis
585 321 789 359 oberrant
820 322 861 360 in
893 322 1113 362 montibus
1146 337 1341 365 errorum
1377 327 1600 380 dispersae
1624 337 1668 369 et
1698 332 1840 371 factae
1864 339 1963 372 sunt

336 390 377 427 111
394 390 728 431 deuorationem
747 394 936 433 omnium
953 396 1191 435 bestiarum
1208 399 1299 449 agri
1319 399 1344 447 ¹,
1363 400 1556 449 tandem,
1571 403 1688 452 quod
1703 404 1809 442 faxit
1828 406 1962 449 Deus,

337 461 389 498 ad
412 475 535 500 suum
556 470 779 513 pastorem
803 470 1095 505 reuertantur.
1123 469 1202 507 Cui
1232 469 1407 520 quidem
1435 473 1498 510 rei
1527 475 1737 513 secularis
1766 481 1964 526 potestas

335 533 503 572 initium
526 535 630 574 dare
653 537 841 584 uidetur,
867 550 964 576 cum
986 537 1245 590 desperatos
1268 547 1312 579 et
1332 543 1582 593 pertinaces
1603 546 1854 586 haereticos
1875 561 1962 586 non

335 605 534 645 laenibus
555 607 716 646 afficiat
737 609 907 659 poenis,
932 615 977 647 ut
998 624 1137 661 nuper
1159 613 1333 660 accidit,
1363 615 1536 665 quando
1566 619 1831 657 serenissimi
1852 620 1962 670 prin-

335 676 442 726 cipis
463 678 667 717 mandato
689 679 959 728 picharditae
983 682 1105 720 multi
1136 683 1190 720 ad
1220 685 1423 724 triremes
1452 687 1776 738 ablegarentur.
1801 691 1962 729 Verum

334 748 419 786 hoc
450 751 653 800 exemplo
685 751 878 789 nondum
909 752 969 790 ita
998 753 1203 792 uidentur
1225 755 1440 804 deterriti,
1471 758 1572 808 quin
1595 759 1735 798 modis
1764 762 1963 800 omnibus

333 824 518 870 pergant
541 834 714 859 suarum
737 822 970 861 haeresum
1004 825 1154 863 toxico
1176 827 1425 876 prouincias
1446 829 1524 867 has
1554 831 1682 881 plane
1714 844 1964 883 corrumpe-

333 902 396 937 re,
421 891 622 943 adeoque
645 894 770 931 bellis
794 900 981 943 tentare,
1005 898 1124 948 quod
1141 898 1364 949 uersipelli
1380 912 1431 938 30
1447 900 1724 941 fraudulenta
1739 910 1963 954 nequeunt

332 963 493 1001 astutia
513 965 742 1014 perficere.
770 966 881 1005 Nam
902 974 949 1005 ut
972 970 1177 1008 sereniss
1201 971 1405 1022 princeps
1421 977 1573 1012 noster
1595 980 1613 998 a
1635 975 1685 1013 R.
1710 976 1756 1013 P.
1782 976 1961 1014 Prouin-

333 1033 429 1071 ciali
449 1041 602 1073 nostro
634 1037 902 1077 familiariter
932 1041 1124 1079 narrauit
1145 1042 1179 1087 b,
1217 1046 1319 1081 ante
1349 1056 1525 1083 menses
1555 1044 1720 1096 aliquot
1750 1046 1963 1086 haeretici

332 1118 520 1145 saxones
543 1109 851 1148 clancularium
874 1111 1070 1151 nuntium
1094 1113 1206 1152 datis
1223 1115 1362 1153 literis
1379 1116 1590 1155 miserunt
1612 1124 1629 1142 0
1649 1117 1703 1156 ad
1721 1119 1960 1157 Bohemiae

332 1178 550 1226 ciuitateS,
574 1180 731 1230 quibus
754 1193 828 1220 eas
850 1182 904 1220 ad
925 1183 1087 1221 bellum
1110 1190 1264 1223 contra
1282 1187 1525 1225 catholicos
1543 1188 1870 1240 suscipiendum
1889 1202 1961 1228 ex-

329 1250 630 1290 hortabantur.
655 1253 710 1290 Et
731 1267 816 1304 quo
841 1254 966 1293 dolus
990 1257 1159 1295 cautius
1176 1258 1480 1308 perficeretur,
1500 1272 1587 1298 non
1604 1261 1857 1311 petiuerunt
1879 1262 1961 1300 illis

328 1322 482 1369 literis,
520 1329 566 1360 ut
602 1324 757 1362 ciuitas
792 1326 1016 1375 quaelibet
1051 1340 1176 1366 suum
1208 1341 1471 1368 consensum
1503 1337 1671 1382 aperte,
1705 1332 1784 1370 sed
1819 1334 1959 1371 solum

329 1394 627 1433 subscriberet
665 1401 873 1447 quantum
909 1398 1069 1436 nuncio
1107 1399 1371 1450 stipendium
1403 1401 1615 1441 dedisset.
1650 1404 1773 1442 Vnde
1808 1411 1960 1455 posset

330 1466 503 1504 occulte
527 1471 731 1505 constare
753 1481 968 1519 quaenam
991 1470 1194 1510 ciuitates
1215 1472 1384 1511 nefario
1419 1473 1611 1524 ipsorum
1633 1474 1836 1514 instituto
1860 1488 1960 1515 con-

328 1538 583 1576 sensissent.
609 1537 698 1577 Sed
718 1552 806 1578 non
829 1547 897 1580 est
919 1542 1149 1583 consilium
1170 1545 1384 1583 aduersus
1406 1545 1640 1586 Dominum
1660 1553 1687 1595 ²,
1707 1547 1780 1598 qui
1796 1548 1959 1599 disper-

328 1608 436 1647 didit
460 1618 695 1661 operantes
727 1613 1015 1663 iniquitatem.
1040 1615 1150 1654 Nam
1175 1621 1218 1654 et
1239 1618 1426 1656 nuncius
1459 1624 1611 1670 captus
1634 1624 1716 1667 est,
1742 1625 1786 1657 et
1807 1620 1959 1659 haere-

328 1681 412 1719 tica
435 1683 616 1721 consilia
646 1684 925 1724 manifestata
956 1692 1070 1734 sunt,
1106 1693 1149 1726 et
1178 1689 1400 1739 pessimus
1430 1690 1503 1728 ille
1535 1696 1735 1739 conatus,
1759 1692 1856 1730 Deo
1878 1705 1956 1742 pro

282 1759 284 1761 ’
325 1754 452 1791 nobis
478 1762 716 1806 pugnante,
750 1758 862 1796 sicut
891 1758 1035 1797 fumus
1070 1761 1264 1799 euanuit.
1298 1763 1462 1800 Verum
1493 1768 1641 1802 tamen
1671 1763 1774 1814 quid
1803 1764 1957 1802 mirum

324 1824 442 1875 quod
463 1826 789 1866 haereticorum
812 1842 972 1877 sermo,
997 1837 1043 1868 ut
1066 1844 1238 1879 cancer,
1264 1838 1426 1884 serpat,
1450 1834 1624 1884 quando
1649 1835 1876 1873 catholicis
1900 1847 1956 1873 ex

324 1896 461 1934 altera
478 1897 494 1921 d
518 1904 641 1947 parte
655 1899 1005 1947 dormitantibus,
1024 1902 1098 1951 filij
1118 1903 1254 1953 seculj
1273 1903 1399 1943 huius
1415 1905 1724 1956 prudentiores
1741 1912 1841 1944 sunt
1857 1907 1956 1955 filijs

325 1967 432 2005 lucis
453 1968 495 2005 in
517 1971 808 2019 generatione
843 1984 919 2010 sua
949 1973 977 2020 ³,
1002 1979 1049 2011 ut
1070 1975 1183 2025 apud
1207 1976 1450 2015 catholicos
1486 1977 1702 2016 bohemos
1723 1978 1809 2016 hoc
1830 1991 1952 2029 prae-

324 2038 473 2077 sertim
495 2044 695 2092 tempore
717 2044 813 2093 plus
836 2045 940 2082 satis
962 2047 1163 2096 apparet?
1186 2047 1296 2085 Nam
1314 2060 1411 2085 cum
1429 2061 1569 2099 nuper
1585 2049 1758 2100 quidam
1783 2062 1836 2088 ex
1854 2063 1953 2088 nos-

323 2111 400 2147 tris
422 2111 623 2150 Patribus
644 2113 860 2153 infirmum
882 2116 1100 2166 quendam
1122 2118 1333 2156 hussitam
1358 2119 1582 2158 cuiusdam
1605 2120 1808 2159 catholici
1831 2122 1956 2159 baro-

322 2181 386 2219 nis
416 2181 622 2222 famulum
654 2185 892 2233 uisitasset,
925 2194 1057 2239 atque
1088 2188 1147 2227 ita
1178 2189 1414 2241 diligenter
1447 2191 1501 2229 de
1537 2205 1643 2230 uera
1678 2193 1838 2232 Christi
1866 2192 1952 2231 fide

321 2252 686 2304 pelr]tractasset,
712 2263 759 2295 ut
785 2256 977 2297 infirmus
1009 2260 1136 2298 ualde
1168 2260 1223 2299 de
1253 2261 1465 2300 hussitica
1496 2263 1682 2313 perfidia
1713 2262 1949 2312 dubitaret,

319 2336 404 2363 nec
424 2325 557 2376 longe
579 2327 758 2366 abesset
780 2342 803 2366 a
825 2342 962 2381 regno
988 2331 1067 2370 Dei
1089 2333 1116 2373 ⁴,
1141 2333 1331 2371 accessit
1362 2333 1416 2372 ad
1440 2346 1538 2372 eum
1560 2340 1720 2385 postea
1750 2335 1953 2374 dominus

321 2396 415 2434 eius
445 2401 576 2447 atque
607 2401 824 2450 quaesiuit
856 2408 999 2441 vtrum
1031 2405 1350 2443 sanctissimum
1382 2406 1675 2445 eucharistiae
1707 2419 1954 2445 sacramen-

320 2473 411 2507 tum
434 2470 513 2507 sub
536 2483 633 2517 una,
658 2473 728 2509 uel
752 2474 830 2511 sul)
853 2479 1038 2525 vtraque
1060 2477 1209 2527 specie
1228 2490 1402 2515 sumere
1428 2484 1626 2528 cuperet,
1653 2484 1697 2517 et
1719 2492 1815 2517 curn
1840 2480 1953 2517 infir-

367 2631 387 2650 a
437 2631 533 2670 Del.
566 2645 650 2673 nro.
702 2635 767 2660 -b
800 2635 954 2673 Praec.
988 2648 1029 2674 v.
1066 2639 1113 2675 in
1151 2650 1291 2685 marg.
1364 2647 1425 2666 —0
1457 2641 1611 2679 Praec.
1651 2653 1690 2678 v.
1726 2643 1774 2678 in
1807 2651 1949 2688 marg.

321 2691 387 2717 —d
409 2691 561 2730 Praec.
583 2703 623 2730 v.
643 2698 781 2740 supra
801 2706 910 2733 vers.

368 2856 375 2874 ¹
430 2854 493 2892 Cf.
516 2854 604 2898 Ez..
626 2854 829 2898 XXle,
851 2859 886 2901 5,
906 2859 940 2895 6.

365 2914 378 2933 ²
428 2914 576 2957 Pssov..
598 2914 714 2959 XXI,
736 2916 793 2954 30.

366 2974 378 2993 ⁸
430 2974 550 3019 Luc..
571 2974 689 3021 XVI,
708 2976 742 3013 8.

364 3035 378 3054 ⁴
429 3033 493 3072 Cf.
516 3035 675 3079 MARC.,
696 3035 788 3081 ΧΙΙ,
809 3037 867 3074 34.
