2038 3400
377 243 448 281 338
846 242 1066 282 LITTERAE
1093 244 1449 289 QUADRIMESTRES

330 346 459 395 gerit.
485 346 562 383 Est
592 344 827 386 admodum
860 345 1105 384 laboriosus
1139 352 1183 384 et
1204 345 1258 384 ad
1289 345 1433 384 omnia
1454 345 1768 396 paratissimus.
1791 344 1963 383 Vtinam

332 416 548 455 eiusmodi
571 417 732 454 multos
754 415 807 454 ad
830 416 1103 455 Societatem
1127 417 1246 455 Deus
1263 416 1544 468 perduceret.
1568 416 1751 455 Coeteri
1771 420 1964 466 praeter-

330 499 383 525 ea
420 500 573 526 omnes
609 494 788 526 strenue
826 488 1040 535 laborant,
1085 493 1129 525 et
1164 487 1400 539 diligenter
1436 488 1626 526 iniuncta
1659 487 1837 534 faciunt,
1874 487 1964 538 pul-

327 559 634 610 cherrimaque
656 558 784 596 nobis
817 565 861 596 et
890 559 1075 609 plurima
1096 571 1231 597 verae
1265 558 1578 598 oboedientiae
1610 559 1811 609 exempla
1840 570 1964 609 prae-

326 630 446 669 bent.
482 629 660 669 Vtinam
693 632 857 669 cuncta
878 629 1108 677 imitarer,
1145 630 1224 680 qui
1242 631 1368 669 solus
1391 633 1562 681 parum
1594 632 1673 669 απιί
1708 629 1826 669 nihil
1859 628 1963 668 boni

318 700 468 752 facia.
504 701 567 738 Ex
600 701 967 752 praeceptoribus
999 713 1128 752 supra
1163 702 1398 740 nominatis
1430 702 1484 740 M.
1519 702 1777 740 Franciscus
1807 701 1962 739 Costef

326 785 397 810 rus
423 773 428 790 ¹
468 772 780 822 responsiones
812 784 911 810 suas
945 785 1098 810 omnes
1121 773 1175 812 ad
1211 772 1432 810 licentiam
1463 771 1503 810 in
1535 771 1681 810 studio
1705 771 1961 820 theologico

324 843 598 881 necessarias
635 843 891 882 doctissime
916 848 960 882 et
983 857 1080 883 cum
1105 843 1296 883 omnium
1328 842 1618 882 admiratione
1653 842 1857 882 absoluit.
1882 843 1962 880 Re-

325 914 499 965 spondit
520 916 574 953 M.
597 914 834 953 Balduinus
852 927 928 966 pro
948 915 1273 963 bacalaureatu,
1296 921 1340 953 et
1356 928 1433 966 pro
1453 915 1592 953 forma
1610 915 1674 965 (ut
1695 913 1766 953 hic
1783 915 1962 964 loquun-

328 987 417 1035 tur)
454 986 509 1024 M.
544 986 730 1024 Ioannes
763 986 992 1024 Berkelius
1025 992 1068 1025 et
1105 987 1161 1025 M.
1195 986 1441 1038 Gregorius
1472 985 1644 1024 Fabius.
1678 986 1822 1035 Atque
1853 986 1963 1023 haec

323 1057 378 1095 de
399 1058 781 1108 praeceptoribus3
805 1058 877 1109 qui
900 1070 997 1096 curn
1019 1059 1158 1109 probe
1182 1072 1305 1096 suum
1341 1057 1533 1096 officium
1562 1057 1738 1105 faciant,
1762 1057 1962 1108 discipuli

323 1129 425 1179 ipsis
449 1128 611 1167 deesse
633 1142 721 1168 non
742 1134 941 1181 possunt.

377 1211 414 1239 2.
475 1201 697 1252 Tempore
719 1215 805 1252 quo
828 1200 870 1239 in
893 1201 1085 1253 collegio
1108 1201 1282 1248 fuimus,
1308 1201 1551 1252 octingenti
1571 1206 1614 1238 et
1631 1200 1957 1251 quinquaginta,

320 1276 394 1310 aut
416 1273 562 1323 plures
586 1272 732 1320 etiam,
757 1273 954 1323 inscripti
977 1278 1092 1311 sunt.
1120 1272 1205 1321 Qui
1227 1272 1331 1311 licet
1355 1284 1508 1310 omnes
1534 1285 1621 1310 non
1642 1283 1959 1322 perseueraue-

321 1344 419 1390 rint,
453 1349 574 1382 tanta
605 1350 752 1382 tamen
789 1343 933 1382 adhuc
963 1342 1276 1394 discipulorum
1309 1342 1436 1381 turba
1468 1348 1549 1390 est,
1583 1347 1629 1380 ut
1651 1342 1757 1381 duas
1788 1342 1961 1381 scholas

320 1415 575 1466 capaciores
598 1415 763 1463 facere,
790 1421 835 1453 et
857 1414 965 1453 duas
1001 1427 1140 1453 nouas
1171 1415 1275 1453 satis
1305 1415 1469 1464 amplas
1502 1413 1799 1452 exaedificare
1829 1413 1959 1451 fuerit

319 1499 522 1525 necesse.
553 1486 652 1524 Non
684 1491 852 1524 tantum
886 1499 940 1524 ex
964 1486 1117 1524 vicinis
1148 1486 1273 1533 locis,
1307 1489 1463 1536 vtpote
1496 1497 1550 1523 ex
1579 1484 1957 1536 dusceldorpensi,

320 1559 598 1606 embricensi,
636 1558 942 1610 neomagensi,
967 1557 1199 1605 leodiensi,
1233 1557 1574 1605 buscoducensi,
1607 1556 1957 1604 monasteriensi,

319 1625 622 1672 tremoniensi,
646 1624 985 1664 francfordiensi
1016 1624 1169 1662 schola
1191 1623 1505 1662 adolescentes
1527 1623 1579 1662 ad
1615 1635 1695 1661 nos
1718 1623 1957 1664 confluunt:

318 1697 395 1735 sed
419 1698 549 1736 etiam
572 1696 784 1744 Louauio,
815 1696 1032 1743 Lutaetia,
1067 1708 1120 1734 ex
1150 1696 1316 1743 Scotia,
1354 1696 1559 1742 Saxonia,
1584 1695 1821 1746 Turyngia,
1847 1694 1958 1745 Mys-

316 1769 400 1815 uia,
427 1767 634 1815 Morauia‚
660 1768 1012 1819 Transsyluania,
1039 1767 1278 1819 Hungaria,
1304 1766 1500 1818 Alpibus,
1530 1765 1753 1814 Heluetia,
1778 1767 1954 1811 Sueuia,

319 1839 600 1887 Franckonia,
640 1844 735 1878 toto
771 1851 885 1890 pene
928 1838 1135 1877 rhenensi
1169 1844 1327 1876 tractu.
1352 1839 1515 1877 Verum
1538 1837 1713 1888 quidem
1748 1842 1814 1875 est
1835 1844 1869 1885 ³,
1902 1850 1955 1876 ex

317 1913 498 1950 remotis
529 1912 622 1949 istis
644 1911 885 1962 prouincijs
907 1923 1022 1949 vtzus
1044 1912 1222 1949 tantum
1246 1911 1326 1948 aut
1348 1911 1466 1949 alter
1498 1911 1556 1947 ad
1577 1921 1659 1948 nos
1679 1908 1799 1948 venit
1819 1909 1854 1956 b,
1879 1909 1956 1946 sed

316 1984 430 2021 bona
461 1996 562 2035 spes
585 1988 651 2021 est
674 1983 791 2035 quod
813 1995 928 2021 vnzts
949 1982 1025 2022 ille
1057 1984 1137 2021 aut
1161 1982 1278 2021 alter
1300 1989 1332 2029 0,
1366 1982 1401 2019 si
1423 1986 1545 2020 recte
1567 1981 1608 2019 in
1644 1980 1781 2019 literis
1804 1985 1846 2019 et
1868 1981 1956 2032 pie-

315 2060 405 2093 tate
423 2055 673 2093 instituatur
696 2055 730 2102 (1,
752 2055 897 2093 multis
917 2067 1050 2093 causa
1068 2054 1241 2092 futurus
1259 2054 1313 2092 sit
1337 2060 1369 2100 e,
1390 2058 1435 2091 ut
1453 2054 1539 2091 huc
1557 2052 1611 2091 ad
1629 2052 1772 2091 studia
1789 2065 1837 2090 se
1855 2065 1956 2090 con-

316 2127 471 2174 ferant,
493 2132 535 2164 et
552 2139 638 2164 11011
656 2125 709 2164 ad
731 2125 1057 2164 haereticorum
1077 2126 1250 2163 scholas
1269 2130 1384 2163 eant.
1407 2126 1528 2162 Bene
1546 2124 1586 2162 in
1606 2125 1743 2162 literis
1763 2128 1805 2162 et
1824 2125 1951 2162 mori-

362 2308 379 2325 a
401 2305 460 2336 est
479 2305 615 2345 supra
636 2310 746 2336 vers.
802 2299 866 2324 —b
889 2310 1037 2344 paucos
1053 2297 1101 2333 ad
1122 2310 1192 2334 nos
1215 2297 1365 2333 venire.
1440 2304 1503 2321 —0
1522 2296 1559 2332 hi
1594 2297 1723 2343 pauci.
1794 2296 1861 2321 —d
1896 2297 1955 2331 in-

314 2360 550 2396 stituantur.
611 2367 673 2384 4⁹
698 2358 820 2395 futuri
842 2358 936 2395 sint.

315 2521 386 2557 nel
407 2520 565 2563 lanczio
581 2518 801 2556 del1565›
822 2517 878 2562 (in
897 2517 981 2553 cod.
1008 2515 1143 2552 Rlzen.
1167 2514 1247 2560 ins.
1265 2514 1335 2558 37,
1356 2515 1381 2552 f.
1407 2515 1421 2551 1
1444 2517 1562 2563 sqq.)‚
1585 2515 1624 2552 in
1645 2515 1713 2552 fol.
1742 2515 1765 2552 2
1786 2516 1951 2561 legitur:

315 2579 369 2615 «11
390 2579 432 2615 P.
454 2578 621 2615 Andrea
636 2578 684 2614 de
705 2577 986 2614 Bensenraedt
1006 2575 1074 2611 nel
1091 2575 1238 2612 ducatu
1254 2575 1290 2611 di
1312 2575 1609 2621 Valkenburgo
1627 2580 1734 2619 nato,
1756 2578 1777 2611 0
1795 2574 1952 2612 d’etade

313 2639 462 2675 incirca
477 2638 512 2674 di
533 2639 627 2674 anni
645 2638 702 2675 51.
726 2637 802 2675 Nel
824 2649 929 2674 anno
946 2636 1009 2672 del
1034 2637 1121 2673 1537
1141 2635 1179 2671 in
1197 2633 1368 2671 Colonia
1389 2637 1411 2670 0
1430 2634 1605 2671 admisso
1619 2635 1702 2671 alle
1723 2635 1950 2681 probationi

312 2698 420 2734 della
446 2697 714 2744 Compagnia,
744 2698 815 2733 alli
843 2697 936 2733 anni
964 2695 1011 2733 60
1038 2696 1077 2733 fu
1109 2694 1297 2732 mandato
1326 2695 1364 2730 al
1392 2694 1589 2741 principio
1616 2694 1681 2730 del
1710 2694 1885 2740 collegio
1912 2694 1951 2730 in

311 2757 495 2795 Treuero
515 2758 618 2794 doue
637 2758 813 2794 anchora
833 2757 870 2793 al
891 2761 1082 2803 presente
1102 2758 1136 2792 ὲ.
1158 2755 1202 2792 Ι11
1224 2754 1397 2792 Colonia
1416 2754 1482 2790 1101
1502 2766 1607 2790 anno
1628 2753 1667 2790 di
1685 2753 1733 2790 58
1750 2754 1817 2790 nel
1846 2754 1953 2800 prin-

312 2817 414 2864 cipio
441 2817 506 2853 del
537 2829 642 2853 anno
670 2817 720 2853 ha
749 2816 846 2853 fatto
875 2816 902 2852 li
933 2815 1011 2852 voti
1039 2815 1077 2852 di
1097 2814 1285 2852 scholari.
1309 2814 1465 2850 Auanti
1485 2814 1558 2851 che
1579 2814 1683 2850 intro
1704 2814 1812 2850 nella
1833 2813 1950 2851 Com-

313 2875 459 2923 pagnia
479 2889 549 2913 era
569 2881 673 2913 stato
694 2888 764 2922 per
786 2875 897 2912 molti
916 2875 1011 2912 anni
1031 2879 1192 2922 pastore
1209 2874 1454 2911 dell‘anime¹
1474 2873 1635 2910 Adesso
1654 2872 1693 2909 fa
1710 2872 1869 2909 l'officio
1884 2873 1949 2910 del

311 2936 493 2972 ministro
523 2936 563 2971 in
590 2935 774 2971 Treuere
807 2940 846 2972 et
876 2934 1037 2981 predica
1069 2934 1242 2971 alchuna
1276 2934 1384 2970 volta
1416 2934 1482 2969 nel
1515 2932 1712 2969 dommo»
1745 2931 1808 2969 Cf.
1843 2945 1949 2969 nunc

311 2995 413 3032 Litt.
435 2994 688 3041 ριιαιίνίιηη
710 2993 970 3037 V,315-516‚
991 2992 1074 3030 668.

363 3057 368 3074 ¹
424 3053 576 3090 Iterum
598 3054 636 3089 in
658 3065 790 3099 marg.
813 3058 855 3089 ut
875 3063 1011 3098 supra:
1035 3052 1193 3089 Costeri
1215 3052 1315 3088 laus,
