2038 3400
615 203 904 240 253.—PRA<;A
929 203 976 239 30
1004 203 1152 239 Armi.
1189 204 1275 239 1559
1646 205 1710 240 153

136 321 275 358 regno
297 307 388 346 itali
410 306 501 344 sine
523 312 716 356 pastore:
739 317 872 356 quare
895 304 1031 342 semel
1053 310 1183 354 atque
1211 305 1367 342 iteruin
1396 306 1593 356 contigit,
1630 312 1672 343 ut
1703 307 1754 344 ful

137 393 288 417 eorum
311 377 614 416 confessiones
631 376 868 414 audiendas
891 379 1152 413 euocaretur
1175 376 1229 413 M.
1250 376 1487 423 (im-ardus,
1512 391 1625 415 nunc
1642 379 1692 414 ful
1715 392 1752 425 4,

133 463 246 488 nunc
285 447 338 487 ad
376 461 536 486 nouem
578 446 757 485 miliaria
795 446 1060 497 germanica,
1103 445 1257 495 quibus
1292 460 1377 483 non
1413 446 1623 485 mediocri
1659 461 1752 485 cuin

131 520 274 558 fructu
292 519 560 557 satisfactum
580 524 661 555 est.
691 519 770 555 l'er
792 517 903 554 hanc
919 515 1294 567 quadragesimam
1318 518 1585 555 cantauimus
1603 519 1755 556 (liebus

131 590 359 630 dominicis
382 595 424 628 et
445 590 570 628 festis
592 590 774 627 letanias
792 589 1052 635 lauoetanas,
1073 590 1450 638 quemadmodum
1475 590 1636 628 Romae
1653 604 1754 628 ccm-

131 662 227 700 tam:
246 663 389 701 solent
411 674 438 699 a
468 660 656 705 nostris:
688 667 886 712 tempore
919 673 1025 698 uero
1057 661 1244 711 paschae
1278 660 1406 697 etiam
1439 673 1645 710 uesperas
1681 675 1756 711 per

130 734 453 772 modulationes
477 734 524 771 R.
550 734 595 770 P.
621 733 775 781 Frusij.
800 733 961 770 Verum
983 733 1069 770 hoc
1091 743 1298 769 conamur
1321 735 1366 768 ut
1388 730 1599 782 discipuli,
1626 746 1755 782 quan-

129 811 219 843 tum
246 811 443 855 possunt,
472 805 725 855 praecinant
746 818 796 843 ac
819 809 991 842 cantum
1015 807 1186 853 regant3
1209 815 1319 852 quos
1341 803 1492 840 mirum
1515 803 1555 840 in
1579 801 1751 840 modum

128 877 210 914 iste
235 882 387 914 cantus
410 882 596 923 recreat,
622 881 664 913 et
686 877 728 914 in
751 876 928 914 scholae
951 887 1055 913 suae
1082 875 1297 912 honorem
1326 886 1376 911 ac
1406 874 1561 911 famam
1594 874 1755 912 cedere

128 952 282 998 putant
319 946 521 998 quicquid
558 946 806 984 huiusmodi
840 947 881 984 in
916 947 1079 997 templo
1113 945 1360 983 exhibetur.
1400 946 1445 982 In
1481 946 1756 984 hebdomada

129 1025 278 1056 sancta
298 1024 363 1056 sat
385 1019 521 1064 multi,
548 1019 733 1056 maxime
756 1032 863 1056 uero
885 1017 989 1064 itali,
1011 1024 1054 1055 et
1075 1017 1134 1055 illi
1154 1017 1329 1068 quidem
1349 1030 1500 1055 omnes
1518 1018 1625 1065 fere,
1645 1031 1754 1068 quos

129 1090 300 1140 Pragae
322 1089 482 1127 morari
503 1089 652 1135 credo,
686 1089 847 1127 nostris
879 1088 1069 1127 confessi
1100 1094 1212 1135 sunt,
1245 1101 1428 1139 quorum
1461 1090 1590 1127 etiam
1626 1090 1755 1140 aliqui

129 1164 251 1198 erant
274 1160 345 1210 qui
366 1172 443 1210 per
464 1172 488 1208 4
510 1165 582 1198 aut
606 1170 626 1208 5
650 1165 722 1198 aut
746 1160 875 1198 etiam
904 1171 942 1197 11
975 1166 1047 1197 aut
1084 1170 1128 1197 12
1159 1172 1295 1197 annos
1327 1160 1517 1198 confessi
1548 1174 1633 1198 non
1664 1161 1754 1198 fue-

128 1238 236 1270 rant.
267 1232 445 1283 [Imago
467 1231 667 1281 sepulcri
691 1230 864 1270 Christi
880 1230 1089 1282 plurium
1111 1231 1466 1271 admirationem
1493 1234 1532 1271 et
1563 1233 1754 1271 devotio-

126 1316 226 1342 nem
249 1303 430 1342 excitat.
465 1302 558 1341 Vici.
578 1302 705 1353 epist.
731 1302 827 1349 245,
851 1317 895 1341 n.
920 1306 976 1353 9.]

180 1386 217 1423 7.
279 1375 452 1412 Fratres
480 1375 618 1412 nostri
646 1375 824 1413 multum
858 1376 996 1413 sollici
1027 1380 1126 1413 sunt
1160 1376 1274 1413 circa
1304 1376 1469 1414 lucrum
1501 1377 1751 1423 animarum,

126 1447 376 1495 multosque
399 1445 591 1483 alliciunt
618 1446 671 1484 ad
694 1445 920 1494 sacrificia,
945 1446 1182 1485 lectionem
1201 1448 1455 1486 catechismi
1475 1449 1494 1466 ἃ
1515 1453 1559 1486 et
1581 1449 1751 1486 concio-

126 1530 220 1563 nes3
244 1517 360 1567 quod
382 1523 486 1555 tunc
507 1518 737 1567 plurimum
759 1519 938 1565 faciunt,
971 1519 1144 1569 quando
1178 1519 1412 1558 occasione
1445 1519 1753 1570 discipulorum

126 1589 283 1639 singuli
318 1595 634 1639 praeceptores
669 1590 887 1628 interdum
925 1591 1055 1629 etiam
1085 1596 1290 1642 parentes
1321 1592 1439 1630 domi
1470 1592 1750 1630 conueniunt.

126 1659 294 1698 Addam
319 1661 451 1698 etiam
473 1660 633 1711 aliquid
655 1660 709 1698 de
733 1661 1002 1700 domesticis.
1027 1662 1234 1701 Calendis
1257 1664 1444 1715 Januarij
1474 1676 1629 1714 magna
1657 1677 1752 1701 cum

125 1731 387 1778 deuoeione,
425 1732 678 1770 celebrante
702 1733 748 1770 R.
784 1734 831 1770 P.
866 1734 1074 1780 Victoria,
1112 1738 1215 1772 uota
1243 1740 1394 1772 nostra
1428 1735 1750 1773 renouauimus.

128 1803 299 1839 Fratres
323 1814 430 1840 uero
451 1815 505 1840 ex
526 1803 707 1841 feruore
731 1803 919 1854 spiritus,
943 1817 1020 1854 pro
1045 1818 1167 1843 more
1189 1806 1440 1852 Societatis,
1464 1806 1685 1844 humilime
1710 1812 1752 1843 et

124 1873 337 1911 instanter
360 1873 656 1923 poenitentias
674 1888 750 1925 pro
771 1875 906 1926 culpis
927 1877 1175 1926 praeteritis
1197 1878 1489 1927 postulabant.
1511 1878 1632 1915 Multi
1649 1892 1753 1929 quo-

124 1957 207 1993 que
230 1944 410 1982 fratrum
441 1958 493 1984 ex
519 1948 670 1995 paruo
703 1959 907 1993 numero,
934 1960 1091 1998 magno
1116 1961 1213 1986 cum
1234 1948 1377 1986 fructo
1402 1950 1613 1987 exercitia
1635 1951 1753 2000 spiri-

123 2015 256 2053 tualia
272 2016 491 2063 fecerunt3
511 2019 549 2055 et
567 2029 688 2055 nunc
704 2019 859 2056 eodem
877 2031 1048 2068 quoque
1067 2021 1154 2057 duo
1175 2019 1459 2071 illifacinnt,
1480 2020 1559 2070 qui
1573 2034 1625 2060 ex
1645 2021 1753 2060 Vrbe

125 2088 266 2136 nuper
288 2089 529 2134 uenerunt,
553 2087 777 2128 nimirum
800 2090 858 2127 M.
885 2090 1146 2129 Ludom'cus
1171 2092 1177 2109 ¹
1201 2093 1240 2130 et
1258 2091 1557 2131 Hieronimus
1570 2106 1752 2144 germa-

171 2226 189 2244 st
241 2224 426 2262 Emerui.
449 2235 499 2262 ex
518 2224 836 2262 catechismum.

172 2356 178 2373 ¹
231 2352 275 2389 In
307 2354 497 2398 catalogo
528 2352 693 2398 collegii
724 2353 936 2399 pragensis
967 2355 1153 2391 exeuntis
1184 2354 1365 2401 Augusti
1405 2356 1494 2392 1559
1528 2357 1582 2400 (in
1618 2359 1752 2394 codice

124 2413 264 2450 Germ.
286 2411 373 2454 131.
396 2411 426 2448 f.
458 2411 529 2448 302
555 2413 676 2459 sqq.),
705 2413 863 2459 scripsit
891 2412 934 2449 P.
965 2412 1177 2451 Hoffaeus:
1210 2414 1287 2451 «M.
1319 2414 1563 2453 Ludovieus:
1594 2416 1687 2454 Fuit
1715 2418 1752 2453 in

121 2472 326 2510 societate
347 2484 418 2518 per
448 2484 571 2508 unum
599 2484 767 2508 annum.
802 2471 1019 2519 Nunquam
1047 2474 1180 2511 docuit
1212 2475 1287 2511 nisi
1317 2488 1387 2521 per
1414 2475 1567 2523 aliquot
1594 2489 1752 2513 menses

122 2544 268 2577 pueros
301 2532 430 2578 prima
462 2531 705 2577 rudimenta3
740 2532 816 2568 erit
847 2538 982 2569 tamen
1018 2533 1148 2579 aptior
1183 2535 1231 2570 ad
1267 2535 1510 2575 docendum,
1547 2548 1666 2581 quam
1702 2538 1751 2572 ad

120 2591 289 2638 quaeuis
321 2591 415 2635 alia;
449 2590 638 2628 transiuit
668 2603 741 2638 per
770 2591 899 2629 officia
931 2593 1190 2639 probationis.
1224 2594 1268 2631 In
1300 2594 1506 2631 societate
1538 2595 1635 2631 nihil
1668 2595 1751 2633 fere

119 2650 286 2696 studuit;
308 2650 379 2687 sed
398 2649 573 2699 Louanij
593 2657 755 2688 creatus
775 2658 835 2687 est
854 2651 979 2698 Mgr.;
1001 2652 1155 2698 fuitque
1175 2654 1213 2689 in
1230 2654 1369 2690 ordine
1389 2656 1751 2700 promouendorum

121 2711 272 2757 primus
293 2715 379 2756 post
400 2710 580 2755 limares,
602 2715 644 2747 ut
663 2717 824 2748 uocant.
844 2711 1059 2757 ingenium
1078 2713 1200 2750 habet
1220 2714 1537 2761 philosophicum
1566 2720 1604 2750 et
1633 2716 1753 2751 medi-

120 2782 210 2806 cum
238 2769 336 2806 satis
363 2769 499 2806 foelix.
530 2768 666 2806 Habet
683 2769 729 2807 26
746 2783 886 2808 annos.
908 2771 1140 2818 Propensus
1158 2772 1232 2810 fuit
1250 2773 1298 2809 ad
1319 2773 1452 2809 Indias
1471 2775 1659 2820 quamdiu
1680 2774 1752 2811 fuit

121 2829 161 2865 in
179 2828 398 2865 Societate.
418 2828 542 2865 Vires
561 2831 792 2875 corporales
812 2835 852 2867 et
869 2830 1105 2877 spirituales
1124 2832 1246 2868 habet
1265 2831 1390 2868 fortes
1409 2833 1457 2868 ad
1474 2833 1606 2868 omnia
1622 2832 1750 2869 officia

121 2887 335 2925 Societatis
369 2887 571 2924 obeunda.
612 2887 787 2925 Idoneus
821 2890 870 2926 ad
905 2903 1046 2926 omnes
1080 2889 1297 2927 facultates
1331 2891 1596 2938 superiores.»
1634 2891 1750 2936 Quae

122 2947 323 2993 quadrant
351 2960 442 2984 cum
469 2946 528 2991 iis,
558 2959 662 2994 quae
690 2948 739 2984 de
767 2947 977 2986 Ludovico
1007 2948 1223 2987 Backrelio
1255 2951 1457 2988 habentur
1482 2951 1585 2997 apud
1614 2951 1750 2996 Epist.

127 3005 175 3043 Ρ.
198 3006 362 3051 Nadal,
383 3006 432 3052 ΙΙ,
452 3006 534 3044 570.
