2038 3400
315 249 384 287 284
789 250 1008 290 LerERAE
1034 253 1391 299 QUADR1MESTRES

270 352 479 404 quidquid
520 359 587 392 est
627 354 813 392 inuisum
852 360 895 392 et
939 368 1118 397 nouum:
1162 361 1205 393 et
1243 354 1361 406 quod
1401 356 1653 395 admirabile
1695 363 1776 404 est,
1818 357 1904 396 hoc

273 425 460 464 maxime
484 426 695 464 delectat.
720 427 853 464 Forte
877 440 930 466 ac
952 429 1112 467 temere
1133 427 1296 466 factum
1315 433 1396 475 est,
1423 434 1467 466 vt
1491 429 1681 467 omnium
1704 428 1904 468 classium

269 496 483 548 discipuli,
515 504 558 536 et
590 500 743 537 Patres
775 504 819 536 et
850 498 1008 537 fratres
1039 501 1079 537 111
1110 513 1207 538 eum
1240 500 1383 538 locum
1416 501 1718 548 conuenirent3
1753 514 1904 539 omnes

269 582 376 608 vero
399 570 688 609 admiratione
712 571 1021 622 obstupebant.

325 643 385 680 18.
447 644 683 682 Caeterum
705 643 747 680 in
769 643 1162 682 declamationibus
1180 644 1266 681 duo
1289 643 1413 682 fuere
1432 644 1770 692 declamatores,
1795 645 1905 682 alter

268 714 479 753 Melchior
501 715 739 765 Trauacos,
764 720 915 754 noster
937 716 1086 763 frater,
1111 717 1221 754 alter
1244 715 1418 766 quidam
1442 716 1765 767 condiscipulus
1795 716 1902 762 eius,

269 792 312 823 et
331 784 467 835 judex
490 787 559 836 qui
583 786 638 824 de
662 799 815 824 caussa
833 786 1072 836 judicabat.
1099 787 1417 838 Argumentum
1448 788 1604 839 prioris
1625 787 1906 826 decla‘natio-

269 857 333 894 nis
356 863 451 895 erat
472 856 621 895 dicere
644 870 721 908 pro
753 856 893 896 literis
916 864 1070 897 contra
1099 859 1289 897 studium
1311 858 1517 906 bellandi:
1541 858 1762 897 secundae
1798 871 1905 898 vero

269 941 291 965 e
328 930 490 966 con-*ra
514 936 547 975 a,
577 942 654 979 pro
689 929 806 968 bello
837 935 990 968 contra
1024 930 1186 969 literas.
1225 931 1464 970 Caeterum
1497 930 1635 980 judex
1670 931 1906 969 assentitus

269 1000 417 1050 priori,
443 1001 710 1040 confirmatis
734 1002 826 1040 eius
848 1002 1090 1041 rationibus
1113 1007 1156 1041 et
1179 1003 1415 1042 confutatis
1437 1001 1693 1041 aduersarii.

329 1083 389 1122 19.
451 1073 530 1111 His
554 1073 754 1112 omnibus
785 1074 917 1112 rebus
949 1087 1000 1113 ac
1029 1075 1302 1125 potissimum
1333 1075 1603 1113 humanitate
1626 1087 1703 1113 sua
1726 1080 1770 1112 et
1799 1075 1907 1112 inte-

270 1144 442 1195 gritatis
463 1150 595 1195 atque
618 1144 834 1183 bonorum
858 1158 1027 1184 morum
1051 1147 1271 1197 exemplo,
1295 1146 1408 1184 inter
1431 1146 1619 1184 verbera
1640 1151 1684 1184 et
1708 1146 1907 1197 obiurga-

269 1216 428 1263 tiones,
448 1222 765 1267 praeceptores
788 1230 891 1256 suos
909 1217 1146 1268 discipulos
1167 1219 1210 1257 in
1229 1218 1375 1257 officio
1399 1218 1640 1257 continent.
1665 1218 1730 1256 Ex
1752 1218 1907 1269 quibus

269 1293 369 1326 sunt
391 1289 513 1327 multi
535 1289 751 1327 Societati
774 1289 926 1336 dediti,
951 1289 1064 1330 adeo
1097 1296 1143 1328 vt
1165 1295 1373 1341 quantum
1394 1291 1436 1329 in
1457 1303 1505 1329 se
1529 1295 1610 1337 est,
1636 1295 1680 1328 et
1700 1302 1810 1341 quae
1834 1290 1906 1328 de-

269 1363 368 1398 sunt
402 1360 483 1410 ipsi
520 1366 675 1398 curent
714 1360 1057 1400 subministrare.
1102 1363 1208 1399 Post
1243 1375 1370 1411 quam
1408 1362 1522 1400 enim
1563 1362 1802 1400 constituta
1841 1368 1907 1400 est

268 1432 331 1481 7.a
365 1431 529 1479 classis,
563 1433 899 1484 assignatusque
930 1433 1054 1472 locus
1084 1433 1126 1472 in
1162 1434 1368 1481 claustro,
1402 1447 1500 1473 cum
1534 1433 1906 1472 animaduerteret

267 1501 529 1541 adolescens
551 1503 725 1553 quidam
756 1504 914 1542 nobilis
936 1504 1054 1542 illurn
1086 1505 1246 1551 locum,
1284 1504 1367 1544 nisi
1398 1509 1575 1556 egestas
1607 1510 1807 1556 cogeret,
1832 1505 1907 1543 do-

269 1574 410 1613 cendo
433 1587 520 1614 non
552 1575 656 1613 satis
679 1587 779 1614 esse
811 1575 1109 1623 commodum3
1143 1576 1311 1628 cogitat
1347 1576 1543 1628 reginam
1565 1577 1727 1629 alloqui
1749 1581 1792 1615 et
1814 1590 1905 1615 rem

269 1646 480 1694 indicare;
513 1647 717 1693 haesitat,
744 1647 935 1685 eundum
963 1657 1132 1691 censet;
1155 1647 1256 1695 itur,
1290 1661 1381 1686 rem
1403 1647 1579 1687 indicat.
1604 1647 1772 1700 Regina
1798 1661 1906 1687 vero

268 1718 519 1765 mirabatur,
556 1724 599 1756 et
634 1722 681 1756 vt
706 1722 773 1756 est
797 1717 1036 1770 ingenium,
1061 1719 1239 1757 miserta
1271 1725 1338 1757 est
1368 1732 1620 1770 puerorum,
1652 1718 1812 1758 blande
1842 1732 1906 1757 re-

269 1788 474 1840 spondet,
509 1789 635 1839 jubet
660 1791 703 1828 vt
736 1789 1012 1840 praefectum
1045 1803 1226 1841 operum
1263 1791 1513 1829 conueniat.
1545 1790 1783 1830 Dimittitur
1805 1790 1906 1830 ado-

268 1860 456 1908 lescens,
480 1861 755 1912 praefectum
778 1862 1002 1909 conuenit,
1024 1867 1067 1900 et
1083 1861 1137 1900 ad
1156 1862 1391 1913 collegium
1408 1862 1600 1909 adducit,
1621 1867 1666 1900 vt
1688 1863 1812 1901 locus
1834 1862 1906 1900 de-

269 1933 532 1984 signaretur.
572 1932 694 1981 Qm'd
728 1933 1026 1972 constitutum
1046 1932 1120 1980 sit,
1153 1946 1245 1972 non
1261 1934 1397 1984 plane
1420 1935 1555 1973 teneo.
1590 1933 1772 1985 Regina
1801 1946 1906 1973 vero

268 2004 436 2055 agebat
476 2007 582 2043 tunc
618 2004 834 2055 temporis
875 2004 921 2043 in
956 2004 1166 2043 coenobio
1202 2003 1478 2043 monialium
1509 2005 1564 2043 D.
1601 2004 1782 2051 Clarae,
1820 2017 1905 2055 quo

267 2088 312 2114 se
325 2074 610 2127 frequenter,
635 2088 737 2114 cnm
760 2077 824 2115 est
845 2075 1004 2123 otimn,
1028 2076 1140 2115 solet
1161 2075 1372 2126 recipere.
1397 2076 1520 2115 Dum
1539 2075 1818 2128 facultatem
1845 2076 1906 2115 lo·

268 2147 434 2197 (luendi
461 2149 662 2198 expectat
680 2147 885 2198 jzmenis,
921 2147 1112 2198 acceptis
1127 2147 1371 2198 praecibus
1392 2147 1614 2194 horariis,
1653 2160 1754 2186 cum
1783 2146 1905 2186 socio

269 2217 466 2257 letanias
485 2220 756 2258 sanctorum
778 2219 942 2259 recitat
966 2219 1101 2271 flexis
1126 2218 1335 2271 genibus,
1359 2231 1451 2257 non
1479 2218 1575 2258 sine
1597 2218 1906 2258 admiratione

269 2290 474 2329 omnium
496 2292 714 2341 quotquot
736 2292 946 2337 aderant,
969 2292 1105 2329 notus
1125 2290 1244 2330 enim
1265 2292 1328 2329 est
1349 2289 1398 2328 in
1420 2291 1528 2328 aula
1553 2289 1703 2342 regia.

321 2372 385 2401 20.
457 2363 618 2402 Verum
640 2361 859 2412 quoniam
883 2363 966 2401 lzoc
987 2364 1105 2412 quod
1140 2362 1297 2400 vltimo
1320 2361 1432 2409 dixi,
1458 2363 1517 2400 acl
1539 2374 1686 2401 mores
1714 2361 1905 2413 dz'scz‘pu-

269 2434 423 2472 lorum
458 2433 633 2473 videtvr
671 2436 873 2484 spectare
908 2435 942 2481 b,
986 2435 1155 2473 addam
1190 2433 1239 2472 in
1275 2434 1394 2472 hanc
1431 2433 1701 2472 sententiam
1736 2436 1902 2484 panca.

270 2507 528 2556 Quanquam
559 2519 644 2544 non
678 2505 821 2544 desint
843 2506 915 2556 qui
945 2506 1072 2544 nobis
1100 2505 1329 2556 negotium
1356 2505 1591 2551 facessant,
1626 2510 1726 2543 sunt
1759 2510 1905 2542 tamen

267 2576 464 2627 plerique
487 2577 686 2628 discipuli
715 2576 856 2628 probi,
889 2578 1122 2628 bonaeque
1145 2577 1237 2628 spei
1259 2576 1586 2619 adolescentes:
1623 2575 1749 2616 facile
1772 2575 1904 2614 addu-

269 2655 424 2688 cuntur
461 2654 505 2688 vt
528 2650 699 2701 legibus
730 2654 907 2688 nostrae
930 2650 1107 2688 scholae
1130 2654 1326 2700 pareant,
1350 2661 1475 2687 sacro
1497 2648 1754 2698 frequentes
1774 2648 1905 2686 inter-

269 2728 384 2768 sunt,
409 2721 501 2759 sine
525 2723 830 2760 controuersia
865 2722 937 2759 vel
959 2721 1219 2759 difficultate
1247 2721 1428 2772 singulis
1450 2720 1672 2758 mensibus
1695 2720 1904 2758 confiten-

269 2799 352 2840 tur,
378 2806 429 2832 ac
459 2793 580 2830 multi
603 2792 775 2831 decimo
799 2793 951 2843 quinto
983 2797 1055 2831 aut
1080 2798 1240 2831 octauo
1272 2805 1447 2843 quoque
1470 2791 1541 2829 die
1564 2791 1903 2837 communicant3

269 2865 414 2903 multis
447 2864 569 2902 cordi
602 2870 669 2902 est
702 2864 834 2902 vitam
866 2865 1150 2903 monasticam
1185 2868 1228 2902 et
1259 2862 1525 2914 disciplinam
1559 2863 1778 2913 amplecti,
1802 2863 1903 2913 quin
1944 2871 1946 2873 ’

317 3075 336 3093 ³¹
388 3087 408 3111 e
428 3087 643 3112 conuerso.
703 3076 766 3100 —b
789 3074 974 3112 Emend.
997 3085 1047 3112 ex
1066 3080 1295 3122 expectare.
