2038 3400
443 228 642 266 310.—Ex
667 228 783 266 Foao
812 228 920 266 L1v11
946 228 990 264 20
1014 226 1260 266 Novmfflms
1297 229 1385 265 1559
1615 230 1683 267 383

110 332 247 382 ipsum
270 331 518 382 collegium,
538 344 562 369 a
583 330 804 381 discipulis
825 329 1050 376 adeantur,
1077 336 1120 368 et
1141 330 1266 368 nobis
1288 330 1341 368 ad
1365 343 1438 369 eas
1460 344 1535 382 per
1555 332 1727 370 domum

110 402 488 440 commodissimus
508 407 658 452 pateat
678 403 899 439 transitus.

161 485 200 522 4.
259 473 580 524 Discipulorum
601 485 806 511 numerus
827 478 1013 523 augetur
1043 473 1084 510 in
1113 472 1221 519 dies,
1246 478 1378 524 atque
1407 474 1728 523 prouectiores,

109 557 234 594 quam
257 549 400 591 antea,
425 557 449 582 a
469 545 617 595 paucis
639 543 793 582 diebus
816 545 988 582 scholas
1010 549 1308 591 accesserunt,
1328 556 1511 594 quorum
1533 545 1574 582 in
1597 546 1732 584 literis

107 627 367 666 progressus
384 628 471 653 non
490 615 674 666 exiguus
697 621 778 653 est.
798 616 901 653 Eius
923 620 1044 653 certe
1066 615 1146 665 ipsi
1167 615 1330 664 conscij
1355 614 1449 662 sibi,
1469 628 1557 653 non
1579 629 1732 654 ueren-

108 692 175 724 tur
210 687 376 725 alienos
412 687 700 726 scholasticos
735 686 789 724 ad
823 685 1036 724 literarias
1072 687 1429 724 concertationes
1469 700 1728 737 prouocare.

107 757 230 795 Haec
251 769 357 795 uero
381 758 580 796 alacritas
599 763 642 795 et
664 757 792 795 ardor
814 757 943 795 animi
961 770 1056 795 earn
1074 758 1244 808 peperit
1265 758 1307 795 in
1330 770 1481 796 eorum
1503 759 1655 796 animis
1678 759 1731 796 de

106 829 266 866 nostris
298 829 563 879 opinionem,
599 835 644 866 ut
674 829 791 868 nullo
822 833 950 879 pacto
982 829 1199 867 sustinere
1231 828 1414 879 possint,
1452 836 1497 868 ut
1534 831 1732 868 cumillis

107 900 460 950 congrediantur.
494 900 726 951 Dialogum
758 900 933 950 quidem
969 900 1023 938 de
1054 900 1216 951 Spiritu
1237 901 1399 940 Sancto
1431 902 1670 940 recitarunt
1692 902 1732 940 in

106 984 263 1022 magno
294 971 503 1010 nobilium
540 977 583 1009 et
615 971 844 1010 doctorum
877 977 1113 1019 conuentu,
1143 977 1264 1010 tanta
1295 986 1391 1011 cum
1423 979 1656 1011 uenustate
1689 980 1732 1012 et

106 1041 339 1093 dignitate,
382 1048 428 1081 ut
468 1043 657 1081 omnium
698 1042 739 1080 in
785 1056 832 1081 se
873 1042 1205 1082 admirationem
1246 1045 1525 1083 concitarint.
1570 1046 1733 1083 Habuit

104 1126 279 1164 quoque
312 1127 365 1152 ex
397 1113 554 1162 ijsdem
589 1127 699 1151 unus
730 1114 772 1151 in
805 1114 937 1161 curia,
961 1127 1046 1165 quo
1078 1114 1172 1152 fere
1203 1115 1409 1153 uniuersa
1437 1116 1606 1163 ciuitas,
1631 1116 1731 1154 dum

105 1190 307 1222 creantur
328 1184 622 1236 magistratus,
648 1185 887 1223 conuenire
910 1185 1038 1232 solet,
1065 1186 1325 1233 orationem,
1350 1198 1434 1236 qua
1460 1192 1623 1225 tantam
1645 1188 1731 1225 lau-

104 1255 203 1294 dern
225 1256 478 1305 promeruit,
504 1261 707 1305 quantam
730 1262 860 1293 antea
880 1256 1022 1294 nullus
1046 1255 1205 1294 eodem
1236 1257 1335 1295 loco
1358 1257 1546 1295 fortasse
1567 1257 1730 1307 (altero

105 1329 254 1366 autem
276 1340 447 1377 quoque
469 1340 615 1366 mense
636 1326 800 1366 ibidem
823 1327 1055 1366 orationes
1077 1328 1238 1367 haberi
1256 1329 1418 1378 solent)
1437 1334 1504 1367 est
1521 1342 1731 1367 consecu-

104 1403 187 1436 tus.
213 1399 400 1436 Habitae
431 1404 530 1436 sunt
560 1410 585 1435 a
613 1399 773 1436 nostris
794 1398 999 1436 fratribus
1020 1405 1254 1449 praeterea
1278 1400 1501 1438 orationes
1523 1400 1650 1448 duae,
1676 1402 1733 1439 al*

103 1475 199 1507 tera
220 1469 488 1507 solemnibus
510 1469 694 1520 Spiritus
716 1469 865 1507 Sancti
887 1469 1056 1516 diebus,
1080 1471 1219 1509 altera
1240 1471 1281 1509 in
1306 1471 1549 1510 studiorum
1570 1473 1731 1511 instau-

102 1542 288 1587 ratione,
311 1542 466 1591 quibus
496 1554 584 1579 non
606 1541 819 1579 minorem
842 1541 1272 1580 commendationem
1295 1549 1393 1580 sunt
1414 1543 1577 1593 adepti.
1603 1544 1732 1594 Spiri-

102 1613 199 1651 talis
219 1626 349 1663 porro
375 1626 526 1652 eorum
553 1613 720 1650 fructus
753 1625 807 1650 ex
840 1614 1095 1664 compositis
1126 1614 1335 1662 moribus,
1360 1614 1536 1665 pietatis
1559 1615 1729 1665 studijs,

103 1689 147 1721 et
167 1684 386 1734 frequenti
408 1691 782 1723 sacramentorum
806 1698 885 1722 usu
902 1685 1091 1735 perspici
1112 1691 1276 1735 potest.
1302 1686 1411 1724 Sunt
1435 1687 1548 1724 enim
1570 1687 1612 1724 in
1633 1687 1729 1733 illis,

102 1754 174 1805 qui
196 1755 326 1793 etiarn
347 1756 408 1793 8.0
429 1768 604 1806 quoque
622 1756 693 1794 die
712 1756 986 1794 sanctissimo
1011 1756 1171 1795 Christi
1194 1757 1367 1807 corpori
1390 1758 1730 1797 communicent.

104 1826 229 1875 Quae
261 1826 418 1873 omnia,
453 1839 549 1864 cum
582 1826 736 1864 uident
768 1839 918 1864 eorum
948 1832 1110 1876 patres,
1144 1827 1297 1865 mirum
1333 1841 1461 1879 quam
1493 1829 1731 1867 efferantur

101 1896 282 1943 laetitia,
305 1910 411 1947 quas
444 1899 537 1936 Deo
570 1904 614 1935 et
644 1898 770 1936 nobis
793 1898 954 1948 gratias
986 1903 1131 1948 agant,
1156 1911 1283 1949 quarn
1306 1899 1475 1949 prolixa
1505 1900 1731 1938 uoluntate

103 1980 149 2005 se
176 1973 311 2015 totos,
336 1968 540 2015 studium,
567 1981 761 2019 operam,
786 1969 1018 2006 facultates
1050 1981 1149 2006 suas
1179 1968 1233 2006 ad
1262 1983 1343 2008 nos
1375 1969 1590 2009 deferant.
1615 1972 1669 2009 Et
1690 1972 1732 2010 in

100 2051 281 2087 summa,
305 2046 512 2090 quantum
535 2046 656 2078 certe
679 2041 931 2090 perspicere
955 2039 1073 2087 licet,
1098 2041 1214 2078 bona
1243 2040 1296 2078 de
1319 2042 1480 2080 nostris
1503 2043 1664 2080 scholis
1688 2049 1732 2080 et

100 2111 405 2161 magistrorum
428 2111 675 2149 eruditione
697 2111 883 2149 habetur
902 2111 1063 2161 opinio.
1092 2111 1362 2162 Argumento
1385 2112 1429 2150 id
1452 2114 1521 2159 sit,
1546 2111 1662 2162 quod
1686 2120 1728 2151 et

100 2182 141 2219 in
157 2182 310 2220 funere
328 2183 552 2229 nobilium,
571 2188 617 2220 ut
633 2183 842 2221 funebres
861 2185 1084 2222 orationes
1102 2184 1341 2222 habeamus
1359 2184 1412 2223 ad
1429 2199 1510 2224 nos
1530 2186 1727 2233 ueniunt,

102 2258 145 2290 et
166 2266 253 2291 non
283 2253 474 2304 uulgaris
503 2259 634 2291 notae
666 2254 769 2292 iuris
801 2255 1002 2301 consulti,
1027 2268 1138 2305 quae
1174 2256 1215 2294 in
1246 2257 1420 2306 publico
1447 2257 1605 2295 ciuium
1629 2270 1730 2296 con-

101 2328 235 2363 uentu
257 2324 341 2362 sint
361 2325 600 2368 recitaturi,
625 2325 679 2362 ad
707 2337 788 2363 nos
810 2325 943 2363 latine
966 2326 1196 2364 scribenda
1217 2327 1436 2365 deferunt.
1463 2328 1551 2366 Sed
1572 2329 1655 2366 iam
1677 2328 1730 2365 ad

102 2408 199 2433 eum
236 2395 425 2433 fructum
463 2395 535 2445 qui
576 2407 629 2433 ex
667 2402 1040 2434 sacramentorum
1076 2397 1452 2437 administratione
1493 2399 1731 2449 percipitur

101 2466 422 2514 transeamu[s].

156 2542 192 2580 5.
252 2532 411 2569 Eorum
443 2531 515 2581 qui
545 2531 658 2582 apud
687 2545 767 2571 nos
798 2532 1076 2584 frequentant
1099 2540 1387 2582 sacramenta,
1412 2540 1459 2572 ut
1487 2548 1573 2573 non
1596 2536 1710 2573 maxi

101 2615 195 2639 mus
218 2608 284 2640 est
304 2614 525 2649 numerus,
546 2608 667 2640 certe
694 2616 781 2641 non
804 2604 1006 2655 exiguus,
1031 2605 1066 2642 si
1086 2606 1282 2655 paucitas
1304 2606 1584 2644 sacerdotum
1607 2620 1729 2657 spec-

100 2677 234 2719 tetur,
257 2673 328 2723 qui
352 2685 448 2710 cum
471 2673 557 2711 duo
580 2678 747 2712 tantum
776 2675 876 2721 sint,
899 2674 972 2712 uix
1003 2675 1068 2713 his
1101 2677 1231 2714 etiam
1264 2677 1368 2715 satis
1400 2689 1498 2715 esse
1529 2684 1729 2727 possunt3

103 2749 146 2781 et
176 2751 322 2782 tamen
352 2744 394 2782 in
430 2743 524 2782 dies
554 2751 733 2795 apparet
766 2758 918 2784 eorum
948 2759 1176 2786 numerum
1207 2749 1375 2798 augeri.
1412 2748 1543 2797 Quod
1574 2749 1607 2786 si
1638 2755 1729 2786 tres

103 2822 265 2862 essent,
288 2828 375 2854 non
396 2814 573 2854 dubium
591 2817 691 2866 quin
712 2818 823 2855 haec
845 2823 938 2856 tota
959 2819 1069 2857 ratio
1087 2818 1416 2857 administrandi
1438 2826 1726 2867 sacramenta,

101 2891 144 2924 et
179 2885 452 2924 commodius
491 2892 536 2925 et
570 2888 720 2926 maiori
762 2901 859 2927 curn
898 2889 1171 2928 incremento
1212 2896 1497 2929 tractaretur.
1547 2890 1728 2937 [illzcvlz'er

100 2958 322 3007 quaedam
353 2955 400 2994 in
435 2957 794 3007 desperationem
817 2959 920 3009 fere
951 2961 1070 3007 acta,
1101 2960 1490 3010 tranquillitatem
1523 2960 1722 3010 invenit.]

100 3028 234 3078 Virgo
276 3027 488 3076 quaedam
529 3030 650 3066 cuius
686 3030 875 3067 castitati
909 3030 1151 3080 periculum
1187 3032 1419 3070 maximum
1455 3031 1722 3079 imminebat,
