2038 3400
486 272 812 312 299.—C0L0N1A
840 273 882 311 13
907 270 1170 311 SEPTEMBms
1202 272 1290 313 1559
1589 271 1656 313 337

72 374 125 414 ad
148 375 228 414 Dei
247 375 440 427 ⁴gloriam
473 381 516 414 et
546 371 843 426 proximorum
879 380 1129 415 nostrorum
1167 383 1316 416 essent
1348 377 1592 416 vtilitatem.
1620 380 1702 417 Do-

72 460 186 485 mum
209 447 383 497 quidem
405 460 519 485 nunc
541 447 752 485 habemus
774 447 879 485 satis
901 448 1104 498 amplam,
1144 448 1274 487 cuius
1291 451 1406 498 pars
1445 461 1533 487 vna
1556 448 1701 487 Socie-

70 511 181 555 fatis
214 519 346 556 modo
378 520 454 563 esz‘,
494 518 640 557 altera
676 520 875 564 εεηαίπιε,
914 518 1051 557 tertia
1088 521 1238 558 autem
1269 521 1508 558 conducta.
1542 520 1701 558 Verum

72 589 290 635 fortassis
310 601 459 628 omnes
481 589 732 639 aliqnando
755 588 998 628 Societatis
1029 592 1179 628 erunt.
1205 591 1473 629 Sacerdotes
1503 591 1574 628 hic
1603 596 1701 628 sunt

72 658 243 697 decem.
267 660 314 697 In
345 659 505 698 scholis
528 658 690 698 docent
721 659 921 705 totidem,
943 661 1099 710 quibus
1122 660 1208 699 duo
1240 661 1365 699 breui
1395 673 1523 712 spero
1555 660 1702 699 adiun-

69 736 240 781 gentur.
264 731 311 769 R.
338 730 401 756 dus
424 730 636 769 dominns
655 731 674 750 a
697 730 950 769 Leonardus
974 734 981 752 ¹
1005 732 1141 769 totius
1164 731 1339 782 collegij
1365 745 1473 770 onus
1501 732 1699 778 sustinet,

69 802 308 839 animorum
331 807 375 839 et
397 813 629 852 corporum
667 802 795 840 etiam
820 801 1077 853 diligentem
1110 815 1255 840 curam
1288 803 1418 853 gerit3
1448 807 1492 840 ut
1517 807 1559 840 et
1581 815 1700 852 para-

69 879 136 910 tus
158 873 340 920 animus,
365 877 408 910 et
438 885 596 923 corpus
617 873 787 911 firmum
818 874 871 911 sit
904 872 958 911 ad
988 873 1070 911 Dei
1102 874 1374 923 obsequium.
1398 874 1452 912 M.
1485 874 1701 911 Henricus

68 944 302 993 Dionysius
343 943 461 981 dorni
500 948 631 994 atque
672 943 777 981 foris
818 943 951 982 sacris
994 950 1233 995 occupatur
1273 945 1536 983 lectionibus
1569 949 1700 994 atque

68 1014 351 1052 concionibus
374 1027 471 1052 cum
501 1026 660 1065 magno
684 1015 893 1064 spirituali
915 1015 1060 1052 fructu
1084 1020 1128 1053 et
1149 1015 1418 1053 audientium
1441 1015 1700 1054 satisfactio-

66 1098 135 1123 ne.
162 1085 216 1123 M.
242 1086 496 1123 Franciscus
518 1085 732 1123 Costerus
753 1085 868 1136 apud
898 1098 978 1123 nos
1010 1092 1053 1123 et
1081 1086 1368 1137 philosophus
1391 1092 1434 1124 et
1463 1087 1700 1137 theologus

67 1162 110 1193 et
139 1156 406 1194 nouitiorum
440 1162 507 1194 est
537 1155 746 1207 magister
768 1160 795 1194 ⁴².
820 1156 915 1195 Dici
946 1170 1033 1196 non
1062 1162 1211 1208 potest
1240 1171 1367 1208 quam
1390 1157 1624 1208 diligenter
1656 1164 1699 1196 et

65 1227 318 1277 prudenter,
354 1233 397 1265 et
418 1232 579 1278 quanta
608 1240 705 1266 cum
739 1228 928 1266 omnium
960 1228 1148 1266 Vtilitate
1169 1229 1188 1253 b
1210 1228 1310 1267 huic
1342 1229 1487 1267 officio
1519 1230 1695 1279 praesit.

66 1299 167 1337 Mihi
190 1299 364 1338 videtur
387 1301 506 1349 quod
527 1306 545 1324 δ
564 1312 652 1338 non
683 1300 881 1350 vulgare,
906 1300 985 1337 sed
1017 1300 1223 1338 eximium
1246 1301 1372 1338 huius
1394 1300 1438 1338 S.
1463 1301 1698 1339 Societatis

64 1370 122 1408 sit
144 1370 400 1408 membrum.
426 1370 482 1408 M.
502 1369 739 1408 Balduinus
760 1371 813 1408 ab
836 1371 1008 1421 Angelo
1031 1371 1245 1409 hactenus
1266 1383 1441 1422 quoque
1462 1372 1589 1409 hui-us
1611 1372 1698 1410 col-

65 1441 166 1492 legij
189 1441 269 1479 fuit
288 1441 589 1491 philosophus,
622 1454 735 1480 nunc
766 1446 913 1479 autem
944 1441 1200 1493 theologiae
1222 1455 1397 1493 quoque
1428 1442 1598 1480 futurus
1631 1448 1697 1481 est

63 1512 361 1550 bacalaureus,
399 1512 709 1550 Leodiensium
746 1511 816 1550 hic
845 1518 1054 1563 patronus
1093 1517 1175 1560 est,
1199 1514 1270 1564 qui
1308 1514 1562 1563 optimatum
1585 1514 1697 1551 filios

65 1584 253 1633 optimae
276 1583 369 1634 spei
390 1583 700 1621 adolescentes
723 1596 880 1634 magno
910 1597 1093 1622 numero
1117 1584 1251 1634 ipsius
1272 1582 1374 1633 fidej
1400 1584 1693 1631 committunt,

64 1660 107 1692 et
129 1654 242 1706 apud
274 1667 354 1692 nos
375 1654 667 1693 instituendos
690 1655 923 1694 collocant.
952 1655 1005 1693 At
1033 1656 1088 1694 M.
1122 1654 1340 1693 Henricus
1363 1654 1579 1693 Somalius
1606 1656 1696 1706 phi-

63 1725 305 1777 losophiam
328 1726 475 1772 etiam3
499 1725 553 1764 M.
579 1726 736 1764 Petrus
758 1726 961 1764 Hauftius
982 1726 1170 1777 poesim3
1195 1731 1238 1763 et
1261 1726 1315 1764 M.
1340 1726 1584 1777 Gregorius
1620 1727 1695 1764 Fa.-

63 1796 158 1835 bius
187 1797 449 1836 Ciceronem
472 1796 649 1835 docent.
683 1797 737 1834 M.
770 1795 971 1835 Andreas
1004 1796 1239 1835 Boccatius
1269 1809 1503 1847 puerorum
1535 1797 1693 1835 bonam

63 1879 209 1905 curam
231 1868 360 1919 gerit,
386 1867 567 1905 eosdem
590 1868 631 1905 in
666 1867 814 1905 infima
843 1868 995 1905 schola
1035 1866 1165 1905 etiam
1196 1867 1382 1905 instituit
1413 1867 1469 1906 Μ.
1503 1868 1678 1906 Francis

63 1952 138 1977 cus
160 1939 470 1985 Hoemerelus,
496 1944 540 1976 et
570 1938 836 1976 rhetoricam
857 1938 1091 1989 profitetur
1121 1939 1215 1976 eius
1246 1943 1460 1989 cognatus
1483 1938 1538 1976 M.
1566 1940 1675 1989 Joan

61 2022 139 2048 nes
174 2010 416 2048 Berkelius.
451 2010 632 2048 Duobus
662 2010 755 2048 istis
799 2009 1176 2056 buscoducenses,
1224 2015 1429 2060 tanquam
1461 2010 1577 2048 veris
1607 2011 1693 2049 ani-

62 2095 228 2120 morum
249 2081 516 2132 parentibus,
539 2081 654 2119 filios
685 2094 787 2119 suos
810 2079 1090 2119 committere
1113 2081 1274 2119 solent.
1300 2081 1351 2119 D.
1377 2080 1575 2119 Andreas
1611 2082 1694 2120 Ro-

61 2152 262 2190 bodorod
283 2156 312 2199 ³,
344 2152 409 2190 vir
430 2152 556 2202 plane
593 2151 815 2203 egregius,
852 2152 893 2189 in
925 2151 1181 2190 domesticis
1211 2151 1406 2202 negotijs
1438 2158 1691 2202 occupatur,

61 2235 368 2274 nonnunquam
410 2223 711 2270 concionatur,
752 2222 1038 2273 quorumdam
1080 2235 1256 2273 quoque
1293 2222 1505 2271 juuenum
1546 2235 1690 2261 curam

105 2419 121 2438 ²¹
175 2418 218 2454 P.
272 2419 336 2443 —b
359 2418 531 2455 vtilitate
551 2419 597 2454 in
617 2428 754 2463 marg.
777 2417 965 2454 Polancz·
993 2427 1145 2462 manu,
1168 2418 1306 2455 deleto
1326 2420 1371 2456 in
1404 2423 1521 2456 textu
1541 2421 1684 2463 verbo,

60 2478 175 2524 quod
195 2478 333 2522 legere
351 2488 435 2514 non
454 2478 666 2514 valemus.
723 2483 786 2502 —0
808 2477 853 2513 is.

110 2672 115 2688 ¹
172 2669 214 2705 P.
236 2669 473 2705 Leonardus
492 2667 654 2704 Kessel.

108 2730 120 2749 ²
169 2728 212 2765 In
233 2741 361 2775 marg.
382 2728 597 2765 recentiori
616 2741 751 2766 manu:
771 2728 932 2766 Costeri
952 2729 1054 2765 laus.

106 2788 118 2808 ³
169 2788 292 2835 Apud
309 2787 498 2828 HANSEN,
520 2787 550 2823 l.
575 2800 623 2831 ε..
639 2788 708 2824 774
722 2788 867 2825 dicitur
883 2787 1074 2824 Andreas
1092 2788 1376 2825 Robotradius.
1398 2788 1508 2825 Idem
1530 2789 1688 2826 videtur·

60 2860 148 2884 esse
167 2848 233 2893 qui
255 2847 444 2883 Andreas
462 2846 666 2893 Aquensis
685 2852 725 2883 et
743 2847 811 2895 qui
830 2847 1019 2883 Andreas
1040 2846 1424 2894 Valkenburgensis
1440 2848 1488 2884 de
1505 2861 1583 2894 quo
1602 2850 1687 2895 agi-

59 2912 123 2944 tur
143 2906 247 2952 apud
266 2905 454 2950 HANSEN,
476 2906 501 2941 l.
523 2918 572 2948 c..
593 2905 676 2948 353,
696 2906 826 2948 356...
847 2906 930 2943 550.
948 2904 1052 2942 Nam
1068 2907 1204 2943 nullus
1231 2907 1335 2943 alius
1354 2907 1542 2944 Andreas
1557 2920 1687 2944 sacer·

59 2966 128 3002 dos
146 2970 384 3002 numeratur
402 2965 441 3001 in
460 2966 646 3011 catalogo
664 2965 827 3011 collegii
847 2965 941 3001 anni
967 2965 1057 3002 1559
1074 2965 1129 3008 (in
1150 2966 1234 3002 cod.
1259 2966 1399 3003 Germ.
1422 2966 1509 3010 131,
1531 2967 1557 3004 f.
1584 2966 1686 3011 36v),

61 3030 99 3061 et
129 3030 265 3061 tamen
294 3024 334 3060 in
365 3023 708 3068 «Informatione
733 3024 846 3061 delle
869 3029 1050 3071 persone
1082 3026 1120 3062 Ie
1144 3027 1275 3072 quale
1304 3027 1344 3062 si
1369 3030 1555 3062 trouano
1580 3030 1686 3063 sotlo

61 3084 330 3121 l'ohedientia
361 3083 477 3119 della
508 3084 776 3129 compagum
803 3083 1006 3129 disesns
1032 3084 1148 3120 nella
1177 3086 1406 3130 prouincia
1437 3085 1508 3120 del
1536 3085 1686 3122 Rheno

207 3165 368 3191 errERAn
389 3165 793 3197 Qi‘Aoans'rRssu—Toxi.
817 3165 868 3191 VI.
1514 3171 1547 3191 22
