2038 3400
330 236 400 274 686
821 239 1041 276 LITTERAE
1066 239 1425 285 QUADRIMESTRES

283 340 383 378 dem
406 346 704 393 consequutus
722 343 836 380 haud
859 349 1036 381 tenuem
1056 344 1082 390 ¹3
1105 356 1249 393 quem,
1269 343 1535 394 aliquantulo
1553 343 1786 383 interiecto
1804 350 1911 382 tem-

281 413 400 462 poris
421 414 578 463 spatio,
602 418 692 452 tres
715 414 783 462 alij
809 414 1005 451 eiusdem
1028 414 1282 464 disciplinae
1304 428 1387 453 nec
1408 414 1625 454 inferioris
1642 416 1828 454 fortasse
1850 417 1911 453 iu-

283 483 383 533 dicij
408 486 547 522 secuti
566 493 678 523 sunt.
700 486 931 523 Postremo
951 486 1014 523 vir
1031 486 1269 536 theologus
1286 499 1440 537 nuper,
1461 493 1592 538 atque
1611 489 1720 524 alter
1738 487 1908 536 quidam

283 556 437 594 artium
473 557 698 605 magister,
738 557 862 594 simul
895 568 942 593 se
977 557 1031 594 ad
1066 570 1146 594 nos
1182 558 1480 604 contulerunt,
1518 569 1628 608 quos
1659 558 1812 595 ambos
1848 559 1912 607 (ut

283 627 478 665 omittam
515 629 710 677 caetera)
745 628 865 665 latini
901 628 1115 666 sermonis
1148 629 1455 678 oratoriaeque
1479 628 1698 667 facultatis
1729 629 1909 679 egregie

281 698 439 736 doctos
471 712 569 737 esse
593 698 844 749 praedicant
867 702 893 736 ².
918 699 1069 749 Itaque
1105 700 1260 736 horum
1283 699 1492 746 aduentu,
1526 705 1572 736 ut
1603 712 1824 746 numerus,
1849 699 1911 737 sic

280 783 453 820 quoque
478 770 625 807 domui
661 768 932 820 probationis
963 770 1138 819 spiritus
1174 769 1435 820 virtutisque
1467 782 1609 807 nouus
1639 770 1787 807 feruor
1819 781 1910 807 cre-

280 842 359 889 uit3
383 854 517 892 quare
538 855 776 893 pauperum
807 842 997 892 hospitia
1018 855 1193 880 menses
1229 842 1311 879 iam
1334 841 1446 879 duos
1468 842 1747 892 frequentant
1767 842 1856 879 bini
1886 854 1909 880 e

279 913 486 951 fratribus
521 914 716 962 nouitijs,
750 913 1082 962 doctrinamque
1111 925 1274 962 pueros
1305 913 1375 962 alij
1400 912 1563 950 docent
1592 912 1766 962 publice
1788 925 1908 950 more

279 989 450 1031 nostr03
474 985 543 1034 alij
566 985 746 1036 priuatis
770 985 944 1035 collegij
978 984 1135 1033 munijs
1159 989 1444 1034 occupantur.
1478 984 1543 1022 Ac
1564 985 1666 1022 licet
1688 984 1909 1034 angustias

278 1056 434 1094 domus
456 1069 560 1094 suae
585 1062 788 1106 oporteat
810 1056 983 1094 interim
1007 1056 1211 1106 experiri,
1237 1062 1384 1094 tamen
1407 1069 1630 1106 speramus
1652 1055 1908 1106 propediem

277 1127 433 1166 latiore
456 1142 613 1166 usuros
637 1141 734 1166 esse
757 1127 994 1166 domicilio.
1020 1128 1193 1166 Etenim
1215 1132 1367 1165 ternae
1398 1128 1548 1175 aedes,
1580 1140 1693 1178 quae
1720 1134 1906 1178 utroque

276 1202 413 1239 latere
437 1201 672 1251 contiguae
693 1204 815 1238 erant
836 1201 1011 1247 nostris,
1032 1200 1135 1238 iuris
1156 1200 1240 1238 iam
1256 1200 1410 1247 nostri,
1430 1199 1547 1251 quod
1566 1200 1764 1239 Christus
1787 1201 1908 1238 Iesus

276 1273 355 1310 sibi
378 1278 549 1323 gratum
570 1278 890 1322 acceptumque
912 1272 1036 1318 velit,
1069 1271 1259 1310 effectae
1280 1278 1395 1319 sunt,
1421 1285 1501 1309 usu
1529 1284 1703 1322 quoque
1735 1271 1906 1309 futurae

274 1345 400 1382 breui
435 1346 462 1383 ³.
501 1345 665 1383 Harum
703 1344 1010 1394 redemptione
1046 1347 1265 1382 transacta
1300 1349 1401 1394 post
1434 1356 1581 1391 unum,
1620 1347 1666 1381 ut
1701 1343 1903 1391 arbitror,

275 1429 489 1464 mensem,
514 1420 634 1455 tanta
655 1423 806 1454 nostro
830 1416 1021 1466 collegio
1045 1414 1152 1454 situs
1175 1417 1373 1454 accessio
1396 1415 1488 1463 fiet,
1513 1421 1560 1454 ut
1582 1416 1685 1454 nihil
1707 1416 1761 1454 sit
1783 1428 1905 1466 prae-

272 1493 397 1527 terea
428 1489 551 1528 cuius
572 1488 772 1540 indigere
808 1488 1051 1526 videamur.
1077 1489 1123 1526 P.
1148 1488 1429 1539 prouincialis
1450 1493 1463 1512 ⁴
1487 1493 1553 1525 est
1588 1487 1702 1538 apud
1723 1500 1819 1535 nos,
1845 1488 1905 1525 fu-

273 1564 507 1611 turumque
531 1560 829 1598 existimamus
851 1559 946 1597 dies
967 1559 1148 1609 aliquot,
1181 1571 1312 1610 quem
1333 1564 1614 1609 praesentem
1638 1559 1804 1597 laetitia
1824 1559 1904 1596 fra-

270 1636 385 1670 trum
407 1633 561 1670 mirum
582 1633 623 1670 in
646 1631 823 1669 modum
847 1631 1009 1669 sentire
1033 1632 1162 1669 solet.
1189 1631 1389 1670 Christus
1410 1631 1534 1669 Iesus
1557 1632 1602 1670 P.
1629 1632 1678 1669 T.
1705 1643 1809 1670 suae
1827 1631 1904 1669 So-

273 1704 424 1742 cietati
459 1703 531 1741 diu
554 1709 705 1741 seruet
725 1702 1006 1749 incolumem,
1045 1702 1168 1740 cuius
1190 1702 1416 1752 sacrificijs
1446 1702 1585 1740 iuuari
1608 1703 1737 1740 etiam
1773 1708 1903 1753 atque

275 1776 406 1814 etiam
428 1776 632 1826 petimus.
658 1775 879 1826 Compluti
902 1774 971 1813 die
995 1774 1103 1823 Iunij
1132 1784 1193 1821 12,
1223 1775 1337 1822 1560.
1363 1775 1412 1812 T.
1438 1775 1484 1813 P.
1510 1775 1676 1814 Seruus
1697 1774 1903 1826 indignis-

271 1860 420 1894 sunus,

1212 1921 1239 1969 †
1270 1919 1476 1957 IOSEPHUS
1508 1918 1680 1957 AcosTA
1709 1923 1737 1957 ⁵.

318 2060 324 2077 ¹
378 2057 435 2095 Ut
455 2071 503 2094 ex
525 2056 693 2093 CASTRO
710 2056 931 2100 (Historia
961 2055 1033 2092 del
1051 2054 1224 2100 collegio
1244 2054 1555 2101 complutense,
1577 2055 1645 2092 lib.
1663 2055 1698 2098 9,
1727 2068 1815 2102 cap.
1844 2056 1900 2100 12)

267 2118 407 2164 colligi
425 2122 567 2165 potest,
588 2116 661 2153 fuit
680 2117 713 2152 is
733 2115 913 2152 Didacus
933 2115 981 2152 de
1001 2114 1150 2151 Porres
1172 2114 1385 2158 Mai-anon,
1403 2122 1543 2162 postea
1565 2115 1746 2152 Didacus
1761 2116 1809 2152 de
1830 2115 1902 2153 Sa-

267 2180 378 2214 lazar
409 2177 552 2220 dictus,
590 2183 629 2212 et
665 2174 1065 2222 peregrinationibus
1096 2174 1281 2212 celebris.
1316 2174 1353 2211 Is
1390 2181 1558 2212 venerat
1593 2176 1716 2221 pedes
1754 2174 1900 2222 Burgis

268 2238 544 2283 Complutum,
567 2242 608 2273 et
626 2236 824 2272 admissus
845 2240 905 2271 est
923 2235 962 2271 in
983 2233 1230 2271 Societatem
1249 2233 1296 2271 25
1314 2234 1454 2270 Martii
1473 2235 1591 2282 hujus
1610 2236 1718 2271 anni.

314 2299 327 2317 2
378 2297 487 2334 Inter
507 2309 575 2333 eos
594 2309 693 2343 quos
714 2296 882 2332 CASTRO
901 2295 997 2332 dicit
1015 2295 1212 2332 admissos
1230 2294 1397 2331 ineunte
1424 2295 1499 2331 hoc
1518 2307 1658 2331 mense
1680 2294 1814 2342 Junio,
1843 2297 1899 2333 in-

269 2358 487 2394 veniuntur
501 2355 680 2403 Joannes
700 2357 748 2391 de
768 2354 967 2401 Santiago
995 2361 1034 2391 et
1063 2353 1226 2402 Gaspar
1253 2354 1452 2397 Sanchez,
1474 2355 1542 2401 qui
1563 2367 1634 2400 per
1662 2355 1800 2402 plures
1827 2369 1899 2392 an-

265 2430 336 2454 nos
356 2417 616 2453 humaniores
635 2416 793 2451 litteras
813 2415 999 2451 docuere.

312 2478 324 2497 ⁸
377 2476 440 2513 De
459 2476 602 2512 harum
623 2475 831 2512 domorum
851 2474 1055 2521 emptione
1075 2474 1161 2521 agit
1183 2474 1368 2518 CASTRO,
1389 2476 1414 2511 1.
1436 2487 1486 2517 c..
1508 2474 1576 2512 lib.
1600 2474 1656 2517 lO,
1678 2487 1768 2521 cap.
1793 2478 1823 2511 l.

311 2538 325 2557 ⁴
376 2536 420 2573 P.
443 2536 649 2572 Antonius
669 2535 818 2571 Araoz.

311 2598 324 2617 ⁵
377 2596 485 2633 Vide
504 2609 541 2643 p.
561 2595 643 2633 353.
