<?xml version="1.0" encoding="UTF-8"?>
<!DOCTYPE html PUBLIC "-//W3C//DTD XHTML 1.0 Transitional//EN"
    "http://www.w3.org/TR/xhtml1/DTD/xhtml1-transitional.dtd">
<html xmlns="http://www.w3.org/1999/xhtml" xml:lang="en" lang="en">
 <head>
  <title>
</title>
<meta http-equiv="Content-Type" content="text/html;charset=utf-8" />
  <meta name='ocr-system' content='tesseract 3.04.00' />
  <meta name='ocr-capabilities' content='ocr_page ocr_carea ocr_par ocr_line ocrx_word'/>
</head>
<body>
  <div class='ocr_page' id='page_1' title='image "./litteraequadrime18lain_0532.png"; bbox 0 0 2038 3400; ppageno 0'>
   <div class='ocr_carea' id='block_1_1' title="bbox 374 261 1442 311">
    <p class='ocr_par' dir='ltr' id='par_1_1' title="bbox 374 261 1442 311">
     <span class='ocr_line' id='line_1_1' title="bbox 374 261 1442 311; baseline 0.006 -14"><span class='ocrx_word' id='word_1_1' title='bbox 374 261 444 298; x_wconf 81' lang='grc'><strong>514</strong></span> <span class='ocrx_word' id='word_1_2' title='bbox 838 265 1059 302; x_wconf 79' lang='lat' dir='ltr'>LITTERAE</span> <span class='ocrx_word' id='word_1_3' title='bbox 1085 265 1442 311; x_wconf 81' lang='lat' dir='ltr'><strong>QUADRIMESTRES</strong></span> 
     </span>
    </p>
   </div>
   <div class='ocr_carea' id='block_1_2' title="bbox 327 364 1959 1206">
    <p class='ocr_par' dir='ltr' id='par_1_2' title="bbox 327 364 1959 1063">
     <span class='ocr_line' id='line_1_2' title="bbox 330 364 1953 422; baseline 0.004 -20"><span class='ocrx_word' id='word_1_4' title='bbox 330 364 525 404; x_wconf 86' lang='lat' dir='ltr'><strong>clarauit.</strong></span> <span class='ocrx_word' id='word_1_5' title='bbox 565 367 630 404; x_wconf 92' lang='lat' dir='ltr'><strong>De</strong></span> <span class='ocrx_word' id='word_1_6' title='bbox 665 367 759 417; x_wconf 88' lang='lat' dir='ltr'><strong>ipso</strong></span> <span class='ocrx_word' id='word_1_7' title='bbox 795 379 952 419; x_wconf 83' lang='lat' dir='ltr'><strong>magna</strong></span> <span class='ocrx_word' id='word_1_8' title='bbox 986 367 1100 419; x_wconf 90' lang='lat' dir='ltr'><strong>apud</strong></span> <span class='ocrx_word' id='word_1_9' title='bbox 1137 380 1289 406; x_wconf 87' lang='lat' dir='ltr'><strong>omnes</strong></span> <span class='ocrx_word' id='word_1_10' title='bbox 1320 381 1436 420; x_wconf 89' lang='lat' dir='ltr'><strong>spes,</strong></span> <span class='ocrx_word' id='word_1_11' title='bbox 1469 370 1505 408; x_wconf 92' lang='lat' dir='ltr'><strong>si</strong></span> <span class='ocrx_word' id='word_1_12' title='bbox 1536 370 1575 408; x_wconf 92' lang='lat' dir='ltr'><strong>ei</strong></span> <span class='ocrx_word' id='word_1_13' title='bbox 1610 371 1701 409; x_wconf 88' lang='lat' dir='ltr'><strong>uita</strong></span> <span class='ocrx_word' id='word_1_14' title='bbox 1735 375 1953 422; x_wconf 79' lang='lat' dir='ltr'><strong>suppetat.</strong></span> 
     </span>
     <span class='ocr_line' id='line_1_3' title="bbox 330 437 1956 493; baseline 0.004 -19"><span class='ocrx_word' id='word_1_15' title='bbox 330 437 443 487; x_wconf 77' lang='lat' dir='ltr'><strong>Erga</strong></span> <span class='ocrx_word' id='word_1_16' title='bbox 464 451 544 475; x_wconf 91' lang='lat' dir='ltr'><strong>nos</strong></span> <span class='ocrx_word' id='word_1_17' title='bbox 567 438 674 476; x_wconf 90' lang='lat' dir='ltr'><strong>miro</strong></span> <span class='ocrx_word' id='word_1_18' title='bbox 698 438 830 477; x_wconf 91' lang='lat' dir='ltr'><strong>modo</strong></span> <span class='ocrx_word' id='word_1_19' title='bbox 855 445 921 477; x_wconf 85' lang='lat' dir='ltr'><strong>est</strong></span> <span class='ocrx_word' id='word_1_20' title='bbox 942 440 1145 486; x_wconf 78' lang='lat' dir='ltr'><strong>affectus3</strong></span> <span class='ocrx_word' id='word_1_21' title='bbox 1170 440 1374 491; x_wconf 83' lang='lat' dir='ltr'><strong>intelligit</strong></span> <span class='ocrx_word' id='word_1_22' title='bbox 1397 442 1511 480; x_wconf 89' lang='lat' dir='ltr'><strong>enirn</strong></span> <span class='ocrx_word' id='word_1_23' title='bbox 1532 448 1741 493; x_wconf 89' lang='lat' dir='ltr'><strong>quantum</strong></span> <span class='ocrx_word' id='word_1_24' title='bbox 1762 454 1956 482; x_wconf 86' lang='lat' dir='ltr'><strong>momen-</strong></span> 
     </span>
     <span class='ocr_line' id='line_1_4' title="bbox 328 507 1956 564; baseline 0.003 -19"><span class='ocrx_word' id='word_1_25' title='bbox 328 512 417 546; x_wconf 87' lang='lat' dir='ltr'><strong>tum</strong></span> <span class='ocrx_word' id='word_1_26' title='bbox 440 507 526 546; x_wconf 89' lang='lat' dir='ltr'><strong>suis</strong></span> <span class='ocrx_word' id='word_1_27' title='bbox 550 510 680 547; x_wconf 87' lang='lat' dir='ltr'><strong>rebus</strong></span> <span class='ocrx_word' id='word_1_28' title='bbox 698 509 853 548; x_wconf 82' lang='lat' dir='ltr'><strong>afferat</strong></span> <span class='ocrx_word' id='word_1_29' title='bbox 877 510 1111 549; x_wconf 77' lang='lat' dir='ltr'><strong>Societatis</strong></span> <span class='ocrx_word' id='word_1_30' title='bbox 1139 510 1441 551; x_wconf 87' lang='lat' dir='ltr'><strong>ministerium.</strong></span> <span class='ocrx_word' id='word_1_31' title='bbox 1466 513 1612 551; x_wconf 82' lang='lat' dir='ltr'><strong>Facile</strong></span> <span class='ocrx_word' id='word_1_32' title='bbox 1634 526 1860 564; x_wconf 88' lang='lat' dir='ltr'><strong>speramus</strong></span> <span class='ocrx_word' id='word_1_33' title='bbox 1882 525 1956 551; x_wconf 92' lang='lat' dir='ltr'><strong>uo-</strong></span> 
     </span>
     <span class='ocr_line' id='line_1_5' title="bbox 327 578 1956 631; baseline 0.004 -16"><span class='ocrx_word' id='word_1_34' title='bbox 327 578 541 617; x_wconf 85' lang='lat' dir='ltr'><strong>luntatem</strong></span> <span class='ocrx_word' id='word_1_35' title='bbox 564 592 684 618; x_wconf 90' lang='lat' dir='ltr'><strong>suam</strong></span> <span class='ocrx_word' id='word_1_36' title='bbox 709 593 843 631; x_wconf 88' lang='lat' dir='ltr'><strong>opere</strong></span> <span class='ocrx_word' id='word_1_37' title='bbox 866 582 1258 620; x_wconf 86' lang='lat' dir='ltr'><strong>manifestaturum.</strong></span> <span class='ocrx_word' id='word_1_38' title='bbox 1285 583 1542 622; x_wconf 89' lang='lat' dir='ltr'><strong>Conuentus</strong></span> <span class='ocrx_word' id='word_1_39' title='bbox 1563 584 1668 622; x_wconf 91' lang='lat' dir='ltr'><strong>item</strong></span> <span class='ocrx_word' id='word_1_40' title='bbox 1692 584 1956 623; x_wconf 83' lang='lat' dir='ltr'><strong>eeclesiasti-</strong></span> 
     </span>
     <span class='ocr_line' id='line_1_6' title="bbox 329 651 1957 704; baseline 0.004 -17"><span class='ocrx_word' id='word_1_41' title='bbox 329 662 479 688; x_wconf 86' lang='lat' dir='ltr'><strong>corum</strong></span> <span class='ocrx_word' id='word_1_42' title='bbox 502 651 630 700; x_wconf 81' lang='lat' dir='ltr'><strong>hujus</strong></span> <span class='ocrx_word' id='word_1_43' title='bbox 653 652 770 690; x_wconf 84' lang='lat' dir='ltr'><strong>urbis</strong></span> <span class='ocrx_word' id='word_1_44' title='bbox 793 653 1000 703; x_wconf 79' lang='lat' dir='ltr'>singulari</span> <span class='ocrx_word' id='word_1_45' title='bbox 1022 653 1206 704; x_wconf 86' lang='lat' dir='ltr'><strong>quadarn</strong></span> <span class='ocrx_word' id='word_1_46' title='bbox 1229 654 1544 693; x_wconf 84' lang='lat' dir='ltr'><strong>beneuolentia</strong></span> <span class='ocrx_word' id='word_1_47' title='bbox 1565 656 1837 694; x_wconf 76' lang='lat' dir='ltr'>Societatem</span> <span class='ocrx_word' id='word_1_48' title='bbox 1859 668 1957 693; x_wconf 92' lang='lat' dir='ltr'><strong>nos-</strong></span> 
     </span>
     <span class='ocr_line' id='line_1_7' title="bbox 327 723 1955 778; baseline 0.004 -20"><span class='ocrx_word' id='word_1_49' title='bbox 327 726 438 759; x_wconf 85' lang='lat' dir='ltr'><strong>tram</strong></span> <span class='ocrx_word' id='word_1_50' title='bbox 459 723 754 773; x_wconf 74' lang='lat' dir='ltr'><strong>prosequitur3</strong></span> <span class='ocrx_word' id='word_1_51' title='bbox 779 737 914 774; x_wconf 87' lang='lat' dir='ltr'><strong>usque</strong></span> <span class='ocrx_word' id='word_1_52' title='bbox 939 724 1051 762; x_wconf 81' lang='lat' dir='ltr'><strong>adeo</strong></span> <span class='ocrx_word' id='word_1_53' title='bbox 1075 724 1270 763; x_wconf 81' lang='lat' dir='ltr'><strong>secunda</strong></span> <span class='ocrx_word' id='word_1_54' title='bbox 1289 725 1451 764; x_wconf 90' lang='lat' dir='ltr'><strong>nostris</strong></span> <span class='ocrx_word' id='word_1_55' title='bbox 1482 727 1613 764; x_wconf 87' lang='lat' dir='ltr'><strong>rebus</strong></span> <span class='ocrx_word' id='word_1_56' title='bbox 1645 726 1807 778; x_wconf 89' lang='lat' dir='ltr'><strong>aspirat</strong></span> <span class='ocrx_word' id='word_1_57' title='bbox 1836 739 1955 774; x_wconf 86' lang='lat' dir='ltr'><strong>aura,</strong></span> 
     </span>
     <span class='ocr_line' id='line_1_8' title="bbox 329 794 1959 848; baseline 0.004 -18"><span class='ocrx_word' id='word_1_58' title='bbox 329 798 374 830; x_wconf 91' lang='lat' dir='ltr'><strong>ut</strong></span> <span class='ocrx_word' id='word_1_59' title='bbox 406 794 721 844; x_wconf 76' lang='lat' dir='ltr'><strong>cogitationem</strong></span> <span class='ocrx_word' id='word_1_60' title='bbox 754 800 874 833; x_wconf 82' lang='lat' dir='ltr'><strong>tanta</strong></span> <span class='ocrx_word' id='word_1_61' title='bbox 905 795 1176 846; x_wconf 75' lang='lat' dir='ltr'><strong>tranquilitas</strong></span> <span class='ocrx_word' id='word_1_62' title='bbox 1199 797 1385 847; x_wconf 84' lang='lat' dir='ltr'><strong>alicujus</strong></span> <span class='ocrx_word' id='word_1_63' title='bbox 1406 799 1685 848; x_wconf 77' lang='lat' dir='ltr'><strong>tempestatis</strong></span> <span class='ocrx_word' id='word_1_64' title='bbox 1715 799 1864 837; x_wconf 86' lang='lat' dir='ltr'><strong>minari</strong></span> <span class='ocrx_word' id='word_1_65' title='bbox 1897 799 1959 838; x_wconf 87' lang='lat' dir='ltr'><strong>vi-</strong></span> 
     </span>
     <span class='ocr_line' id='line_1_9' title="bbox 329 864 1957 920; baseline 0.003 -18"><span class='ocrx_word' id='word_1_66' title='bbox 329 864 498 903; x_wconf 84' lang='lat' dir='ltr'><strong>deatur.</strong></span> <span class='ocrx_word' id='word_1_67' title='bbox 523 866 650 903; x_wconf 85' lang='lat' dir='ltr'><strong>Faxit</strong></span> <span class='ocrx_word' id='word_1_68' title='bbox 670 866 791 904; x_wconf 90' lang='lat' dir='ltr'><strong>Deus</strong></span> <span class='ocrx_word' id='word_1_69' title='bbox 813 866 912 917; x_wconf 88' lang='lat' dir='ltr'><strong>Opt.</strong></span> <span class='ocrx_word' id='word_1_70' title='bbox 937 867 1048 905; x_wconf 82' lang='lat' dir='ltr'><strong>Max.</strong></span> <span class='ocrx_word' id='word_1_71' title='bbox 1074 868 1191 918; x_wconf 87' lang='lat' dir='ltr'><strong>quod</strong></span> <span class='ocrx_word' id='word_1_72' title='bbox 1223 867 1277 906; x_wconf 89' lang='lat' dir='ltr'><strong>ad</strong></span> <span class='ocrx_word' id='word_1_73' title='bbox 1309 868 1375 906; x_wconf 86' lang='lat' dir='ltr'><strong>sui</strong></span> <span class='ocrx_word' id='word_1_74' title='bbox 1406 869 1545 907; x_wconf 87' lang='lat' dir='ltr'><strong>saneti</strong></span> <span class='ocrx_word' id='word_1_75' title='bbox 1565 870 1752 907; x_wconf 88' lang='lat' dir='ltr'><strong>nominis</strong></span> <span class='ocrx_word' id='word_1_76' title='bbox 1774 869 1957 920; x_wconf 83' lang='lat' dir='ltr'><strong>gloriam</strong></span> 
     </span>
     <span class='ocr_line' id='line_1_10' title="bbox 328 936 1957 992; baseline 0.003 -19"><span class='ocrx_word' id='word_1_77' title='bbox 328 937 465 987; x_wconf 82' lang='lat' dir='ltr'><strong>magis</strong></span> <span class='ocrx_word' id='word_1_78' title='bbox 486 936 631 975; x_wconf 80' lang='lat' dir='ltr'><strong>faciat.</strong></span> <span class='ocrx_word' id='word_1_79' title='bbox 657 938 750 976; x_wconf 87' lang='lat' dir='ltr'><strong>Nos</strong></span> <span class='ocrx_word' id='word_1_80' title='bbox 772 943 818 975; x_wconf 91' lang='lat' dir='ltr'><strong>ut</strong></span> <span class='ocrx_word' id='word_1_81' title='bbox 839 936 892 975; x_wconf 89' lang='lat' dir='ltr'><strong>ad</strong></span> <span class='ocrx_word' id='word_1_82' title='bbox 915 940 1010 987; x_wconf 88' lang='lat' dir='ltr'><strong>ejus</strong></span> <span class='ocrx_word' id='word_1_83' title='bbox 1031 938 1221 977; x_wconf 88' lang='lat' dir='ltr'><strong>divinam</strong></span> <span class='ocrx_word' id='word_1_84' title='bbox 1244 940 1534 988; x_wconf 88' lang='lat' dir='ltr'><strong>voluntatem,</strong></span> <span class='ocrx_word' id='word_1_85' title='bbox 1559 941 1653 979; x_wconf 89' lang='lat' dir='ltr'><strong>siue</strong></span> <span class='ocrx_word' id='word_1_86' title='bbox 1675 941 1717 979; x_wconf 88' lang='lat' dir='ltr'><strong>in</strong></span> <span class='ocrx_word' id='word_1_87' title='bbox 1737 940 1957 992; x_wconf 80' lang='lat' dir='ltr'><strong>prosperis</strong></span> 
     </span>
     <span class='ocr_line' id='line_1_11' title="bbox 328 1006 1954 1063; baseline 0.004 -19"><span class='ocrx_word' id='word_1_88' title='bbox 328 1006 421 1044; x_wconf 90' lang='lat' dir='ltr'><strong>siue</strong></span> <span class='ocrx_word' id='word_1_89' title='bbox 443 1008 485 1045; x_wconf 89' lang='lat' dir='ltr'><strong>in</strong></span> <span class='ocrx_word' id='word_1_90' title='bbox 497 1007 693 1046; x_wconf 87' lang='lat' dir='ltr'><strong>aduersis</strong></span> <span class='ocrx_word' id='word_1_91' title='bbox 707 1021 841 1059; x_wconf 89' lang='lat' dir='ltr'><strong>opere</strong></span> <span class='ocrx_word' id='word_1_92' title='bbox 860 1009 1137 1060; x_wconf 82' lang='lat' dir='ltr'><strong>implendam,</strong></span> <span class='ocrx_word' id='word_1_93' title='bbox 1157 1010 1290 1048; x_wconf 89' lang='lat' dir='ltr'><strong>simus</strong></span> <span class='ocrx_word' id='word_1_94' title='bbox 1306 1011 1510 1063; x_wconf 88' lang='lat' dir='ltr'><strong>prompti.</strong></span> <span class='ocrx_word' id='word_1_95' title='bbox 1534 1012 1708 1059; x_wconf 78' lang='lat' dir='ltr'><strong>[Preces</strong></span> <span class='ocrx_word' id='word_1_96' title='bbox 1718 1013 1954 1062; x_wconf 53' lang='lat' dir='ltr'><strong>postulat]</strong></span> 
     </span>
    </p>

    <p class='ocr_par' dir='ltr' id='par_1_3' title="bbox 410 1080 1848 1132">
     <span class='ocr_line' id='line_1_12' title="bbox 410 1080 1848 1132; baseline 0.003 -15"><span class='ocrx_word' id='word_1_97' title='bbox 410 1080 507 1117; x_wconf 90' lang='lat' dir='ltr'><strong>Dat.</strong></span> <span class='ocrx_word' id='word_1_98' title='bbox 533 1080 756 1130; x_wconf 81' lang='lat' dir='ltr'><strong>Segoviae</strong></span> <span class='ocrx_word' id='word_1_99' title='bbox 780 1085 934 1130; x_wconf 87' lang='lat' dir='ltr'><strong>quarto</strong></span> <span class='ocrx_word' id='word_1_100' title='bbox 958 1081 1163 1119; x_wconf 83' lang='lat' dir='ltr'><strong>calendas</strong></span> <span class='ocrx_word' id='word_1_101' title='bbox 1184 1082 1440 1130; x_wconf 87' lang='lat' dir='ltr'><strong>februarias,</strong></span> <span class='ocrx_word' id='word_1_102' title='bbox 1465 1096 1577 1121; x_wconf 91' lang='lat' dir='ltr'><strong>anno</strong></span> <span class='ocrx_word' id='word_1_103' title='bbox 1602 1083 1700 1132; x_wconf 89' lang='lat' dir='ltr'><strong>Dnj.</strong></span> <span class='ocrx_word' id='word_1_104' title='bbox 1735 1084 1848 1132; x_wconf 84' lang='lat'><strong>1560.</strong></span> 
     </span>
    </p>

    <p class='ocr_par' dir='ltr' id='par_1_4' title="bbox 408 1150 1875 1206">
     <span class='ocr_line' id='line_1_13' title="bbox 408 1150 1875 1206; baseline 0.004 -18"><span class='ocrx_word' id='word_1_105' title='bbox 408 1152 471 1188; x_wconf 83' lang='lat' dir='ltr'><strong>Ex</strong></span> <span class='ocrx_word' id='word_1_106' title='bbox 495 1150 699 1189; x_wconf 86' lang='lat' dir='ltr'><strong>mandato</strong></span> <span class='ocrx_word' id='word_1_107' title='bbox 724 1152 831 1190; x_wconf 81' lang='lat' dir='ltr'><strong>Fris,</strong></span> <span class='ocrx_word' id='word_1_108' title='bbox 856 1153 1057 1191; x_wconf 85' lang='lat' dir='ltr'><strong>rectoris.</strong></span> <span class='ocrx_word' id='word_1_109' title='bbox 1083 1153 1204 1191; x_wconf 87' lang='lat' dir='ltr'><strong>Tuae</strong></span> <span class='ocrx_word' id='word_1_110' title='bbox 1228 1154 1274 1192; x_wconf 90' lang='lat' dir='ltr'><strong>P.</strong></span> <span class='ocrx_word' id='word_1_111' title='bbox 1297 1166 1452 1193; x_wconf 88' lang='lat' dir='ltr'><strong>seruus</strong></span> <span class='ocrx_word' id='word_1_112' title='bbox 1473 1155 1678 1206; x_wconf 84' lang='lat' dir='ltr'><strong>indignus</strong></span> <span class='ocrx_word' id='word_1_113' title='bbox 1699 1154 1741 1193; x_wconf 92' lang='lat' dir='ltr'><strong>in</strong></span> <span class='ocrx_word' id='word_1_114' title='bbox 1762 1156 1875 1194; x_wconf 90' lang='lat' dir='ltr'><strong>Dno.</strong></span> 
     </span>
    </p>
   </div>
   <div class='ocr_carea' id='block_1_3' title="bbox 409 1245 1850 1347">
    <p class='ocr_par' dir='ltr' id='par_1_5' title="bbox 409 1245 1850 1347">
     <span class='ocr_line' id='line_1_14' title="bbox 1368 1245 1850 1284; baseline 0.002 -1"><span class='ocrx_word' id='word_1_115' title='bbox 1368 1245 1590 1284; x_wconf 81' lang='lat' dir='ltr'><strong>ANTONIUS</strong></span> <span class='ocrx_word' id='word_1_116' title='bbox 1621 1246 1793 1284; x_wconf 84' lang='lat' dir='ltr'>TORRES</span> <span class='ocrx_word' id='word_1_117' title='bbox 1826 1251 1850 1284; x_wconf 90' lang='lat'><strong>¹.</strong></span> 
     </span>
     <span class='ocr_line' id='line_1_15' title="bbox 409 1294 861 1347; baseline 0.004 -14"><span class='ocrx_word' id='word_1_118' title='bbox 409 1294 574 1346; x_wconf 74' lang='lat' dir='ltr'><strong>sigilli</strong></span> <span class='ocrx_word' id='word_1_119' title='bbox 600 1295 861 1347; x_wconf 80' lang='lat' dir='ltr'><strong>vestigium.</strong></span> 
     </span>
    </p>
   </div>
   <div class='ocr_carea' id='block_1_4' title="bbox 847 1422 1439 1631">
    <p class='ocr_par' dir='ltr' id='par_1_6' title="bbox 847 1422 1439 1631">
     <span class='ocr_line' id='line_1_16' title="bbox 1087 1422 1202 1474; baseline 0.017 -2"><span class='ocrx_word' id='word_1_120' title='bbox 1087 1422 1202 1474; x_wconf 75' lang='lat'><strong>343</strong></span> 
     </span>
     <span class='ocr_line' id='line_1_17' title="bbox 847 1562 1439 1631; baseline 0 -21"><span class='ocrx_word' id='word_1_121' title='bbox 847 1562 1127 1610; x_wconf 74' lang='lat' dir='ltr'><strong>GASPAR</strong></span> <span class='ocrx_word' id='word_1_122' title='bbox 1162 1563 1439 1631; x_wconf 78' lang='lat' dir='ltr'>ASTETE</span> 
     </span>
    </p>
   </div>
   <div class='ocr_carea' id='block_1_5' title="bbox 706 1677 1573 1717">
    <p class='ocr_par' dir='ltr' id='par_1_7' title="bbox 706 1677 1573 1717">
     <span class='ocr_line' id='line_1_18' title="bbox 706 1677 1573 1717; baseline 0.003 -4"><span class='ocrx_word' id='word_1_123' title='bbox 706 1687 942 1714; x_wconf 70' lang='lat' dir='ltr'><strong>METHYMNA</strong></span> <span class='ocrx_word' id='word_1_124' title='bbox 972 1688 1098 1715; x_wconf 76' lang='lat' dir='ltr'><strong>CAMPI</strong></span> <span class='ocrx_word' id='word_1_125' title='bbox 1123 1677 1146 1715; x_wconf 85' lang='lat'>6</span> <span class='ocrx_word' id='word_1_126' title='bbox 1171 1689 1402 1716; x_wconf 79' lang='lat' dir='ltr'><strong>FEBRUARH</strong></span> <span class='ocrx_word' id='word_1_127' title='bbox 1431 1678 1522 1716; x_wconf 79' lang='lat'>1560</span> <span class='ocrx_word' id='word_1_128' title='bbox 1548 1679 1573 1717; x_wconf 79' lang='lat'><strong>².</strong></span> 
     </span>
    </p>
   </div>
   <div class='ocr_carea' id='block_1_6' title="bbox 328 1777 1961 2161">
    <p class='ocr_par' dir='ltr' id='par_1_8' title="bbox 328 1777 1961 2161">
     <span class='ocr_line' id='line_1_19' title="bbox 328 1777 1960 1829; baseline 0.003 -14"><span class='ocrx_word' id='word_1_129' title='bbox 328 1777 359 1815; x_wconf 92' lang='lat' dir='ltr'><strong>l.</strong></span> <span class='ocrx_word' id='word_1_130' title='bbox 394 1777 565 1817; x_wconf 78' lang='lat' dir='ltr'><strong>Latina</strong></span> <span class='ocrx_word' id='word_1_131' title='bbox 598 1777 645 1817; x_wconf 79' lang='lat' dir='ltr'><strong>in</strong></span> <span class='ocrx_word' id='word_1_132' title='bbox 676 1779 837 1829; x_wconf 75' lang='lat' dir='ltr'><strong>templo</strong></span> <span class='ocrx_word' id='word_1_133' title='bbox 874 1779 1080 1819; x_wconf 76' lang='lat' dir='ltr'><strong>contione</strong></span> <span class='ocrx_word' id='word_1_134' title='bbox 1116 1782 1155 1819; x_wconf 83' lang='lat' dir='ltr'><strong>et</strong></span> <span class='ocrx_word' id='word_1_135' title='bbox 1186 1779 1416 1820; x_wconf 82' lang='lat' dir='ltr'><strong>comoedia</strong></span> <span class='ocrx_word' id='word_1_136' title='bbox 1452 1794 1615 1820; x_wconf 70' lang='lat' dir='ltr'><strong>cursus</strong></span> <span class='ocrx_word' id='word_1_137' title='bbox 1655 1780 1821 1820; x_wconf 78' lang='lat' dir='ltr'><strong>initur:</strong></span> <span class='ocrx_word' id='word_1_138' title='bbox 1856 1781 1960 1820; x_wconf 74' lang='lat' dir='ltr'><strong>inde</strong></span> 
     </span>
     <span class='ocr_line' id='line_1_20' title="bbox 407 1844 1959 1887; baseline 0.003 -5"><span class='ocrx_word' id='word_1_139' title='bbox 407 1844 790 1883; x_wconf 70' lang='lat' dir='ltr'><strong>scholasticorum</strong></span> <span class='ocrx_word' id='word_1_140' title='bbox 812 1858 1030 1885; x_wconf 66' lang='lat' dir='ltr'><strong>numerus</strong></span> <span class='ocrx_word' id='word_1_141' title='bbox 1052 1845 1327 1885; x_wconf 57' lang='lat' dir='ltr'><strong>crescit—2.</strong></span> <span class='ocrx_word' id='word_1_142' title='bbox 1353 1847 1401 1885; x_wconf 84' lang='lat' dir='ltr'><strong>P.</strong></span> <span class='ocrx_word' id='word_1_143' title='bbox 1435 1849 1584 1886; x_wconf 81' lang='lat' dir='ltr'><strong>rector</strong></span> <span class='ocrx_word' id='word_1_144' title='bbox 1612 1847 1736 1887; x_wconf 82' lang='lat' dir='ltr'><strong>docte</strong></span> <span class='ocrx_word' id='word_1_145' title='bbox 1766 1849 1806 1886; x_wconf 87' lang='lat' dir='ltr'><strong>et</strong></span> <span class='ocrx_word' id='word_1_146' title='bbox 1836 1847 1959 1886; x_wconf 79' lang='lat' dir='ltr'><strong>utili-</strong></span> 
     </span>
     <span class='ocr_line' id='line_1_21' title="bbox 409 1910 1961 1960; baseline 0.003 -13"><span class='ocrx_word' id='word_1_147' title='bbox 409 1911 476 1948; x_wconf 84' lang='lat' dir='ltr'><strong>ter</strong></span> <span class='ocrx_word' id='word_1_148' title='bbox 516 1910 830 1956; x_wconf 57' lang='lat' dir='ltr'><strong>contionatum·</strong></span> <span class='ocrx_word' id='word_1_149' title='bbox 874 1913 969 1950; x_wconf 74' lang='lat' dir='ltr'><strong>turn</strong></span> <span class='ocrx_word' id='word_1_150' title='bbox 1017 1913 1098 1951; x_wconf 75' lang='lat' dir='ltr'><strong>FF.</strong></span> <span class='ocrx_word' id='word_1_151' title='bbox 1143 1912 1308 1960; x_wconf 78' lang='lat' dir='ltr'><strong>nostri,</strong></span> <span class='ocrx_word' id='word_1_152' title='bbox 1348 1914 1443 1951; x_wconf 78' lang='lat' dir='ltr'><strong>tum</strong></span> <span class='ocrx_word' id='word_1_153' title='bbox 1481 1913 1748 1953; x_wconf 75' lang='lat' dir='ltr'><strong>scholastici</strong></span> <span class='ocrx_word' id='word_1_154' title='bbox 1785 1911 1961 1953; x_wconf 81' lang='lat' dir='ltr'><strong>externi</strong></span> 
     </span>
     <span class='ocr_line' id='line_1_22' title="bbox 408 1975 1959 2025; baseline 0.004 -11"><span class='ocrx_word' id='word_1_155' title='bbox 408 1975 716 2015; x_wconf 78' lang='lat' dir='ltr'><strong>christianam</strong></span> <span class='ocrx_word' id='word_1_156' title='bbox 735 1976 996 2016; x_wconf 71' lang='lat' dir='ltr'><strong>doctrinam</strong></span> <span class='ocrx_word' id='word_1_157' title='bbox 1019 1978 1290 2017; x_wconf 81' lang='lat' dir='ltr'><strong>docent.—-3.</strong></span> <span class='ocrx_word' id='word_1_158' title='bbox 1323 1979 1610 2018; x_wconf 75' lang='lat' dir='ltr'><strong>Fundatoris</strong></span> <span class='ocrx_word' id='word_1_159' title='bbox 1638 1981 1867 2025; x_wconf 52' lang='lat' dir='ltr'><strong>valetud&amp;</strong></span> <span class='ocrx_word' id='word_1_160' title='bbox 1891 1993 1959 2020; x_wconf 80' lang='lat' dir='ltr'><strong>ae-</strong></span> 
     </span>
     <span class='ocr_line' id='line_1_23' title="bbox 420 2040 1959 2096; baseline 0.003 -16"><span class='ocrx_word' id='word_1_161' title='bbox 420 2040 563 2090; x_wconf 79' lang='lat' dir='ltr'><strong>dificii</strong></span> <span class='ocrx_word' id='word_1_162' title='bbox 584 2041 1055 2082; x_wconf 69' lang='lat' dir='ltr'><strong>constructiones.-4.</strong></span> <span class='ocrx_word' id='word_1_163' title='bbox 1079 2043 1455 2084; x_wconf 74' lang='lat' dir='ltr'><strong>Circzimcisionis</strong></span> <span class='ocrx_word' id='word_1_164' title='bbox 1468 2044 1591 2096; x_wconf 87' lang='lat' dir='ltr'><strong>festo</strong></span> <span class='ocrx_word' id='word_1_165' title='bbox 1613 2045 1839 2085; x_wconf 77' lang='lat' dir='ltr'><strong>edentium</strong></span> <span class='ocrx_word' id='word_1_166' title='bbox 1863 2045 1959 2084; x_wconf 81' lang='lat' dir='ltr'><strong>ani-</strong></span> 
     </span>
     <span class='ocr_line' id='line_1_24' title="bbox 408 2106 1285 2161; baseline 0.005 -16"><span class='ocrx_word' id='word_1_167' title='bbox 408 2121 504 2146; x_wconf 84' lang='lat' dir='ltr'><strong>mos</strong></span> <span class='ocrx_word' id='word_1_168' title='bbox 517 2106 678 2159; x_wconf 79' lang='lat' dir='ltr'><strong>frater</strong></span> <span class='ocrx_word' id='word_1_169' title='bbox 706 2108 893 2157; x_wconf 75' lang='lat' dir='ltr'><strong>quidam</strong></span> <span class='ocrx_word' id='word_1_170' title='bbox 915 2110 1125 2149; x_wconf 75' lang='lat' dir='ltr'><strong>oratione</strong></span> <span class='ocrx_word' id='word_1_171' title='bbox 1146 2110 1285 2161; x_wconf 75' lang='lat' dir='ltr'><strong>rapit.</strong></span> 
     </span>
    </p>
   </div>
   <div class='ocr_carea' id='block_1_7' title="bbox 312 2214 1962 2624">
    <p class='ocr_par' dir='ltr' id='par_1_9' title="bbox 312 2214 1962 2624">
     <span class='ocr_line' id='line_1_25' title="bbox 386 2214 1962 2269; baseline 0.003 -18"><span class='ocrx_word' id='word_1_172' title='bbox 386 2225 418 2252; x_wconf 94' lang='lat'><strong>1.</strong></span> <span class='ocrx_word' id='word_1_173' title='bbox 478 2216 506 2265; x_wconf 84' lang='lat'><strong>†</strong></span> <span class='ocrx_word' id='word_1_174' title='bbox 531 2214 621 2264; x_wconf 87' lang='lat' dir='ltr'><strong>Jhs.</strong></span> <span class='ocrx_word' id='word_1_175' title='bbox 646 2215 748 2265; x_wconf 87' lang='lat' dir='ltr'><strong>Muy</strong></span> <span class='ocrx_word' id='word_1_176' title='bbox 770 2215 866 2253; x_wconf 78' lang='lat' dir='ltr'><strong>R.d0</strong></span> <span class='ocrx_word' id='word_1_177' title='bbox 897 2229 950 2254; x_wconf 87' lang='lat' dir='ltr'><strong>en</strong></span> <span class='ocrx_word' id='word_1_178' title='bbox 970 2217 1084 2267; x_wconf 90' lang='lat' dir='ltr'><strong>Xpo.</strong></span> <span class='ocrx_word' id='word_1_179' title='bbox 1110 2218 1182 2256; x_wconf 71' lang='lat' dir='ltr'><strong>Re</strong></span> <span class='ocrx_word' id='word_1_180' title='bbox 1214 2218 1303 2255; x_wconf 82' lang='lat' dir='ltr'><strong>Pax</strong></span> <span class='ocrx_word' id='word_1_181' title='bbox 1326 2217 1502 2265; x_wconf 90' lang='lat' dir='ltr'><strong>Christi,</strong></span> <span class='ocrx_word' id='word_1_182' title='bbox 1528 2223 1613 2256; x_wconf 83' lang='lat' dir='ltr'><strong>etc.</strong></span> <span class='ocrx_word' id='word_1_183' title='bbox 1638 2218 1889 2269; x_wconf 64' lang='lat' dir='ltr'><strong>Fuercanos</strong></span> <span class='ocrx_word' id='word_1_184' title='bbox 1920 2218 1962 2256; x_wconf 91' lang='lat' dir='ltr'><strong>la</strong></span> 
     </span>
     <span class='ocr_line' id='line_1_26' title="bbox 327 2285 1961 2341; baseline 0.004 -19"><span class='ocrx_word' id='word_1_185' title='bbox 327 2287 461 2335; x_wconf 61' lang='lat' dir='ltr'><strong>raeon</strong></span> <span class='ocrx_word' id='word_1_186' title='bbox 482 2285 571 2335; x_wconf 85' lang='lat' dir='ltr'><strong>yla</strong></span> <span class='ocrx_word' id='word_1_187' title='bbox 593 2285 846 2324; x_wconf 85' lang='lat' dir='ltr'><strong>obedientia</strong></span> <span class='ocrx_word' id='word_1_188' title='bbox 866 2299 891 2324; x_wconf 88' lang='lat' dir='ltr'><strong>a</strong></span> <span class='ocrx_word' id='word_1_189' title='bbox 911 2288 1043 2325; x_wconf 85' lang='lat' dir='ltr'><strong>hazer</strong></span> <span class='ocrx_word' id='word_1_190' title='bbox 1066 2288 1194 2326; x_wconf 89' lang='lat' dir='ltr'><strong>saber</strong></span> <span class='ocrx_word' id='word_1_191' title='bbox 1226 2301 1250 2326; x_wconf 90' lang='lat' dir='ltr'><strong>a</strong></span> <span class='ocrx_word' id='word_1_192' title='bbox 1278 2290 1330 2327; x_wconf 91' lang='lat' dir='ltr'><strong>V.</strong></span> <span class='ocrx_word' id='word_1_193' title='bbox 1366 2289 1412 2327; x_wconf 83' lang='lat' dir='ltr'><strong>P.</strong></span> <span class='ocrx_word' id='word_1_194' title='bbox 1445 2290 1508 2327; x_wconf 86' lang='lat' dir='ltr'><strong>las</strong></span> <span class='ocrx_word' id='word_1_195' title='bbox 1540 2301 1666 2328; x_wconf 85' lang='lat' dir='ltr'><strong>cosas</strong></span> <span class='ocrx_word' id='word_1_196' title='bbox 1697 2302 1781 2340; x_wconf 88' lang='lat' dir='ltr'><strong>que</strong></span> <span class='ocrx_word' id='word_1_197' title='bbox 1812 2301 1891 2341; x_wconf 91' lang='lat' dir='ltr'><strong>por</strong></span> <span class='ocrx_word' id='word_1_198' title='bbox 1921 2290 1961 2328; x_wconf 89' lang='lat' dir='ltr'><strong>la</strong></span> 
     </span>
     <span class='ocr_line' id='line_1_27' title="bbox 327 2355 1960 2411; baseline 0.004 -18"><span class='ocrx_word' id='word_1_199' title='bbox 327 2355 504 2394; x_wconf 88' lang='lat' dir='ltr'><strong>bondad</strong></span> <span class='ocrx_word' id='word_1_200' title='bbox 535 2356 589 2394; x_wconf 87' lang='lat' dir='ltr'><strong>de</strong></span> <span class='ocrx_word' id='word_1_201' title='bbox 623 2357 661 2394; x_wconf 94' lang='lat' dir='ltr'><strong>el</strong></span> <span class='ocrx_word' id='word_1_202' title='bbox 692 2357 833 2395; x_wconf 74' lang='lat' dir='ltr'><strong>Sefior</strong></span> <span class='ocrx_word' id='word_1_203' title='bbox 865 2370 912 2395; x_wconf 88' lang='lat' dir='ltr'><strong>se</strong></span> <span class='ocrx_word' id='word_1_204' title='bbox 936 2359 1072 2396; x_wconf 85' lang='lat' dir='ltr'><strong>obran</strong></span> <span class='ocrx_word' id='word_1_205' title='bbox 1096 2364 1191 2397; x_wconf 86' lang='lat' dir='ltr'><strong>este</strong></span> <span class='ocrx_word' id='word_1_206' title='bbox 1215 2360 1421 2411; x_wconf 84' lang='lat' dir='ltr'><strong>collegio.</strong></span> <span class='ocrx_word' id='word_1_207' title='bbox 1449 2360 1624 2409; x_wconf 77' lang='lat' dir='ltr'><strong>Quanto</strong></span> <span class='ocrx_word' id='word_1_208' title='bbox 1647 2373 1672 2398; x_wconf 92' lang='lat' dir='ltr'><strong>a</strong></span> <span class='ocrx_word' id='word_1_209' title='bbox 1692 2361 1759 2399; x_wconf 93' lang='lat' dir='ltr'><strong>los</strong></span> <span class='ocrx_word' id='word_1_210' title='bbox 1781 2360 1836 2399; x_wconf 93' lang='lat' dir='ltr'><strong>de</strong></span> <span class='ocrx_word' id='word_1_211' title='bbox 1859 2373 1960 2400; x_wconf 84' lang='lat' dir='ltr'><strong>casa</strong></span> 
     </span>
     <span class='ocr_line' id='line_1_28' title="bbox 312 2427 1958 2482; baseline 0.004 -18"><span class='ocrx_word' id='word_1_212' title='bbox 312 2427 472 2480; x_wconf 78' lang='lat' dir='ltr'><strong>todos,</strong></span> <span class='ocrx_word' id='word_1_213' title='bbox 497 2427 637 2478; x_wconf 80' lang='lat' dir='ltr'><strong>gloria</strong></span> <span class='ocrx_word' id='word_1_214' title='bbox 657 2440 682 2466; x_wconf 88' lang='lat' dir='ltr'><strong>a</strong></span> <span class='ocrx_word' id='word_1_215' title='bbox 703 2428 824 2476; x_wconf 87' lang='lat' dir='ltr'><strong>Dios,</strong></span> <span class='ocrx_word' id='word_1_216' title='bbox 848 2428 998 2467; x_wconf 87' lang='lat' dir='ltr'><strong>tienen</strong></span> <span class='ocrx_word' id='word_1_217' title='bbox 1020 2430 1157 2468; x_wconf 87' lang='lat' dir='ltr'><strong>salud.</strong></span> <span class='ocrx_word' id='word_1_218' title='bbox 1183 2430 1232 2468; x_wconf 90' lang='lat' dir='ltr'><strong>El</strong></span> <span class='ocrx_word' id='word_1_219' title='bbox 1254 2430 1325 2469; x_wconf 78' lang='lat' dir='ltr'><strong>dia</strong></span> <span class='ocrx_word' id='word_1_220' title='bbox 1346 2430 1401 2469; x_wconf 89' lang='lat' dir='ltr'><strong>de</strong></span> <span class='ocrx_word' id='word_1_221' title='bbox 1423 2431 1558 2470; x_wconf 86' lang='lat' dir='ltr'><strong>Sanet</strong></span> <span class='ocrx_word' id='word_1_222' title='bbox 1580 2432 1719 2469; x_wconf 88' lang='lat' dir='ltr'><strong>Lucas</strong></span> <span class='ocrx_word' id='word_1_223' title='bbox 1741 2444 1789 2469; x_wconf 88' lang='lat' dir='ltr'><strong>se</strong></span> <span class='ocrx_word' id='word_1_224' title='bbox 1817 2431 1958 2482; x_wconf 90' lang='lat' dir='ltr'><strong>predi-</strong></span> 
     </span>
     <span class='ocr_line' id='line_1_29' title="bbox 329 2498 1960 2553; baseline 0.004 -18"><span class='ocrx_word' id='word_1_225' title='bbox 329 2500 380 2536; x_wconf 83' lang='lat' dir='ltr'><strong>co</strong></span> <span class='ocrx_word' id='word_1_226' title='bbox 406 2511 458 2536; x_wconf 90' lang='lat' dir='ltr'><strong>en</strong></span> <span class='ocrx_word' id='word_1_227' title='bbox 480 2498 584 2536; x_wconf 78' lang='lat' dir='ltr'><strong>latin</strong></span> <span class='ocrx_word' id='word_1_228' title='bbox 607 2511 660 2537; x_wconf 90' lang='lat' dir='ltr'><strong>en</strong></span> <span class='ocrx_word' id='word_1_229' title='bbox 681 2506 861 2538; x_wconf 83' lang='lat' dir='ltr'><strong>nuestra</strong></span> <span class='ocrx_word' id='word_1_230' title='bbox 880 2500 1050 2551; x_wconf 80' lang='lat' dir='ltr'><strong>iglesia,</strong></span> <span class='ocrx_word' id='word_1_231' title='bbox 1075 2501 1221 2540; x_wconf 90' lang='lat' dir='ltr'><strong>donde</strong></span> <span class='ocrx_word' id='word_1_232' title='bbox 1252 2515 1300 2540; x_wconf 90' lang='lat' dir='ltr'><strong>se</strong></span> <span class='ocrx_word' id='word_1_233' title='bbox 1330 2502 1526 2541; x_wconf 90' lang='lat' dir='ltr'><strong>hallaron</strong></span> <span class='ocrx_word' id='word_1_234' title='bbox 1547 2503 1726 2541; x_wconf 87' lang='lat' dir='ltr'><strong>muchas</strong></span> <span class='ocrx_word' id='word_1_235' title='bbox 1747 2515 1960 2553; x_wconf 86' lang='lat' dir='ltr'><strong>personas</strong></span> 
     </span>
     <span class='ocr_line' id='line_1_30' title="bbox 329 2569 1958 2624; baseline 0.004 -18"><span class='ocrx_word' id='word_1_236' title='bbox 329 2569 586 2607; x_wconf 86' lang='lat' dir='ltr'><strong>entendidas</strong></span> <span class='ocrx_word' id='word_1_237' title='bbox 610 2584 636 2620; x_wconf 93' lang='lat' dir='ltr'>y</span> <span class='ocrx_word' id='word_1_238' title='bbox 658 2570 827 2617; x_wconf 81' lang='lat' dir='ltr'><strong>doctas,</strong></span> <span class='ocrx_word' id='word_1_239' title='bbox 852 2584 881 2618; x_wconf 64' lang='lat' dir='ltr'><strong>a,</strong></span> <span class='ocrx_word' id='word_1_240' title='bbox 906 2573 972 2610; x_wconf 85' lang='lat' dir='ltr'><strong>los</strong></span> <span class='ocrx_word' id='word_1_241' title='bbox 1002 2574 1154 2623; x_wconf 89' lang='lat' dir='ltr'><strong>quales</strong></span> <span class='ocrx_word' id='word_1_242' title='bbox 1185 2573 1349 2624; x_wconf 77' lang='lat' dir='ltr'><strong>agrado</strong></span> <span class='ocrx_word' id='word_1_243' title='bbox 1383 2574 1541 2612; x_wconf 85' lang='lat' dir='ltr'><strong>mueho</strong></span> <span class='ocrx_word' id='word_1_244' title='bbox 1575 2574 1614 2612; x_wconf 94' lang='lat' dir='ltr'><strong>el</strong></span> <span class='ocrx_word' id='word_1_245' title='bbox 1645 2576 1821 2612; x_wconf 79' lang='lat' dir='ltr'><strong>sermon</strong></span> <span class='ocrx_word' id='word_1_246' title='bbox 1850 2574 1883 2612; x_wconf 79' lang='lat' dir='ltr'><strong>a:</strong></span> <span class='ocrx_word' id='word_1_247' title='bbox 1917 2574 1958 2613; x_wconf 92' lang='lat' dir='ltr'><strong>lo</strong></span> 
     </span>
    </p>
   </div>
   <div class='ocr_carea' id='block_1_8' title="bbox 374 2706 700 2744">
    <p class='ocr_par' dir='ltr' id='par_1_10' title="bbox 374 2706 700 2744">
     <span class='ocr_line' id='line_1_31' title="bbox 374 2706 700 2744; baseline -0.006 0"><span class='ocrx_word' id='word_1_248' title='bbox 374 2706 394 2726; x_wconf 86' lang='lat' dir='ltr'><strong>a</strong></span> <span class='ocrx_word' id='word_1_249' title='bbox 443 2719 599 2744; x_wconf 86' lang='lat' dir='ltr'><strong>sermor</strong></span> <span class='ocrx_word' id='word_1_250' title='bbox 620 2717 700 2743; x_wconf 84' lang='lat' dir='ltr'><strong>ms.</strong></span> 
     </span>
    </p>
   </div>
   <div class='ocr_carea' id='block_1_9' title="bbox 328 2837 1958 3115">
    <p class='ocr_par' dir='ltr' id='par_1_11' title="bbox 378 2837 1269 2885">
     <span class='ocr_line' id='line_1_32' title="bbox 378 2837 1269 2885; baseline 0 -9"><span class='ocrx_word' id='word_1_251' title='bbox 378 2841 385 2859; x_wconf 86' lang='lat'>¹</span> <span class='ocrx_word' id='word_1_252' title='bbox 442 2838 504 2876; x_wconf 80' lang='lat' dir='ltr'><strong>Cf.</strong></span> <span class='ocrx_word' id='word_1_253' title='bbox 533 2839 629 2875; x_wconf 81' lang='lat' dir='ltr'><strong>Litt.</strong></span> <span class='ocrx_word' id='word_1_254' title='bbox 650 2838 902 2885; x_wconf 56' lang='lat' dir='ltr'><strong>Quadrlm„</strong></span> <span class='ocrx_word' id='word_1_255' title='bbox 925 2837 978 2881; x_wconf 76' lang='lat' dir='ltr'><strong>V,</strong></span> <span class='ocrx_word' id='word_1_256' title='bbox 999 2839 1056 2881; x_wconf 75' lang='lat'><strong>70.</strong></span> <span class='ocrx_word' id='word_1_257' title='bbox 1079 2845 1216 2877; x_wconf 88' lang='lat' dir='ltr'><strong>annot.</strong></span> <span class='ocrx_word' id='word_1_258' title='bbox 1236 2839 1269 2876; x_wconf 89' lang='lat'><strong>2.</strong></span> 
     </span>
    </p>

    <p class='ocr_par' dir='ltr' id='par_1_12' title="bbox 328 2898 1958 3115">
     <span class='ocr_line' id='line_1_33' title="bbox 376 2898 1957 2947; baseline 0.002 -12"><span class='ocrx_word' id='word_1_259' title='bbox 376 2898 390 2918; x_wconf 76' lang='lat'><strong>²</strong></span> <span class='ocrx_word' id='word_1_260' title='bbox 440 2898 501 2935; x_wconf 85' lang='lat' dir='ltr'><strong>Ex</strong></span> <span class='ocrx_word' id='word_1_261' title='bbox 520 2903 679 2944; x_wconf 84' lang='lat' dir='ltr'><strong>autogr.</strong></span> <span class='ocrx_word' id='word_1_262' title='bbox 701 2898 739 2934; x_wconf 88' lang='lat' dir='ltr'><strong>in</strong></span> <span class='ocrx_word' id='word_1_263' title='bbox 759 2899 844 2934; x_wconf 84' lang='lat' dir='ltr'><strong>eod.</strong></span> <span class='ocrx_word' id='word_1_264' title='bbox 868 2898 995 2944; x_wconf 75' lang='lat' dir='ltr'><strong>Hz&#39;sp.</strong></span> <span class='ocrx_word' id='word_1_265' title='bbox 1021 2898 1087 2944; x_wconf 87' lang='lat'><strong>97,</strong></span> <span class='ocrx_word' id='word_1_266' title='bbox 1116 2898 1138 2935; x_wconf 81' lang='lat'>2</span> <span class='ocrx_word' id='word_1_267' title='bbox 1164 2899 1222 2941; x_wconf 65' lang='lat' dir='ltr'><strong>ff„</strong></span> <span class='ocrx_word' id='word_1_268' title='bbox 1255 2912 1323 2937; x_wconf 90' lang='lat' dir='ltr'><strong>nn.</strong></span> <span class='ocrx_word' id='word_1_269' title='bbox 1352 2900 1410 2941; x_wconf 82' lang='lat'><strong>43,</strong></span> <span class='ocrx_word' id='word_1_270' title='bbox 1442 2900 1502 2943; x_wconf 69' lang='lat'><strong>443</strong></span> <span class='ocrx_word' id='word_1_271' title='bbox 1534 2899 1644 2947; x_wconf 87' lang='lat' dir='ltr'><strong>prius</strong></span> <span class='ocrx_word' id='word_1_272' title='bbox 1678 2900 1757 2938; x_wconf 81' lang='lat'><strong>153.</strong></span> <span class='ocrx_word' id='word_1_273' title='bbox 1789 2900 1957 2947; x_wconf 85' lang='lat' dir='ltr'><strong>Ibidem,</strong></span> 
     </span>
     <span class='ocr_line' id='line_1_34' title="bbox 329 2958 1958 3006; baseline 0.001 -11"><span class='ocrx_word' id='word_1_274' title='bbox 329 2958 394 2995; x_wconf 86' lang='lat' dir='ltr'><strong>fol.</strong></span> <span class='ocrx_word' id='word_1_275' title='bbox 427 2958 469 2994; x_wconf 70' lang='lat'><strong>41</strong></span> <span class='ocrx_word' id='word_1_276' title='bbox 504 2963 635 2994; x_wconf 81' lang='lat' dir='ltr'><strong>exstat</strong></span> <span class='ocrx_word' id='word_1_277' title='bbox 667 2958 898 3004; x_wconf 82' lang='lat' dir='ltr'><strong>exemplum</strong></span> <span class='ocrx_word' id='word_1_278' title='bbox 927 2958 1096 2995; x_wconf 82' lang='lat' dir='ltr'><strong>latinum</strong></span> <span class='ocrx_word' id='word_1_279' title='bbox 1116 2972 1138 2995; x_wconf 85' lang='lat' dir='ltr'><strong>a</strong></span> <span class='ocrx_word' id='word_1_280' title='bbox 1158 2959 1201 2996; x_wconf 82' lang='lat' dir='ltr'><strong>P.</strong></span> <span class='ocrx_word' id='word_1_281' title='bbox 1225 2958 1376 3004; x_wconf 85' lang='lat' dir='ltr'><strong>Joanne</strong></span> <span class='ocrx_word' id='word_1_282' title='bbox 1396 2958 1604 2996; x_wconf 76' lang='lat' dir='ltr'><strong>Bonifacio</strong></span> <span class='ocrx_word' id='word_1_283' title='bbox 1622 2959 1829 3006; x_wconf 84' lang='lat' dir='ltr'><strong>scriptum.</strong></span> <span class='ocrx_word' id='word_1_284' title='bbox 1850 2959 1958 2997; x_wconf 89' lang='lat' dir='ltr'><strong>Fere</strong></span> 
     </span>
     <span class='ocr_line' id='line_1_35' title="bbox 330 3017 1957 3068; baseline 0.002 -14"><span class='ocrx_word' id='word_1_285' title='bbox 330 3018 472 3054; x_wconf 90' lang='lat' dir='ltr'><strong>eadem</strong></span> <span class='ocrx_word' id='word_1_286' title='bbox 492 3018 670 3054; x_wconf 85' lang='lat' dir='ltr'><strong>continet</strong></span> <span class='ocrx_word' id='word_1_287' title='bbox 689 3017 768 3053; x_wconf 84' lang='lat' dir='ltr'><strong>alia</strong></span> <span class='ocrx_word' id='word_1_288' title='bbox 790 3017 959 3063; x_wconf 87' lang='lat' dir='ltr'><strong>epistola</strong></span> <span class='ocrx_word' id='word_1_289' title='bbox 980 3018 1177 3065; x_wconf 85' lang='lat' dir='ltr'><strong>Gasparis</strong></span> <span class='ocrx_word' id='word_1_290' title='bbox 1198 3018 1346 3055; x_wconf 88' lang='lat' dir='ltr'><strong>Astete</strong></span> <span class='ocrx_word' id='word_1_291' title='bbox 1366 3018 1430 3056; x_wconf 90' lang='lat' dir='ltr'><strong>die</strong></span> <span class='ocrx_word' id='word_1_292' title='bbox 1455 3019 1478 3055; x_wconf 86' lang='grc'>4</span> <span class='ocrx_word' id='word_1_293' title='bbox 1500 3018 1684 3066; x_wconf 86' lang='lat' dir='ltr'><strong>Januarii</strong></span> <span class='ocrx_word' id='word_1_294' title='bbox 1712 3019 1819 3064; x_wconf 84' lang='lat' dir='ltr'><strong>data,</strong></span> <span class='ocrx_word' id='word_1_295' title='bbox 1852 3033 1957 3068; x_wconf 90' lang='lat' dir='ltr'><strong>quae</strong></span> 
     </span>
     <span class='ocr_line' id='line_1_36' title="bbox 328 3076 1026 3115; baseline 0 -1"><span class='ocrx_word' id='word_1_296' title='bbox 328 3077 534 3114; x_wconf 87' lang='lat' dir='ltr'><strong>invenitur</strong></span> <span class='ocrx_word' id='word_1_297' title='bbox 552 3076 592 3114; x_wconf 91' lang='lat' dir='ltr'><strong>in</strong></span> <span class='ocrx_word' id='word_1_298' title='bbox 612 3077 753 3114; x_wconf 90' lang='lat' dir='ltr'><strong>eodem</strong></span> <span class='ocrx_word' id='word_1_299' title='bbox 772 3077 857 3113; x_wconf 88' lang='lat' dir='ltr'><strong>cod.</strong></span> <span class='ocrx_word' id='word_1_300' title='bbox 879 3076 947 3114; x_wconf 76' lang='lat' dir='ltr'><strong>fol.</strong></span> <span class='ocrx_word' id='word_1_301' title='bbox 972 3077 1026 3115; x_wconf 83' lang='lat'><strong>18.</strong></span> 
     </span>
    </p>
   </div>
  </div>
 </body>
</html>
