2038 3400
328 249 399 288 556
813 250 1000 288 LITTERA
1009 263 1033 288 E
1060 251 1415 297 QUADRIMESTRES

283 365 339 390 no
359 352 385 399 ¹,
405 352 727 402 instructissimj
747 353 976 404 aliquando
997 353 1156 402 Christj
1181 353 1341 392 milites
1362 354 1591 404 prodeant,
1609 354 1681 404 qui
1702 354 1745 391 in
1762 355 1909 393 catho-

283 424 367 462 lica
402 429 445 462 et
481 437 585 462 uera
620 425 834 475 religione
866 438 890 463 a
919 425 1085 463 teneris
1120 425 1241 462 annis
1268 425 1438 475 imbutj,
1465 430 1507 463 et
1530 432 1683 464 contra
1705 426 1910 464 uitiorum

284 508 423 546 genus
462 508 590 534 omne
622 495 793 545 armatj,
825 509 903 547 pro
936 497 1096 545 Christj
1131 509 1317 546 corpore
1348 497 1632 535 fortissimum
1664 510 1710 535 se
1742 510 1909 535 murum

285 574 437 605 contra
460 580 612 605 omnes
644 567 804 617 diabolj
835 573 879 605 et
900 569 1194 606 membrorum
1219 567 1312 605 eius
1329 568 1674 607 machinationes
1696 568 1911 620 intrepide

283 638 514 690 aliquando
539 638 768 688 obijciant?

335 723 373 760 4.
434 709 524 749 Sed
545 717 723 750 transeo
747 723 863 749 nunc
884 711 937 749 ad
960 711 1207 758 contiones,
1232 724 1343 761 quae
1368 716 1411 750 et
1441 713 1561 763 ipsae
1591 726 1678 751 non
1710 713 1913 763 exiguam

284 782 528 820 studiorum
564 786 815 820 nostrorum
846 782 1095 833 portionem
1127 783 1367 833 requirunt.
1405 783 1623 834 Coeptum
1655 796 1679 821 a
1711 783 1838 821 nobis
1872 783 1913 820 in

285 854 562 892 ornatissimo
588 859 632 892 et
664 855 949 905 capacissimo
986 855 1070 892 hoc
1106 856 1269 905 templo
1305 860 1457 893 nostro
1495 855 1745 893 concionari
1779 855 1914 906 prima

283 926 503 964 dominica
523 926 756 974 aduentus,
782 930 825 964 et
847 926 1007 964 deinde
1029 927 1070 964 in
1092 925 1357 977 quotidianis
1379 927 1657 964 contionibus
1678 926 1839 964 ibidem
1861 926 1914 964 ad

283 999 397 1036 festa
419 1012 556 1049 usque
578 998 774 1036 natalitia
793 999 1099 1049 perseuerauit
1122 998 1238 1036 R.du⁵
1266 999 1313 1037 P.
1339 999 1562 1037 Martinus.
1595 1000 1758 1036 Postea
1779 998 1914 1036 domi-

283 1070 391 1107 nicis
413 1074 583 1107 tantum
606 1074 651 1108 et
672 1069 797 1107 festis
819 1070 974 1108 diebus
996 1070 1049 1108 ab
1078 1069 1236 1107 eodem
1270 1070 1500 1108 contiones
1531 1070 1585 1108 ad
1614 1071 1821 1121 populum
1843 1071 1914 1108 ha-

283 1141 401 1179 bitae
432 1154 570 1191 usque
592 1141 647 1179 ad
669 1154 817 1180 sacrae
840 1142 967 1180 huius
988 1148 1100 1191 40.²¹e
1121 1142 1306 1189 initium3
1335 1156 1390 1181 ex
1412 1155 1497 1192 quo
1521 1143 1819 1194 quotidianum
1841 1141 1914 1180 de—

283 1226 369 1251 nuo
402 1212 691 1251 concionandi
713 1213 732 1231 a
752 1214 947 1251 laborem
980 1213 1127 1262 subijt.
1152 1212 1339 1251 Accedit
1367 1219 1514 1252 autem
1549 1213 1603 1252 ad
1634 1214 1766 1263 diuinj
1791 1214 1914 1252 uerbi

282 1284 658 1336 praedicationem
679 1290 767 1322 tam
788 1284 995 1334 frequens
1018 1285 1265 1323 auditorum
1288 1299 1509 1332 numerus,
1530 1291 1575 1323 ut
1592 1286 1915 1336 frequentiores

284 1357 356 1395 uix
380 1362 596 1407 optemus
621 1356 732 1394 Nam
753 1356 877 1394 festis
899 1356 1075 1407 quidem
1098 1356 1253 1395 diebus
1276 1357 1405 1394 millia
1429 1357 1595 1407 aliquot
1615 1369 1846 1395 numerare
1868 1357 1913 1395 li-

284 1434 396 1476 ceat,
436 1428 634 1479 operosis
670 1440 794 1475 uero,
831 1441 919 1465 non
950 1441 1110 1479 paucas
1144 1428 1275 1466 etiam
1308 1429 1544 1476 centurias3
1577 1434 1739 1466 tantam
1769 1434 1915 1467 autem

283 1504 477 1551 praestat
499 1499 645 1538 diuina
665 1500 839 1537 bonitas
862 1500 1163 1549 concionatorj
1198 1500 1283 1537 uim
1308 1506 1352 1538 et
1373 1500 1627 1538 facultatem
1643 1500 1678 1547 b,
1704 1506 1794 1538 tum
1823 1512 1914 1538 cor-

282 1573 401 1623 poris
424 1572 555 1610 etiam
578 1572 710 1619 uires,
735 1577 782 1609 ut
802 1585 880 1622 pro
904 1572 970 1609 his
1001 1584 1195 1610 summae
1228 1585 1252 1609 a
1281 1572 1408 1610 nobis
1437 1572 1594 1610 merito
1617 1573 1785 1623 gratiae
1805 1572 1916 1623 patri

283 1643 464 1693 caelestj
498 1644 583 1681 sint
618 1642 897 1681 referendae.
923 1644 1106 1680 Praeter
1128 1643 1233 1681 istas
1256 1648 1402 1681 autem
1427 1641 1665 1681 ordinarias
1686 1643 1728 1680 in
1751 1643 1914 1693 templo

282 1721 434 1755 nostro
458 1716 704 1761 contiones,
729 1715 839 1753 aliae
859 1715 989 1753 etiam
1012 1716 1065 1753 ab
1089 1716 1249 1753 eodem
1271 1716 1368 1753 Pre.
1395 1728 1541 1753 coram
1563 1715 1779 1753 illustriss.
1804 1715 1915 1753 duce

284 1787 465 1838 eiusque
482 1787 644 1824 familia
664 1787 841 1824 habitae
873 1792 988 1833 sunt3
1027 1791 1070 1824 et
1102 1786 1213 1825 duae
1245 1786 1421 1837 quidem
1453 1786 1633 1837 singulis
1664 1786 1917 1837 septimanis

284 1871 422 1910 usque
444 1857 497 1897 ad
518 1865 645 1908 40.²¹m
678 1859 965 1909 Quantopere
988 1863 1135 1896 autem
1162 1871 1247 1896 sua
1280 1858 1496 1897 celsitudo
1521 1866 1536 1883 0
1567 1859 1660 1895 istis
1682 1857 1915 1896 aedificata

286 1935 331 1968 et
354 1930 581 1970 oblectata
604 1929 622 1954 d
649 1929 718 1976 sit,
743 1942 830 1967 non
863 1930 1050 1967 obscure
1072 1928 1280 1980 prodidit,
1305 1928 1406 1967 dum
1428 1929 1556 1966 aliurn
1578 1934 1730 1967 nostro
1752 1930 1915 1979 templo

285 2002 388 2040 dare
424 2001 801 2048 concionatorem,
837 2006 880 2038 et
912 2001 993 2038 sibi
1022 2005 1222 2038 nostrum
1252 2000 1334 2038 hac
1369 2000 1705 2051 quadragesima
1738 2013 1916 2039 seruare

283 2074 411 2125 plane
434 2073 740 2119 constituerat;
763 2078 919 2123 postea
939 2077 1100 2119 tamen,
1134 2071 1424 2110 vniuersalius
1453 2073 1616 2110 bonum
1637 2072 1808 2123 priuato
1837 2085 1914 2110 suo

283 2144 555 2195 praeferens,
580 2157 603 2182 a
626 2144 677 2182 D.
704 2143 962 2193 consiliarijs
985 2143 1130 2193 inducj
1151 2157 1196 2182 se
1215 2157 1368 2194 passus
1391 2147 1472 2190 est,
1497 2148 1543 2181 ut
1565 2142 1741 2182 solitum
1758 2143 1916 2181 retine-

285 2222 352 2255 ret
388 2217 598 2267 templum
634 2216 719 2254 hoc
752 2222 951 2253 nostrum
988 2216 1366 2254 concionatorem.
1405 2216 1511 2253 Post
1541 2215 1704 2266 pascha
1735 2228 1841 2266 ergo
1875 2215 1917 2253 in

287 2288 468 2327 materia
489 2293 880 2334 sacramentorum,
904 2300 1088 2338 quorum
1113 2292 1314 2325 exactam
1347 2286 1496 2338 coepit
1525 2287 1578 2325 R.
1612 2287 1661 2325 P.
1694 2288 1916 2325 tractatio-

284 2361 384 2399 nein
408 2372 557 2398 coram
578 2372 664 2397 sua
687 2358 951 2398 celsitudine
979 2366 1011 2405 θ,
1043 2359 1118 2396 fiet
1139 2371 1415 2409 progressus.

338 2440 374 2480 5.
436 2431 502 2468 De
524 2430 669 2468 fructu
693 2443 748 2468 ex
780 2429 1149 2476 confessionibus,
1183 2430 1433 2468 carceribus
1456 2434 1499 2467 et
1531 2428 1822 2477 xenodochijs
1852 2440 1916 2466 re-

283 2504 388 2549 lato,
422 2502 527 2539 alias
560 2502 836 2551 oportunius,
859 2514 956 2538 nam
978 2501 1019 2539 in
1041 2500 1106 2539 his
1127 2500 1350 2551 principijs
1371 2501 1413 2538 in
1434 2501 1520 2538 hoc
1540 2500 1727 2538 maxime
1749 2500 1916 2537 labora-

284 2587 393 2620 mus,
418 2578 464 2610 ut
485 2573 647 2623 populo
671 2572 908 2610 Societatis
935 2572 1214 2610 innotescant
1246 2571 1473 2618 exercitia,
1497 2583 1625 2622 quae,
1650 2583 1747 2608 cum
1767 2570 1917 2620 paucis

284 2647 498 2684 hactenus
521 2644 701 2695 cognita
731 2644 830 2690 sint,
864 2642 905 2680 in
935 2656 1175 2694 paucorum
1207 2643 1337 2681 etiam
1369 2643 1602 2681 utilitatem
1633 2642 1832 2692 conuertj
1866 2655 1918 2680 ea

283 2720 539 2769 potuerunt3
573 2729 726 2754 verum
758 2714 942 2753 diffundi
971 2716 1131 2766 passim
1161 2727 1277 2753 nunc
1302 2715 1453 2766 incipit
1473 2715 1614 2753 bonus
1637 2715 1746 2754 odor
1767 2716 1917 2754 Socie-

331 2867 351 2887 a
401 2866 556 2904 Praec.
593 2877 632 2903 v.
671 2865 778 2902 add.
815 2866 861 2902 in
899 2875 1039 2911 marg.
1134 2866 1199 2891 —b
1243 2863 1525 2901 facultatatem
1560 2875 1640 2901 ms.
1722 2872 1786 2890 -0
1829 2864 1914 2902 ille.

287 2928 353 2953 —d
379 2925 661 2964 aedificatus...
681 2925 922 2962 oblectatus.
977 2932 1041 2951 -e
1068 2924 1262 2972 principe.

336 3073 344 3092 ¹
399 3069 463 3108 Cf.
486 3069 645 3114 VERG.,
667 3069 863 3114 Aenez'd.,
883 3068 933 3114 ΙΙ,
957 3070 1000 3106 10
1016 3083 1103 3117 sqq.
