2038 3400
323 281 393 319 712
791 281 1014 318 LITTERAE
1042 280 1399 326 QUADR1MESTRES

277 384 390 424 Huic
413 392 480 424 est
501 386 675 437 quidam
708 386 815 424 ciuis
849 391 892 422 et
924 389 1241 422 conterraneus
1273 382 1552 427 adolescens,
1585 381 1783 431 proxima
1812 391 1913 431 qua-

276 457 524 508 dragesima
554 458 709 496 artium
740 455 948 507 magister
980 455 1166 499 futurus,
1199 454 1270 504 quj
1303 453 1477 491 uidetur
1507 452 1662 490 eadem
1685 459 1703 476 ³
1725 451 1915 501 uestigia

278 529 590 579 insequuturus
615 531 639 566 ¹.
665 529 860 577 Vterque
885 534 1030 564 autem
1055 525 1169 576 apud
1190 538 1271 562 nos
1293 523 1515 562 biennium
1547 524 1651 574 egit.
1686 524 1762 561 Est
1793 534 1914 573 prae-

277 606 402 638 terea
421 601 530 637 alius
552 599 897 638 buscoducensis
920 604 1121 648 tempore
1154 595 1314 634 eodem
1345 608 1431 646 quo
1463 596 1534 633 hic
1568 593 1912 645 promouendus,

279 671 349 721 quj
383 672 657 710 Societatem
690 678 757 708 est
788 671 1029 721 ingressus,
1059 668 1322 706 adolescens
1345 666 1537 705 musicae
1560 665 1768 716 imprimis
1789 664 1915 703 ualde

279 743 462 794 peritus,
503 748 546 780 et
584 743 687 781 satis
718 747 899 780 naturae
938 740 1114 778 dotibus
1145 739 1385 778 instructus
1420 738 1446 776 ².
1486 738 1595 776 Sunt
1627 737 1816 787 denique
1847 736 1915 786 alij

282 815 412 853 etiam
434 815 753 866 quamplurimj,
779 814 849 865 quj
873 826 960 851 non
983 818 1082 850 sunt
1102 812 1255 863 procul
1278 824 1302 848 a
1323 823 1461 862 regno
1484 810 1583 859 Dej,
1605 810 1808 860 exemplo
1826 815 1917 847 tum

281 892 635 938 praeceptorum,
669 894 759 924 tuln
792 884 1191 935 condiscipulorum
1223 882 1276 920 ad
1305 883 1432 932 Xpm.
1465 880 1785 931 insequendum
1816 880 1918 918 inci-

283 960 377 1008 tatj.
404 961 596 999 Cauetur
620 964 767 996 autem
789 958 874 1004 hic,
898 969 952 994 ne
976 957 1070 1008 quis
1101 967 1363 1006 quemquam
1395 953 1449 991 ad
1478 953 1715 991 Societatis
1749 953 1918 990 institu-

281 1034 373 1069 tum
405 1031 682 1077 adhortetur;
713 1031 783 1080 quj
817 1029 977 1079 alioquj
1008 1040 1138 1066 secus
1158 1027 1342 1066 faceret.
1366 1038 1453 1063 non
1475 1025 1650 1074 impune
1672 1023 1827 1062 abiret.
1855 1025 1918 1061 De

284 1102 464 1141 fratrum
502 1108 616 1141 statu
653 1108 698 1141 et
732 1114 930 1147 numero,
965 1100 1035 1150 quj
1069 1098 1284 1138 Coloniae
1321 1101 1663 1143 commorantur,
1696 1097 1747 1134 V.
1783 1096 1830 1134 R.
1864 1108 1918 1133 ex

285 1174 422 1212 literis
444 1172 509 1212 his
531 1174 713 1212 annexis
743 1173 870 1211 facile
905 1170 1099 1222 colliget.
1125 1170 1301 1222 Optime
1333 1168 1537 1207 uidentur
1570 1179 1723 1206 omnes
1753 1167 1916 1214 affecti,

285 1246 442 1296 quibus
464 1244 852 1284 animaduertimus
874 1245 916 1281 in
938 1243 1033 1281 dies
1055 1241 1168 1292 apud
1189 1242 1465 1279 iuuentutem
1488 1239 1664 1277 maioris
1688 1244 1731 1276 et
1753 1238 1919 1289 gratiae

286 1324 328 1355 et
351 1318 599 1356 autoritatis
620 1318 715 1355 fieri
735 1317 1054 1361 accessionem,
1080 1313 1193 1366 apud
1211 1314 1369 1364 vulgus
1390 1316 1538 1350 autem
1559 1311 1917 1349 beneuolentiae.

286 1390 461 1439 Plurimj
487 1389 692 1427 uidentur
714 1402 737 1426 a
760 1389 854 1427 Deo
878 1388 979 1439 Opt.
1006 1389 1119 1425 Max.
1151 1385 1375 1436 praeclara
1397 1383 1511 1422 dona
1542 1383 1596 1421 ad
1621 1382 1920 1434 proximorum

286 1462 472 1500 salutem
504 1460 830 1512 propagandam
863 1459 1143 1510 consequutj,
1178 1464 1221 1496 et
1253 1456 1307 1494 ad
1338 1456 1457 1494 uaria
1483 1455 1721 1494 Societatis
1742 1460 1920 1492 nostrae

288 1533 493 1572 obeunda
515 1532 673 1571 munia.

370 1606 454 1644 Hic
475 1618 622 1643 sumus
642 1616 707 1654 523
725 1611 900 1656 praeter
925 1617 1002 1642 eos
1024 1603 1095 1654 quj
1116 1604 1353 1648 Treueros,
1379 1613 1476 1639 cum
1495 1600 1542 1638 R.
1565 1600 1610 1637 P.
1635 1598 1891 1649 prouincialj
1911 1598 1922 1617 ³

292 1682 390 1715 sunt
412 1677 649 1725 amandatj,
674 1677 744 1727 quj
769 1688 791 1724 3
815 1681 912 1713 sunt
935 1680 961 1721 4,
982 1686 1241 1725 quamquam
1264 1672 1417 1711 annuis
1439 1683 1666 1709 careamus
1702 1669 1920 1707 censibus.

293 1749 590 1787 Conuictores
612 1749 823 1786 habemus
846 1758 911 1796 49,
944 1747 1039 1797 plus
1067 1745 1222 1783 minus.
1256 1741 1531 1782 Scholarium
1553 1748 1700 1780 autem
1716 1752 1923 1778 numerus

290 1834 495 1872 magnum
517 1821 559 1858 in
582 1819 676 1858 dies
698 1820 828 1857 sumit
850 1819 1184 1863 incrementum,
1210 1817 1250 1854 in
1268 1814 1423 1866 quibus
1444 1813 1669 1865 plaerique
1687 1818 1786 1851 sunt
1807 1825 1923 1863 mag-

290 1905 371 1931 nae
414 1890 754 1943 expectationis,
805 1896 849 1927 et
894 1889 1088 1938 nonnullj
1131 1886 1370 1926 illustribus
1411 1886 1494 1935 ortj
1536 1884 1804 1935 parentibus.
1842 1884 1924 1922 Re-

291 1970 495 2004 creantur
516 1964 747 2015 plurimum
778 1962 1004 2000 auditores
1027 1967 1071 1999 et
1102 1960 1343 1998 lectionum
1366 1964 1411 1996 et
1446 1955 1789 2008 disputationum
1812 1955 1924 1994 ordi-

289 2050 360 2083 ne,
399 2037 469 2075 uel
492 2036 681 2074 maxime
718 2047 771 2073 ea
792 2033 1002 2073 methodo
1028 2038 1070 2071 et
1093 2032 1244 2071 solerti
1268 2029 1509 2083 diligentia,
1543 2042 1626 2080 qua
1647 2029 1689 2066 in
1719 2026 1922 2067 docendo

291 2114 470 2147 utuntur
522 2113 855 2158 praeceptores.
906 2104 1310 2144 Declamationibus
1353 2101 1623 2148 domesticis,
1678 2112 1790 2151 quae
1836 2105 1923 2138 tam

291 2193 453 2233 graece
475 2193 602 2230 quam
626 2179 760 2218 latine
782 2179 906 2225 fiunt,
933 2183 976 2217 et
1000 2177 1130 2215 etiam
1161 2175 1368 2222 carmine,
1408 2172 1591 2212 subinde
1624 2172 1807 2210 aliorum
1838 2171 1925 2210 col-

293 2254 509 2305 legiorum
532 2265 690 2303 magna
713 2264 810 2290 cum
832 2249 961 2299 animj
986 2250 1213 2300 uoluptate
1238 2252 1282 2287 et
1305 2246 1511 2298 singularj
1545 2244 1834 2283 admiratione
1865 2244 1924 2281 in-

294 2331 467 2363 tersunt
499 2325 698 2363 studiosi.
734 2325 873 2362 Tanta
905 2328 971 2361 est
1002 2334 1133 2373 porro
1171 2320 1482 2371 discipulorum
1504 2317 1766 2368 frequentia,
1791 2321 1838 2354 ut
1869 2315 1923 2354 de

297 2396 458 2435 scholis
490 2402 562 2434 aut
596 2394 916 2433 commutandis
953 2400 1026 2432 aut
1058 2391 1370 2444 amplificandis
1401 2392 1456 2429 sit
1490 2389 1614 2439 breuj
1648 2386 1926 2440 suscipienda

294 2468 523 2520 cogitatio:
556 2468 732 2505 tametsi
770 2479 847 2504 sex
886 2466 1125 2504 habeamus
1156 2464 1384 2502 distinctas
1425 2462 1602 2508 classes,
1647 2466 1690 2499 et
1728 2460 1924 2511 singulae

340 2635 360 2655 a
388 2635 530 2672 eadem
551 2636 598 2672 in
619 2645 760 2679 marg.

345 2783 351 2801 ¹
405 2779 496 2817 Non
516 2779 786 2825 intelligimus
805 2777 1003 2825 quomodo
1023 2777 1192 2814 Hansen
1212 2774 1446 2812 existimare
1472 2773 1596 2818 possit
1619 2772 1790 2810 indicari
1812 2772 1926 2820 jaco-

294 2842 388 2878 bum
409 2840 551 2877 Muntz
570 2839 873 2881 coloniensem„
894 2838 961 2885 qui
982 2849 1120 2874 mense
1133 2835 1245 2883 Julio
1263 2847 1306 2872 se
1324 2835 1407 2883 jam
1426 2833 1622 2872 Societati
1642 2832 1824 2870 dederat.

343 2903 356 2920 ²
410 2899 642 2937 Everardus
662 2898 999 2935 Buseoducensis.
1022 2896 1085 2934 Cf.
1107 2895 1297 2938 HANSEN,
1318 2893 1388 2932 362
1404 2893 1495 2940 (29).

343 2963 354 2981 ³
406 2960 451 2997 P.
474 2959 709 2996 Everardus
729 2957 1030 2995 Mercurianus.

341 3023 353 3041 ⁴
408 3019 486 3057 PP.
515 3018 694 3066 joannes
726 3017 914 3060 Rhenus,
951 3018 1141 3054 Andreas
1168 3014 1568 3063 Valkenburgensis,
1603 3018 1643 3050 et
1673 3011 1720 3049 fr.
1749 3011 1929 3059 Joannes

296 3081 416 3120 Ekel.
439 3079 567 3123 Ibid..
588 3077 669 3116 359.
