2038 3400
392 392 438 428 66
862 392 1082 433 [nnuma
1109 397 1468 442 QUADRIMESTRES

346 494 481 541 tione,
519 494 560 533 in
596 496 751 547 quibus
782 497 861 535 fuit
893 498 1109 549 integrum
1148 499 1511 539 santimonialium
1549 501 1830 551 coenobium,
1868 517 1977 555 quae

346 579 499 605 omnes
536 568 736 606 confiteri
774 575 817 607 et
853 583 929 620 per
965 583 1115 608 manus
1146 578 1397 610 nostrorum
1429 585 1594 612 sacram
1626 575 1977 613 communionem

344 638 548 689 accipere
571 639 822 678 voluerunt.
849 641 1124 692 Expetuntur
1154 643 1284 681 etiam
1317 643 1454 682 nostri
1486 646 1629 683 multis
1659 645 1699 684 in
1732 646 1839 684 locis
1872 647 1978 684 Mai·-

344 709 437 748 ciae
460 710 531 748 vel
554 709 607 749 ad
629 724 762 761 paces
785 714 1128 763 componendas.
1156 714 1223 752 vel
1256 712 1309 752 ad
1341 714 1597 766 erigendum
1620 730 1780 755 nouum
1804 718 1977 768 aliquod

343 782 595 833 collegium,
624 784 693 820 vel
726 789 770 821 vt
793 784 947 822 saltem
971 784 1042 822 diu
1067 790 1217 835 optata
1247 792 1496 825 nostrorum
1527 788 1749 838 presentia
1780 788 1861 827 frui
1883 802 1979 839 pos-

341 854 443 901 sint;
466 854 601 904 fitque
624 855 841 893 interdum
867 861 911 893 vt
934 862 1114 906 propter
1136 858 1278 896 varias
1303 859 1617 910 occupationes
1647 865 1732 898 tam
1762 860 1841 911 piis
1864 862 1979 899 votis

341 925 596 964 satisfacere
620 940 706 965 non
724 927 955 977 possimus.
979 928 1149 977 Quodsi
1171 929 1403 980 aliquoties
1425 931 1542 981 ipsos
1564 932 1779 970 inuisendi
1803 935 1976 972 occasio

339 998 570 1048 tribuatur,
606 1005 727 1039 tanta
763 1000 976 1039 charitate
1009 1000 1229 1051 tantisque
1262 1002 1417 1041 officiis
1452 1016 1532 1041 nos
1567 1010 1908 1055 prosequuntur:
1935 1010 1977 1042 vt

338 1069 614 1110 admirationi
645 1073 791 1123 potius
822 1086 949 1123 quam
987 1072 1279 1111 consolationi
1309 1075 1436 1112 nobis
1476 1087 1574 1113 esse
1606 1075 1853 1113 videantur.
1890 1076 1977 1113 Sed

307 1176 308 1179 ,
338 1142 423 1180 hoc
446 1147 571 1181 extra
592 1145 793 1195 proprios
815 1149 879 1188 (vt
898 1144 1036 1187 aiunt)
1054 1145 1181 1183 lares.
1207 1145 1334 1183 Nunc
1358 1158 1464 1184 vero
1489 1146 1590 1196 quid
1609 1147 1725 1185 dorni
1745 1146 1797 1185 sit
1815 1147 1974 1185 facturn

336 1214 486 1263 paucis
510 1214 774 1265 aperiamus
797 1224 813 1241 ²¹
835 1247 842 1254 .

392 1296 427 1334 7.
491 1286 695 1325 Proxime
729 1289 877 1339 elapso
911 1289 1105 1327 aduentu
1142 1288 1329 1337 Domini,
1368 1296 1519 1327 noster
1568 1291 1611 1328 R.
1651 1292 1693 1328 P.
1728 1296 1876 1329 rector
1910 1297 1976 1329 est

337 1356 623 1397 concionatus
658 1359 699 1397 in
736 1361 899 1410 templo
939 1363 986 1399 Β.
1020 1362 1210 1413 Virginis
1242 1362 1432 1412 maglno]
1457 1359 1476 1383 b
1500 1362 1690 1399 omnium
1722 1374 1903 1400 assensu
1933 1368 1975 1400 et

336 1428 655 1468 consolatione.
682 1431 865 1469 Tantam
898 1433 1010 1470 enim
1044 1433 1228 1483 gratiam
1252 1432 1292 1470 ei
1320 1433 1501 1483 largitus
1535 1439 1600 1471 est
1630 1434 1764 1481 Deus,
1790 1437 1835 1471 vt
1864 1433 1975 1485 seip-

334 1512 428 1538 sum
447 1513 679 1551 superasse
699 1506 741 1539 et
760 1501 943 1541 aliorum
965 1503 1154 1542 omnium
1177 1503 1289 1542 votis
1307 1504 1587 1554 respondisse
1606 1504 1734 1542 facile
1754 1505 1970 1544 videatur.

334 1571 606 1611 Audiebatur
629 1586 653 1611 a
674 1574 818 1612 multis
842 1588 1009 1613 summa
1031 1575 1257 1617 auiditate,
1284 1576 1339 1613 ob
1367 1575 1497 1625 idque
1529 1575 1853 1627 frequentiores
1876 1577 1974 1615 soli-

332 1648 377 1680 to
402 1645 642 1684 conciones
669 1646 833 1684 habere
866 1652 932 1684 est
967 1651 1164 1688 coactus:
1198 1647 1239 1684 in
1274 1647 1444 1697 quibus,
1476 1647 1707 1686 concitatis
1738 1649 1971 1686 multorum

332 1715 499 1764 animis,
523 1716 628 1755 illud
661 1717 790 1756 etiam
821 1718 926 1757 boni
959 1718 1122 1766 effecit,
1157 1720 1275 1769 quod
1296 1726 1312 1743 Ο
1334 1719 1456 1757 multi
1487 1725 1692 1769 parentes
1723 1725 1971 1758 nostrorum

333 1787 650 1838 oppidanorum
691 1803 794 1827 suos
835 1790 887 1828 ad
928 1803 1007 1828 nos
1049 1791 1212 1828 liberos
1252 1791 1616 1829 transmittendos
1660 1796 1884 1838 curarent,
1930 1799 1972 1829 et

331 1858 474 1897 adhuc
496 1860 515 1884 d
532 1867 719 1912 augetur
735 1862 883 1900 talium
904 1862 1183 1901 scholarium
1206 1870 1222 1887 θ
1248 1874 1469 1903 numerus,
1491 1862 1563 1911 qui
1579 1861 1618 1899 in
1637 1862 1794 1900 litteris
1813 1868 1857 1900 et
1870 1862 1971 1901 doc-

331 1930 469 1969 trinae
507 1932 770 1971 christianae
807 1933 1085 1972 documentis
1121 1933 1456 1984 diligentissime
1490 1933 1760 1971 erudiuntur.
1796 1934 1971 1972 Habent

332 2003 445 2040 enim
468 2016 555 2041 non
579 2004 720 2042 solum
741 2011 1096 2055 praeceptorem.
1122 2004 1193 2056 qui
1217 2018 1295 2043 eos
1318 2004 1533 2043 continno
1559 2005 1568 2028 f
1609 2005 1742 2042 docet
1766 2011 1809 2042 et
1831 2005 1884 2043 ad
1908 2018 1970 2043 sa-

331 2088 450 2113 crum
473 2075 738 2115 audiendum
759 2083 939 2128 propter
963 2078 1145 2116 aliorum
1183 2076 1537 2115 aedificationem
1566 2075 1762 2127 quotidie
1786 2077 1903 2116 ducit
1928 2084 1969 2115 et

331 2147 517 2195 reducit,
541 2149 619 2186 sed
645 2150 775 2187 etiam
800 2149 1080 2188 sacerdotem
1105 2163 1236 2187 vnum
1260 2162 1311 2187 ex
1336 2150 1496 2187 nostris
1519 2149 1592 2199 qui
1615 2162 1692 2186 eos
1724 2149 1896 2199 publice
1920 2162 1969 2188 ac

330 2219 530 2272 priuatim
554 2234 666 2273 quae
689 2221 742 2259 ad
763 2221 893 2259 fidem
920 2228 962 2259 et
984 2223 1126 2260 bonos
1150 2233 1294 2259 mores
1316 2221 1552 2270 pertinent,
1589 2220 1763 2259 edocet.
1790 2222 1853 2258 Ex
1882 2234 1967 2271 quo

328 2292 482 2341 ingens
518 2294 846 2332 lauretanorum
878 2293 1143 2341 aedificatio,
1189 2306 1399 2343 amorque
1434 2306 1539 2343 erga
1560 2293 1832 2331 Societatem
1854 2293 1967 2330 solet

327 2376 601 2413 promanare.
626 2364 764 2403 Simili
786 2366 916 2404 etiam
939 2366 1108 2404 ratione
1129 2365 1374 2403 edocentur
1392 2364 1589 2415 quotidie
1608 2378 1824 2415 pauperes
1847 2370 1967 2403 ante-

327 2449 455 2485 quam
477 2436 772 2479 commedant,
798 2442 844 2474 vt
878 2437 946 2475 vel
970 2437 1030 2475 sic
1062 2436 1231 2475 discant
1263 2442 1511 2475 creatorem
1543 2436 1965 2486 benefactoremque

328 2521 451 2546 suum
475 2520 737 2559 agnoscere,
769 2522 957 2558 seseque
989 2513 1140 2560 gratos
1171 2509 1229 2546 illi
1263 2508 1458 2546 exibere.
1496 2508 1754 2546 Alliciuntur
1786 2509 1867 2546 hac
1901 2508 1965 2546 vizi

328 2578 452 2617 multi
478 2578 532 2617 ad
564 2579 890 2619 confessionem
930 2585 972 2618 et
1003 2580 1055 2618 ad
1079 2580 1273 2618 melioris
1296 2580 1413 2617 vitae
1436 2593 1648 2618 normam.
1677 2579 1806 2630 Quod
1840 2580 1873 2616 si
1895 2581 1965 2630 qui

328 2652 439 2689 inter
464 2664 542 2689 eos
564 2653 839 2703 reperiantur
861 2652 1000 2690 minus
1022 2651 1212 2698 honesti,
1233 2657 1319 2689 tam
1342 2651 1423 2689 viri
1440 2664 1567 2701 quam
1588 2651 1809 2699 mulieres,
1834 2664 1964 2689 anno-

327 2735 407 2759 nae
430 2722 753 2762 substractione
776 2723 829 2761 ad
863 2723 1067 2761 virtutem
1098 2724 1465 2772 honestatemque
1498 2723 1780 2761 reducuntur.
1807 2723 1961 2761 Solent

328 2794 458 2832 etiam
496 2796 634 2833 nostri
667 2796 922 2846 collegiales
955 2794 1109 2834 diebus
1145 2794 1374 2833 dominicis
1412 2801 1454 2832 et
1485 2795 1607 2833 festis
1641 2795 1962 2833 xenodochium

325 2870 503 2904 nostrae
521 2866 624 2906 fidei
647 2880 671 2905 a
695 2869 802 2906 Rmo
838 2867 954 2905 card.
991 2867 1191 2917 carpensi
1222 2867 1304 2904 iam
1336 2867 1504 2917 pridem
1526 2866 1732 2905 traditum
1754 2866 1960 2909 inuisere,

326 2950 460 2988 seque
489 2937 529 2975 in
557 2939 864 2977 concionando
892 2951 1120 2979 exercere.
1161 2944 1204 2975 et
1226 2936 1287 2975 sic
1310 2938 1355 2975 fit
1379 2944 1423 2975 vt
1448 2950 1672 2988 pauperes
1695 2937 1962 2975 multimodis

373 3108 390 3126 ἃ
429 3101 643 3147 attingam.
716 3102 780 3126 ——b
825 3101 1093 3145 Consumpta
1126 3100 1293 3137 charta,
1369 3108 1429 3125 -θ
1483 3106 1535 3137 vt.
1607 3101 1668 3125 —d
1703 3101 1741 3136 in
1773 3101 1871 3137 dies.

326 3168 390 3185 -θ
419 3160 767 3200 scholasticorum.
823 3161 880 3184 —f
919 3160 1098 3197 assidue.
