2038 3400
548 173 960 210 229.—-SALMANT1c.—x
994 174 1029 209 ll
1055 173 1150 219 JAN.
1185 173 1273 209 1559
1635 174 1680 209 ’,57

97 272 234 310 missis
267 284 335 309 res
359 269 484 318 hujus
517 269 707 318 collegii,
732 272 890 306 statum
916 274 958 306 et
990 269 1205 306 beneficia
1226 281 1337 318 quae
1369 268 1494 305 nobis
1520 269 1726 305 llomiuus

96 343 298 381 conferre
321 341 523 392 diguatus
544 340 638 383 fuit,
664 339 814 390 scripsi
840 341 883 377 l'.
905 340 972 382 'l'.;
993 339 1149 377 addam
1172 339 1302 376 modo
1322 352 1432 389 quae
1457 338 1570 376 illinc
1590 353 1725 387 Vsque

96 413 327 453 scribenda
363 413 454 450 visa
489 416 601 449 sunt.
628 412 845 449 Numerus
873 411 942 448 hic
964 410 1220 461 degentium
1248 408 1426 459 triginta
1448 409 1551 455 duo3
1579 411 1725 446 l‘zurcs

95 499 270 532 nouem,
294 483 550 534 theologiae
573 487 730 520 vacant
747 480 997 527 duodecim,
1021 481 1186 519 artibus
1204 481 1307 528 duog
1331 481 1549 531 profectui
1571 481 1726 517 auima-

95 570 187 596 rum
211 555 551 604 vniuscujusque
572 566 649 603 pro
673 551 785 590 virili
805 552 1069 602 invigilatur,
1098 551 1144 590 in.
1161 551 1328 601 primis
1358 551 1510 593 efium,
1535 557 1663 599 atque
1688 550 1727 587 iu

95 628 230 667 literis
264 625 508 678 progresui,
533 624 687 675 quibus
722 625 787 670 (vt
809 635 915 673 sepe
938 622 1136 673 escripsi)
1157 635 1325 660 summa
1356 634 1458 660 cura
1479 621 1724 658 adhibetur.

99 701 277 738 Praeter
296 698 408 736 enim
432 695 739 735 conclusiones
760 695 932 733 decimo
951 694 1101 744 quinto
1125 706 1301 744 quoque
1324 693 1393 731 (lie
1416 693 1588 743 publice
1613 694 1728 730 babi-

97 778 177 817 tas,
201 770 356 820 quibus
388 768 587 819 collegae
613 766 860 804 eruditione
892 766 1101 816 insignes,
1129 771 1172 803 et
1203 763 1423 803 scolastici
1460 765 1631 802 externi
1667 779 1728 802 us-

96 843 268 884 sistunt,
308 853 381 879 eas
417 840 542 878 Ιιαιιιί
577 838 643 876 ita
680 837 883 876 invalidis
914 837 1184 887 argumentis
1211 837 1478 875 labefactare
1502 842 1728 875 conantes:

96 913 297 965 singulis
316 913 362 951 in
379 911 532 951 diebus
549 918 567 936 a
587 909 788 960 priuatim
808 909 966 947 fratres
984 908 1048 946 bis
1071 907 1322 959 relegendis
1346 908 1608 946 lectionibus
1631 921 1730 945 (011-

99 985 293 1032 venhmt,
317 984 463 1035 ibique
485 982 766 1021 difficultates
783 983 869 1030 pro
901 983 1029 1031 posse
1062 979 1349 1026 elucidantur,
1388 992 1439 1017 ac
1473 985 1730 1029 argumenta

98 1059 332 1097 diluuntur.
367 1055 455 1094 Sed
476 1056 495 1080 b
518 1056 602 1092 hoc
623 1053 886 1091 beneficium
909 1052 992 1090 Dei
1013 1065 1217 1103 magnum
1239 1052 1520 1102 agnoscimus
1542 1050 1583 1088 in
1614 1059 1628 1075 ⁸*
1652 1052 1730 1088 tra-

99 1136 209 1168 trum
250 1128 416 1174 animis,
460 1126 670 1165 scientiae
710 1126 840 1175 (quae
881 1137 968 1162 non
1007 1136 1157 1173 parum
1197 1124 1461 1174 frigefacere
1501 1124 1613 1161 solet
1650 1123 1730 1160 vir-

97 1206 236 1239 tutum
275 1202 497 1243 conatum)
534 1202 578 1235 et
613 1197 835 1235 literarum
869 1195 1082 1233 exercitio
1120 1193 1299 1237 deditis,
1343 1194 1690 1232 mortificationis
1713 1194 1731 1218 ¹¹

99 1274 289 1311 calorem
312 1285 397 1309 non
419 1270 713 1320 intepescere.
746 1267 806 1305 ita
836 1271 882 1305 vt
913 1265 1183 1317 probationis
1206 1267 1360 1305 domus
1392 1279 1477 1304 non
1509 1265 1731 1304 desidere-

98 1349 180 1382 tur.
209 1344 268 1382 llli
304 1342 442 1390 gloria
463 1354 487 1379 a
508 1354 593 1391 quo
619 1352 747 1378 omne
769 1340 933 1377 bonum
962 1343 1005 1376 et
1027 1336 1175 1376 datum
1199 1337 1423 1388 optimum.
1450 1336 1617 1386 Reliqui
1654 1338 1732 1374 fra-

96 1421 188 1454 tres
218 1413 466 1452 ministeriis
488 1412 669 1462 quisque
702 1410 788 1448 suis
819 1409 1035 1448 insistunt.
1062 1411 1214 1448 Patres
1242 1422 1350 1447 vero
1384 1408 1733 1447 confessionibus

100 1494 184 1524 tam
207 1484 325 1523 (lomi
346 1496 470 1535 quam
507 1483 614 1521 ioris
652 1486 824 1527 vacant3
859 1481 1054 1518 infirmos
1091 1480 1280 1519 ciuitatis
1316 1480 1523 1526 invisunt,
1559 1492 1732 1528 semper

101 1559 213 1596 euim
248 1558 318 1595 vbi
349 1555 549 1594 exerceri
578 1554 716 1604 possit
749 1553 935 1590 charitas
966 1552 1146 1603 largitur
1178 1553 1312 1593 Deus:
1345 1553 1429 1590 hoc
1451 1565 1563 1589 anno
1595 1551 1732 1601 preci-

99 1642 198 1680 pue,
223 1643 309 1680 quo
331 1628 598 1666 infirmorum
622 1624 747 1675 copia
777 1637 1004 1662 numerum
1034 1624 1373 1674 praeteritorum
1397 1623 1579 1660 excesit.
1607 1623 1732 1660 Domi

100 1715 185 1739 non
207 1699 333 1751 pauci
354 1696 700 1749 aegritudinibus
723 1701 820 1734 sunt
843 1696 1007 1742 vexati,
1032 1709 1216 1745 quorum
1238 1695 1412 1745 quidam
1435 1694 1664 1732 transactis
1693 1694 1732 1730 in

100 1773 285 1811 adversa
317 1769 567 1809 valetudine
602 1774 789 1820 quatuor
820 1768 1056 1809 mensibus,
1090 1766 1162 1805 vix
1192 1766 1369 1804 tandem
1401 1767 1732 1805 conualescunt:

100 1844 179 1882 sed
206 1844 288 1881 iam
318 1843 457 1880 ferme
482 1839 784 1891 infirmitates
806 1847 821 1864 e
845 1839 898 1877 ab
927 1838 1127 1877 omnibus
1149 1838 1462 1875 discesserunt.
1504 1837 1565 1875 Illi
1596 1835 1733 1885 gloria

100 1916 171 1967 qui
193 1914 425 1953 mortificat
448 1916 490 1950 et
512 1910 720 1950 vivificat.

156 1997 193 2026 2.
253 1984 417 2023 solitae
441 1982 745 2022 confessiones
767 1995 853 2019 non
876 1981 1140 2020 minuuntur:
1178 1980 1541 2018 scholasticorum
1564 1981 1603 2018 εί-
1628 1980 1635 2002 s
1661 1980 1734 2016 liu-

100 2058 170 2107 jus
202 2056 319 2094 vrbis
355 2054 620 2104 aliquorum
642 2058 907 2104 magnatum.
932 2052 1013 2090 Die
1036 2057 1240 2090 anteacto
1272 2050 1511 2089 natiuitatis
1539 2055 1604 2088 tot
1639 2058 1661 2083 s*
1682 2050 1735 2088 ad

104 2129 190 2167 hoc
214 2131 534 2166 sacramentum
559 2126 881 2171 confluxerunt,
901 2129 949 2161 vt
972 2130 1072 2162 octo
1097 2125 1248 2161 Patres
1270 2137 1357 2162 non
1375 2109 1611 2161 sufficerent
1632 2136 1735 2173 prae

103 2199 379 2239 multitudine
410 2197 553 2236 nimia.
578 2196 810 2235 Adventus
840 2202 1042 2246 tempore
1065 2194 1183 2233 domi
1213 2196 1361 2233 habita
1383 2199 1450 2233 est
1482 2194 1637 2233 concio
1661 2194 1734 2232 do-

104 2272 271 2311 minicis
293 2270 463 2316 diebus,
489 2274 533 2307 et
554 2270 595 2307 in
619 2281 796 2306 carcere
822 2268 953 2306 etiam
974 2268 1236 2314 vinctorum,
1262 2267 1334 2318 qui
1351 2267 1576 2305 multoties
1593 2265 1735 2304 visun-

104 2349 172 2381 tur
194 2340 459 2380 subeniendi
480 2341 497 2365 ¹¹
520 2340 673 2392 gratia,
698 2346 788 2377 tum
819 2339 860 2377 in
882 2339 1211 2389 temporalibus,
1235 2344 1325 2376 tum
1362 2339 1403 2375 in
1425 2337 1733 2388 spiritualibus.

105 2414 140 2452 A
162 2412 498 2464 sepffztagesima
519 2424 651 2461 vsque
674 2412 734 2449 ad
754 2409 1106 2450 resurrectionis
1123 2410 1297 2460 pascha
1322 2410 1656 2460 prosequentur
1687 2409 1736 2446 (Ie

108 2498 243 2524 more.
278 2483 457 2523 Vtinam
480 2483 526 2522 in
557 2484 739 2521 landem
760 2482 846 2521 Dei
874 2483 1108 2521 redundet.
1133 2480 1201 2518 Ad
1222 2482 1332 2520 haec
1364 2481 1486 2518 multi
1508 2480 1561 2518 ad
1592 2479 1736 2518 amici-

105 2556 209 2595 tiam
231 2555 532 2601 conciliantur,
557 2555 692 2592 multa
713 2567 826 2603 (Iliae
848 2554 858 2579 ί
884 2566 1019 2604 opera
1039 2553 1105 2591 his
1124 2553 1277 2591 similia
1299 2552 1381 2590 Dei
1403 2550 1562 2590 auxilio
1587 2552 1735 2588 l'atres

106 2626 350 2678 perficiunt.
376 2626 507 2665 Modo
531 2631 629 2664 sunt
650 2626 692 2663 in
716 2625 939 2663 exercitiis
957 2624 1042 2662 duo
1066 2624 1283 2675 collegae,
1309 2629 1494 2672 vterque
1519 2622 1597 2672 qui
1616 2622 1735 2672 inge-

107 2700 179 2738 nio
212 2704 255 2736 et
285 2697 538 2736 intellectus
569 2696 823 2747 capacitate
844 2695 854 2727 J'
879 2696 939 2734 ita
959 2695 1144 2747 pollent,
1169 2698 1216 2732 vt
1250 2694 1362 2732 inter
1380 2693 1737 2745 perspicaciores

156 2868 174 2886 ³
224 2866 414 2913 quotidie.
465 2866 531 2891 -b
553 2865 645 2912 Seq.
667 2864 707 2900 in
726 2864 852 2901 delet.
906 2869 970 2890 —0
990 2862 1105 2900 Add.
1127 2866 1263 2909 supra
1288 2872 1399 2899 vers.
1452 2861 1518 2886 —d
1541 2859 1648 2906 Syll.
1677 2859 1737 2895 nis

108 2932 246 2973 supra
265 2936 376 2963 vers.
430 2934 494 2951 -θ
515 2924 812 2970 aegritudines.
867 2923 924 2948 —f
990 2927 1076 2960 tum
1094 2921 1441 2963 scholasticorum,
1462 2925 1545 2956 tum
1565 2919 1737 2965 reliquo-

111 2998 247 3024 rum...
316 2992 385 3019 -ἓ
404 2989 463 3022 tot
486 2983 683 3022 homines.
749 2983 815 3009 -h
854 2982 1117 3020 subentionis.
1182 2983 1240 3008 —i
1270 2981 1495 3028 multaque.
1557 2978 1605 3010 -J'
1630 2978 1735 3015 dote.
