2038 3400
370 261 440 298 468
843 263 1061 300 LITTERAE
1096 265 1455 308 QUADfflMEsrREs

325 370 438 411 sunt,
465 377 705 416 omnesque
735 366 796 404 illi
822 367 961 404 nostri
991 365 1289 410 amantissi1ni3
1315 371 1358 403 et
1381 378 1434 404 eo
1458 366 1529 404 die
1553 366 1760 418 egregius
1781 367 1954 418 quidam

325 434 612 474 concionator
652 436 998 487 praedicatoriae
1038 436 1225 475 familiae
1266 449 1515 475 sermonem
1550 438 1657 476 fecit
1692 451 1849 490 magno
1885 451 1955 489 ap-

323 507 475 557 plausu
499 514 543 545 et
566 508 847 547 satisfacione
869 509 1154 547 audientium.

379 587 415 627 5.
477 578 565 618 Sed
599 577 665 617 his
700 579 902 628 dimissis,
941 585 984 618 et
1019 581 1114 630 alijs
1151 580 1372 619 charitatis
1405 581 1626 632 operibus,
1650 593 1761 631 quae
1796 582 1954 632 passim

325 662 425 688 sese
450 650 641 689 offerunt
663 652 851 702 (quibus,
875 658 918 690 vt
941 658 1138 690 nostrum
1158 657 1239 700 est,
1263 665 1341 703 pro
1361 653 1524 690 viribus
1546 665 1705 691 vacare
1728 653 1953 701 solemus),

325 722 433 760 sciat
455 721 551 760 Rda
572 727 648 760 tua
671 723 913 761 Paternitas
949 736 1029 761 nos
1060 723 1220 774 gaudio
1244 723 1433 762 maximo
1458 729 1501 761 et
1524 724 1829 762 consolatione
1859 736 1956 774 pro-

325 793 439 831 xime
477 794 635 844 elapsis
671 794 827 832 diebus
862 795 997 833 fuisse
1032 794 1250 845 perfusos,
1284 794 1488 845 quoniam
1519 807 1630 846 quae
1660 796 1774 833 inter
1800 807 1881 833 nos
1914 800 1956 832 et

325 865 499 903 Fratres
535 864 623 903 diui
659 866 892 917 Augustini
926 867 976 904 lis
1011 866 1093 904 iam
1130 866 1203 904 diu
1237 867 1493 905 vertebatur
1515 867 1645 917 (quae
1667 880 1748 905 nos
1781 866 1955 917 quidem

324 948 594 987 magnopere
627 938 850 976 cruciabat
873 944 917 975 et
939 938 1164 989 angebat),
1196 938 1279 976 iam
1314 939 1489 977 omnino
1524 939 1718 977 extincta
1749 944 1832 986 est3
1864 938 1960 976 illos

325 1008 439 1046 enim
459 1009 606 1060 tetigit
625 1009 811 1048 dextera
832 1011 1021 1057 Domini,
1047 1010 1387 1060 mandatumque
1410 1011 1493 1048 sub
1517 1011 1799 1049 obedientiae
1816 1023 1959 1062 poena

324 1093 347 1118 a
375 1094 453 1118 suo
476 1081 733 1132 prouinciali
753 1083 1006 1133 praeposito
1040 1088 1323 1133 acceperunt,
1358 1088 1405 1120 vt
1434 1081 1499 1120 liti
1522 1083 1751 1129 cederent·‚
1774 1082 1891 1133 quod
1914 1087 1957 1120 et

322 1153 525 1192 fecerunt
547 1166 705 1205 magno
730 1155 920 1193 omnium
944 1168 1178 1202 consensu,
1205 1160 1248 1192 et
1270 1153 1325 1192 de
1347 1155 1433 1193 hoc
1454 1154 1791 1193 instrumentum
1821 1154 1957 1205 publi·

324 1237 422 1263 cum
455 1225 707 1264 confectum
737 1226 791 1264 ad
827 1232 888 1273 te,
928 1226 1023 1264 Rde
1054 1228 1118 1273 P„
1152 1227 1331 1264 missum
1363 1233 1446 1273 est3
1485 1227 1635 1277 sicque
1666 1238 1775 1277 pace
1809 1230 1958 1276 optata

322 1297 595 1348 perfruimur,
625 1303 670 1335 et
693 1298 882 1336 ecclesia
917 1303 1067 1336 nostra
1089 1311 1187 1336 cum
1209 1298 1370 1349 gaudio
1394 1298 1553 1336 vtimur
1585 1303 1630 1336 et
1651 1298 1815 1348 quiete,
1840 1297 1955 1335 vnde

324 1368 458 1405 multa
489 1381 714 1419 speramus
746 1370 861 1407 bona
895 1375 918 1406 ¹.
955 1369 1176 1407 Laudetur
1206 1370 1419 1407 Dominus
1448 1369 1491 1407 in
1530 1374 1773 1416 aeternum,
1807 1369 1874 1407 cui
1910 1374 1956 1407 vt

325 1441 438 1491 grati
458 1454 537 1492 pro
559 1442 691 1479 tantis
713 1442 843 1492 (quae
875 1442 917 1479 in
946 1455 1026 1481 nos
1057 1441 1423 1480 immeritissimos
1444 1441 1641 1492 quotidie
1672 1441 1862 1491 confert)
1883 1441 1956 1479 be-

322 1513 508 1562 neficijs,
532 1518 667 1564 vtque
689 1513 822 1564 ipsius
845 1514 1029 1552 ministri
1049 1513 1205 1552 fideles
1236 1515 1402 1564 tuique,
1426 1515 1656 1564 plurimum
1679 1513 1956 1552 obseruande

323 1585 469 1632 Pater,
502 1584 597 1623 veri
629 1585 913 1623 obedientiae
935 1585 1025 1634 filij,
1050 1586 1242 1636 bonique
1265 1586 1561 1624 aemulatores
1593 1598 1692 1624 esse
1722 1586 1954 1636 possimus,

324 1662 441 1694 tuam
467 1656 597 1695 R.d²¹1¹
620 1656 935 1695 Paternitatem
958 1657 1181 1695 humiliter
1205 1657 1506 1704 obsecramus,
1532 1662 1578 1695 vt
1610 1670 1691 1695 nos
1723 1663 1767 1695 et
1796 1657 1957 1695 sanctis

325 1728 552 1777 sacrificijs
574 1728 771 1774 adiuues,
797 1732 840 1766 et
864 1729 1152 1775 orationibus3
1171 1728 1289 1778 quod
1312 1729 1443 1767 etiam
1467 1729 1520 1767 ab
1540 1729 1739 1767 omnibus
1757 1729 1958 1767 Patribus

325 1804 367 1838 et
390 1800 593 1838 fratribus
616 1800 878 1838 charissimis
902 1801 1063 1839 obnixe
1087 1801 1216 1839 etiarn
1239 1801 1526 1852 postulamus.
1557 1802 1954 1852 Caesaraugustae,

322 1873 456 1910 tertio
478 1879 598 1910 nofltS
632 1879 650 1896 ἃ
666 1872 905 1921 Januarias,
931 1885 1042 1911 anno
1067 1874 1164 1911 Dni.
1195 1873 1308 1922 1560.

406 1944 527 1982 Rdae
551 1943 831 1981 Paternitatis
854 1950 956 1981 tuae
980 1956 1134 1982 seruus
1156 1944 1198 1982 in
1219 1945 1354 1984 Chro.

1606 2019 1636 2066 ,Γ

1501 2070 1775 2108 SANCTACRUZ
1805 2074 1831 2109 ².

405 2159 557 2198 Manet
579 2158 816 2211 integrum
837 2159 1065 2210 sigillum.

372 2341 390 2358 a
442 2345 487 2370 as
505 2336 644 2378 supra
664 2341 773 2368 vers.

373 2502 380 2521 ¹
435 2499 604 2536 Fratres
623 2499 720 2537 Ord.
750 2498 792 2535 S.
815 2498 868 2534 A.
895 2496 1257 2543 caesaraugustani
1289 2495 1512 2532 fundationi
1542 2496 1706 2542 collegii
1739 2495 1955 2534 societatis

318 2559 431 2607 Jesu,
452 2559 502 2596 ab
523 2560 609 2607 ejus
629 2559 765 2604 primis
785 2558 908 2594 initiis
928 2571 1032 2594 anno
1057 2558 1156 2599 1355,
1178 2557 1434 2599 obstiterant,
1455 2568 1675 2592 cannarum
1697 2557 1955 2603 privilegium

323 2621 363 2656 in
383 2632 522 2656 eorum
542 2618 723 2655 favorem
743 2618 1024 2655 obtendentes.
1045 2617 1107 2654 Cf.
1130 2618 1183 2653 sis
1205 2616 1341 2663 Epist.
1366 2615 1540 2659 Mixtae‚
1561 2615 1635 2658 IV,
1657 2615 1727 2652 799
1744 2627 1854 2663 sqq.;
1880 2617 1956 2654 AS-

323 2690 462 2723 TRAIN,
485 2678 514 2722 Ι,
536 2679 604 2716 lib.
626 2678 675 2723 ΙΙ,
698 2691 730 2714 c.
755 2678 809 2714 13.

371 2740 384 2758 ²
436 2738 543 2775 Vide
563 2752 599 2785 p.
620 2738 702 2775 379.
