2038 3400
334 201 405 238 873
800 204 891 239 Liri
906 214 1016 238 arms
1052 204 1410 247 QqufflMESTREs

290 304 504 343 charitate
528 307 876 356 complectentes
900 306 1148 356 regularum
1171 306 1350 343 student
1374 305 1686 344 obseruationi.
1708 305 1917 343 Dominus

291 376 346 414 ob
369 389 490 416 suam
513 378 715 416 eximiam
737 391 788 416 ac
804 378 1068 428 singularem
1088 377 1419 428 benignitatem,
1444 376 1498 415 ad
1518 382 1778 428 perpetuum
1794 377 1836 414 in
1853 375 1917 414 his

292 448 492 486 omnibus
522 462 805 500 progressum
836 448 1099 495 faciendum,
1130 448 1340 486 maiorem
1371 448 1543 486 diuinae
1567 447 1698 499 ipsius
1720 448 1917 486 maiesta-

291 519 344 557 tis
380 520 579 570 gloriam,
617 522 743 558 nobis
780 520 982 571 opitulari
1018 519 1234 570 dignetur.
1271 520 1381 558 Cum
1417 521 1498 558 hac
1532 524 1702 558 aestate
1741 520 1919 557 firmiori

290 590 525 629 fuissemus
547 592 817 638 valetudine,
838 604 965 642 quam
983 590 1077 639 alijs
1095 591 1232 637 annis3
1251 604 1275 628 a
1291 591 1377 629 fine
1400 596 1546 629 tamen
1568 591 1728 629 mensis
1750 591 1918 641 Augus-

291 662 323 700 ti
346 675 439 701 eam
461 665 658 702 nonnulli
693 665 946 710 amiserunt,
980 662 1193 713 breuique
1215 664 1280 712 (ut
1307 662 1550 714 speramus)
1580 663 1917 713 recuperabunt.

292 734 456 772 Omnes
480 748 586 773 uero
610 735 829 786 pacientia
850 747 901 773 ac
923 734 1259 774 mansuetudine
1283 748 1337 773 ex
1361 733 1636 785 aegritudine
1665 734 1852 772 fructum
1878 739 1920 771 et

291 805 372 843 sibi
409 811 453 844 et
493 807 675 844 aliorum
712 806 1008 845 aedificationi
1044 812 1256 844 conantur
1297 817 1554 857 excerpere.
1597 806 1919 844 Grammaticae

292 876 438 915 studia
460 877 633 916 circiter
656 890 792 915 nonas
809 878 907 929 Julij
930 878 949 897 a
970 879 1034 927 (ut
1056 878 1097 916 in
1118 879 1204 916 hoc
1235 876 1424 928 collegio
1448 877 1542 916 fieri
1573 877 1836 927 consueuit),
1860 877 1920 915 in-

292 948 494 986 termissa
514 949 533 973 b
555 948 609 986 ad
631 949 827 999 quintum
848 948 945 987 idus
966 949 1238 1000 Septembris
1260 949 1581 987 reuocauimus.

345 1030 381 1058 2.
442 1021 572 1058 Pater
596 1021 756 1058 Rector
781 1020 805 1068 ¹,
829 1025 961 1071 atque
985 1034 1008 1059 e
1030 1019 1190 1059 nostris
1213 1020 1519 1058 sacerdotibus
1541 1020 1664 1067 alius,
1690 1021 1920 1058 conciona-

290 1091 322 1129 ti
344 1097 443 1129 sunt
464 1092 588 1130 festis
619 1093 774 1130 diebus
804 1100 935 1144 atque
958 1092 1188 1131 dominicis
1209 1092 1365 1142 quibus
1395 1091 1438 1129 id
1469 1091 1702 1130 commode
1731 1091 1827 1129 fieri
1847 1105 1921 1142 po-

292 1163 384 1206 tuit,
414 1176 511 1202 cum
548 1165 781 1202 multorum
813 1170 902 1203 turn
935 1165 1268 1216 approbatione,
1292 1170 1383 1203 tum
1413 1164 1631 1215 profectu.
1666 1164 1821 1215 Magna
1857 1169 1922 1202 est

292 1247 465 1285 semper
488 1248 641 1273 eorum
664 1235 914 1283 multitudo,
939 1236 1011 1287 qui
1041 1235 1294 1275 veneranda
1324 1236 1625 1287 poenitentiae
1659 1239 1701 1273 et
1733 1248 1923 1274 commu-

291 1306 433 1344 nionis
456 1313 730 1346 sacramenta
751 1308 1031 1359 frequentant
1066 1309 1108 1346 in
1138 1308 1299 1346 nostris
1321 1308 1518 1346 aedibus.
1543 1307 1632 1345 Sed
1662 1307 1703 1345 in
1726 1320 1779 1345 eo
1801 1320 1923 1359 prae-

293 1379 443 1416 sertim
476 1379 683 1426 iubilaeo,
721 1380 793 1431 qui
823 1393 961 1431 nuper
1001 1380 1083 1418 hac
1116 1380 1158 1418 in
1203 1380 1310 1418 vrbe
1357 1380 1437 1418 fuit
1476 1379 1679 1427 indictus,
1722 1379 1923 1429 plurimo-

292 1463 384 1489 rum
417 1451 721 1489 confessiones
755 1452 894 1490 nostri
925 1452 1184 1490 sacerdotes
1219 1452 1465 1498 audierunt,
1504 1465 1553 1489 ac
1585 1452 1816 1503 generales
1852 1451 1923 1489 ali-

291 1535 397 1574 quas
421 1535 588 1571 eorum,
612 1524 683 1575 qui
704 1536 924 1575 nunquam
947 1523 1064 1562 domi
1085 1529 1263 1562 nostrae
1292 1523 1484 1562 confessi
1514 1523 1703 1571 fuerant3
1726 1522 1797 1573 qui
1826 1534 1923 1573 pro-

292 1595 437 1645 pensis
465 1595 618 1633 animis
649 1596 703 1634 ad
732 1596 844 1634 haec
879 1595 1025 1634 diuina
1068 1600 1342 1634 sacramenta
1371 1594 1691 1646 frequentanda
1720 1592 1923 1632 uidentur

291 1667 570 1706 remansisse.
595 1667 916 1718 Nonnunquam
941 1679 995 1705 ex
1017 1668 1199 1705 remotis
1222 1666 1391 1718 oppidis
1413 1667 1544 1718 aliqui
1566 1666 1619 1705 ad
1641 1680 1721 1704 nos
1744 1666 1923 1704 ueniunt

291 1743 339 1775 ut
359 1738 487 1776 alicui
510 1751 563 1776 ex
587 1738 893 1777 sacerdotibus
911 1738 1190 1777 confessione
1212 1738 1402 1776 animum
1423 1737 1634 1789 aperiant,
1656 1744 1700 1775 et
1722 1750 1818 1775 eum
1840 1737 1923 1774 illis

292 1808 347 1846 de
370 1809 501 1847 rebus
524 1809 577 1847 ad
595 1808 788 1847 diuinum
812 1809 1087 1860 obsequium,
1112 1821 1375 1860 suarumque
1397 1808 1634 1847 animarum
1657 1807 1924 1847 emolumen-

291 1885 382 1918 tum
404 1880 741 1931 pertinentibus,
767 1882 1108 1929 communicent3
1131 1893 1315 1932 quorum
1338 1881 1453 1919 votis
1485 1892 1535 1918 ac
1557 1879 1789 1929 desiderijs
1821 1879 1924 1917 satis

290 1963 314 1988 a
336 1952 497 1990 nostris
520 1958 587 1990 est
608 1952 786 1991 factum.
812 1953 1071 2003 Composita
1091 1965 1268 2003 quoque
1293 1956 1392 1990 sunt
1413 1951 1526 1990 inter
1548 1951 1780 1989 nonnullos
1817 1951 1924 2001 opti-

292 2027 431 2061 mates
454 2023 631 2062 dissidia
651 2036 702 2062 ac
724 2024 1008 2063 reconciliata
1029 2023 1183 2075 gratia,
1207 2036 1294 2061 non
1316 2023 1358 2061 in
1378 2024 1460 2061 hac
1480 2023 1587 2061 vrbe
1610 2022 1758 2070 modo,
1784 2022 1861 2061 sed
1883 2022 1924 2060 in

292 2093 388 2143 alijs
425 2095 556 2132 etiam
593 2096 852 2146 municipijs.
890 2096 1130 2134 Visitantur
1165 2095 1286 2146 aegri
1319 2107 1552 2146 pauperes,
1590 2100 1678 2132 tam
1713 2095 1739 2143 ij
1777 2094 1848 2144 qui
1884 2095 1925 2132 in

292 2178 530 2216 pauperum
553 2173 782 2205 uersantur
805 2168 1012 2218 hospitio,
1037 2181 1165 2218 quam
1182 2167 1254 2217 qui
1275 2167 1465 2218 priuatas
1488 2166 1643 2204 domos
1664 2165 1923 2213 inhabitant3

291 2237 524 2275 audiuntur
546 2238 700 2276 horum
719 2238 1023 2277 confessiones
1045 2242 1175 2290 atque
1198 2239 1381 2277 aliorum
1404 2238 1689 2288 complurium
1718 2246 1923 2288 aegroto—

292 2321 400 2347 rum.
425 2308 493 2347 Ad
514 2309 600 2348 hoc
622 2310 735 2348 enirn
769 2316 814 2349 et
835 2310 890 2348 ad
925 2310 1224 2349 cohortandos
1256 2323 1334 2348 eos
1365 2310 1519 2360 quibus
1551 2314 1775 2348 extremus
1806 2310 1923 2347 vitae

292 2377 386 2417 dies
408 2380 619 2427 imminet,
644 2379 717 2418 diu
738 2387 960 2432 noctuque
984 2381 1238 2432 saepissime
1261 2381 1542 2428 aduoeamur,
1567 2380 1685 2431 quod
1707 2379 1860 2418 mirum
1882 2381 1924 2418 in

293 2450 469 2490 modum
490 2452 652 2503 populo
676 2453 900 2503 probatur.
926 2453 1117 2504 Singulis
1139 2452 1367 2491 dominicis
1383 2452 1596 2502 festisque
1619 2452 1773 2490 diebus
1792 2452 1923 2490 chris-

293 2522 453 2560 tianam
484 2521 728 2561 doctrinam
759 2525 883 2574 pueri
917 2523 959 2562 in
988 2530 1141 2563 nostro
1177 2524 1342 2574 templo
1375 2522 1634 2570 edocentur,
1668 2523 1747 2561 sed
1778 2529 1822 2560 et
1852 2524 1920 2573 alij

291 2594 550 2645 grandiores
570 2599 734 2642 aetate,
758 2596 831 2646 qui
856 2597 953 2646 plus
976 2608 1029 2634 ea
1056 2608 1381 2646 nonnunquam,
1404 2607 1533 2646 quam
1562 2595 1687 2646 pueri
1716 2594 1796 2645 ipsi
1817 2595 1922 2632 indi-

292 2670 414 2717 gent.

339 2839 359 2859 ²
403 2838 525 2887 Julijs
543 2849 623 2876 ms.
678 2841 743 2866 —b
770 2838 998 2876 intermista
1018 2850 1098 2877 ms.

344 3021 353 3041 ¹
404 3018 451 3058 P.
472 3019 675 3056 Martinus
694 3018 926 3057 Gutierrez.
