2038 3400
511 227 804 265 Ala-Parum
829 227 851 264 4
876 226 1138 265 SEPTEMBRIS
1168 227 1257 264 1560
1579 227 1648 265 817

78 342 172 366 mus
201 329 455 379 quibusdam
501 330 634 380 signis
665 330 909 368 declararet
940 342 986 368 se
1026 329 1164 380 magis
1195 342 1301 381 erga
1340 328 1693 367 communionem

76 400 299 451 utriusque
323 401 485 451 speciei
516 400 724 439 affectum
756 414 870 448 esse,
904 401 1072 439 curauit
1094 414 1193 439 eum
1215 400 1270 438 ad
1299 401 1555 438 hussiticum
1587 405 1694 438 tem-

74 471 189 520 plum
211 471 387 519 deferri,
412 477 457 509 ut
479 473 520 509 in
542 484 595 509 eo
619 472 976 510 communicaret.
1014 472 1129 510 Ecce
1166 472 1306 510 zelum
1329 471 1533 509 catholici
1568 473 1692 509 baro-

74 542 153 580 nis.
178 542 267 581 Sed
287 542 389 593 quid
410 543 565 593 loquor
588 542 642 581 de
665 543 915 590 baronibus,
941 555 1037 580 cum
1069 548 1113 580 et
1134 542 1308 592 quidam
1337 543 1543 580 catholici
1574 543 1693 593 (qua-

73 613 136 649 les
159 625 257 650 esse
278 613 450 662 uolunt)
473 614 811 652 concionatores
832 614 1063 665 aliquoties
1080 613 1196 652 nude
1221 618 1264 652 et
1282 614 1535 663 simpliciter
1554 628 1576 652 e
1595 627 1692 664 sug-

72 689 201 734 gestu
224 684 411 723 dixerint
435 693 452 710 a
479 685 582 723 nihil
605 686 821 723 interesse
849 686 942 724 siue
965 686 1043 723 sul)
1074 691 1259 735 utraque
1290 686 1454 736 specie,
1489 685 1582 723 siue
1614 686 1693 723 sub

74 767 156 793 una
176 755 270 806 quis
293 757 605 803 communicet3
628 758 698 807 qui
722 757 852 794 etiam
880 757 1067 794 hussitas
1101 757 1363 794 confitentes
1391 757 1622 794 absoluant
1651 762 1694 793 et

71 827 332 876 matrimonij
370 833 689 866 sacramentum
724 828 882 876 ijsdem
917 828 1237 866 administrent.
1276 829 1354 875 Ita,
1380 828 1476 866 R.de
1499 829 1586 874 Pr„
1623 828 1694 865 hic

70 898 226 948 agitur.
251 899 380 936 Tales
401 899 533 936 habet
556 899 769 936 Bohemia
790 899 1033 937 catholicos
1055 899 1299 937 catholicae
1321 897 1424 937 fidei
1445 912 1690 950 propugna-

68 974 204 1016 tores,
227 970 381 1021 quibus
403 971 522 1009 Deus
546 972 699 1009 oculos
721 971 864 1009 cordis
886 972 1150 1009 illuminatos
1186 971 1435 1010 concedere
1467 971 1691 1022 dignetur.

73 1041 246 1087 [Preces
262 1043 497 1092 postulatu]

139 1114 307 1164 Pragae
330 1127 353 1152 e
377 1114 566 1165 collegio
589 1113 825 1153 Societatis
837 1115 940 1165 Jesu
962 1114 1075 1165 apud
1093 1114 1136 1152 S.
1155 1114 1431 1152 Clementem
1448 1126 1473 1163 4
1489 1114 1689 1165 Septem-

69 1184 156 1222 bris
183 1185 297 1233 1560.
322 1187 369 1224 R.
395 1187 442 1224 P.
470 1187 518 1224 V.
542 1185 867 1236 indignissimus
894 1186 1022 1233 filius,

1062 1275 1278 1313 HENRICUS
1310 1276 1571 1313 BLYssemms
1609 1275 1635 1313 ¹.

145 1382 254 1421 Alia
274 1395 429 1422 manu.
455 1383 593 1434 Copie
614 1389 803 1433 quattro.

146 1453 311 1505 Sigillz'
329 1454 590 1506 vestigium.

111 1616 131 1635 a
183 1616 368 1653 Emend.
390 1626 440 1653 ex
458 1616 658 1653 dixerunt.

113 1774 122 1794 ¹
176 1773 424 1820 «Catalogus
454 1773 625 1810 fratrum
652 1772 922 1819 pragensium
949 1785 1019 1819 pro
1046 1785 1185 1809 mense
1213 1771 1412 1809 Nouemb.
1446 1772 1554 1809 1560»
1587 1772 1686 1815 (cod.

66 1833 206 1870 Germ.
231 1833 317 1876 13l,
338 1833 362 1869 f.
384 1833 467 1877 307)
487 1833 536 1869 de
556 1845 603 1869 eo
622 1832 730 1869 dicit:
754 1832 930 1868 «Doctor
949 1832 1153 1868 Henricus
1174 1838 1233 1868 est
1252 1831 1483 1878 praefectus
1509 1832 1687 1872 scholae,

62 1906 284 1935 carcerum,
308 1892 565 1939 hospitalium
585 1892 676 1936 (non
695 1896 739 1928 ut
757 1896 947 1928 teneatur
964 1892 1038 1934 ire,
1059 1891 1129 1927 sed
1149 1891 1311 1927 mittere
1332 1896 1371 1928 et
1391 1892 1594 1928 instruere
1621 1903 1689 1927 eos

63 1952 207 1999 quibus
237 1952 413 1989 eundum
440 1953 532 1996 est),
552 1952 881 1998 disputationum.
919 1951 1142 1987 studiorum
1177 1949 1346 1987 fratrum
1380 1955 1419 1987 et
1451 1951 1687 1987 concionum

63 2013 253 2058 ipsorum.
277 2013 556 2054 consiliarius,
586 2011 790 2058 syndicus.
820 2010 1090 2047 confessarius
1110 2011 1229 2061 qoffli
1249 2011 1343 2047 noui
1364 2016 1403 2046 et
1433 2011 1690 2047 concinnator

63 2072 300 2108 archiducis.
331 2071 403 2108 Est
431 2084 552 2107 sanus
584 2071 736 2107 modo».
769 2070 1006 2107 «Instructio
1025 2070 1073 2106 de
1094 2070 1274 2113 personis
1293 2070 1456 2117 collegij
1477 2069 1689 2116 pragensis

64 2144 191 2178 usque
211 2132 260 2167 ad
279 2130 561 2167 annum1565»
592 2130 693 2175 (cod.
723 2130 905 2167 Bohem.
935 2129 1003 2173 89,
1033 2129 1058 2166 f.
1093 2129 1148 2174 12)
1175 2129 1283 2166 dicit:
1315 2129 1541 2166 «Henricus
1574 2129 1690 2176 Blys—

64 2191 213 2228 semius
248 2190 476 2228 Bonnensis
510 2190 668 2227 Romae
703 2189 952 2227 Societatem
988 2191 1199 2235 ingressus
1234 2193 1294 2225 est
1334 2189 1474 2226 vltimo
1513 2188 1689 2226 Nouem-

63 2250 143 2287 bris
165 2251 266 2295 1554,
290 2255 331 2286 vt
350 2250 490 2295 credit;
511 2249 604 2286 inde
625 2255 717 2285 vota
735 2254 824 2296 post
844 2262 965 2285 vnum
984 2248 1086 2285 forte
1106 2261 1289 2285 mensem
1309 2248 1455 2285 emisit.
1477 2248 1688 2286 Professus

63 2315 124 2347 est
145 2310 303 2357 Pragae
323 2309 537 2347 Dominica
558 2308 763 2345 'Laetare‘
782 2310 874 2345 anni
893 2309 993 2345 1560.
1016 2307 1140 2354 Legit
1160 2308 1327 2345 Sacram
1350 2308 1602 2353 Scripturam
1618 2321 1689 2355 per

62 2370 216 2416 aliquot
234 2382 372 2406 annos.
395 2368 668 2406 Concionatus
688 2374 748 2405 est
767 2368 964 2405 hactenus
983 2368 1021 2404 in
1041 2380 1135 2405 arce
1151 2381 1286 2404 coram
1307 2368 1554 2411 Archiduce,
1583 2381 1687 2404 nunc

62 2431 102 2466 in
128 2431 279 2476 templo
305 2434 454 2469 nostro.
484 2434 525 2466 et
551 2428 716 2477 collegij
747 2428 966 2465 Rectorem
997 2427 1185 2474 indignus
1217 2428 1339 2474 agit».
1369 2426 1599 2464 Notandum
1628 2433 1687 2464 est

63 2489 106 2526 P.
128 2489 399 2536 Blyssemium
419 2487 708 2535 professionem
728 2489 910 2525 emisisse
930 2489 993 2525 die
1016 2487 1058 2524 16
1078 2487 1215 2524 Martii
1235 2487 1329 2523 anni
1351 2487 1454 2531 1561,
1484 2500 1561 2523 non
1584 2487 1685 2531 1560,

63 2554 105 2585 ut
136 2550 175 2585 in
205 2549 393 2596 catalogo
423 2548 545 2585 citato
575 2561 649 2595 per
680 2560 859 2585 errorem
895 2549 1087 2594 scripturn
1121 2554 1194 2584 est.
1229 2546 1292 2584 Cf.
1325 2545 1684 2589 BRAUNSBERGER‚

62 2609 115 2646 Β.
136 2609 187 2646 Ρ.
213 2609 378 2646 (ἶαηὶείὶ
392 2610 527 2655 epist..
549 2607 617 2652 ΙΙΙ,
639 2608 696 2645 40.

207 3118 367 3144 Lim-imas
387 3117 745 3150 Quanmmzsrnns—T.
769 3116 819 3142 Vl.
1509 3118 1542 3143 52
