2038 3400
536 240 895 278 451.-M0NAcn1o
919 240 965 277 29
991 239 1234 278 DECEMBms
1262 241 1352 278 1560
1633 243 1709 281 975

136 342 358 381 studiosus
380 344 602 382 haeretice
625 351 644 369 a
666 350 710 383 et
731 350 864 382 natus·
881 351 923 383 et
955 344 1181 392 educatus,
1218 345 1365 396 agnita
1399 358 1476 395 per
1506 353 1755 386 nostrorum

138 415 375 453 conciones
397 416 583 454 ueritate
609 417 870 464 orthodoxa,
904 417 957 455 ad
987 417 1199 468 gremium
1231 417 1447 455 ecclesiae
1480 431 1525 454 sc
1555 420 1753 457 contulit.

138 487 250 525 Hinc
270 487 400 525 etiam
422 487 484 533 fit,
508 493 553 524 ut
581 501 779 538 magnam
810 489 880 526 hic
910 488 1184 539 experiamur
1216 500 1320 538 erga
1351 500 1517 525 sacram
1540 490 1756 527 eucharis-

136 559 238 596 tiam
260 559 407 608 populi
429 558 728 607 demtionem,
762 566 806 597 et
837 560 1017 610 singulis
1047 573 1159 610 pene
1182 559 1306 597 festis
1338 559 1465 609 aliqui
1489 572 1536 597 se
1559 561 1754 598 eiusdem

135 630 368 680 participes
398 630 574 678 faciant3
605 632 839 681 praecipue
871 644 978 669 uero
1010 632 1095 669 hoc
1126 631 1286 670 Christi
1317 631 1476 677 Natali,
1510 644 1595 681 quo
1633 633 1752 669 multi

135 701 246 739 adeo
283 714 379 739 cum
415 702 590 740 Christo
622 703 709 741 nati
741 709 854 750 sunt,
888 709 934 741 ut
955 702 1180 741 ciuitatem
1213 703 1321 740 hanc
1352 703 1393 740 in
1425 702 1755 742 admirationem

134 778 313 823 propter
336 774 398 811 rei
421 775 642 812 raritatem
664 775 999 812 commouerint.
1024 775 1069 811 In
1094 773 1384 822 xenodochijs
1405 775 1542 811 nostri
1563 776 1754 824 gratissi-

136 858 246 882 mam
269 856 446 895 operam
469 846 688 884 collocant
707 846 985 897 pauperibus,
1008 845 1163 896 partim
1186 846 1577 892 consolationibus,
1602 847 1755 896 partim

134 916 436 967 frequentibus
472 917 727 955 eorumdem
757 917 1092 956 uisitationibus.
1126 917 1222 954 Nec
1252 917 1390 954 minus
1425 923 1635 967 acceptae
1658 924 1756 955 sunt

136 988 373 1026 conciones
403 994 653 1027 nostrorum
684 989 845 1026 multae
876 989 917 1027 in
947 989 1069 1038 pagis
1101 987 1526 1031 circumiacentibus3
1549 1001 1640 1026 rem
1663 1002 1755 1039 gra-

135 1059 293 1097 tiorem
314 1060 561 1109 pastoribus
583 1060 728 1099 facere
750 1073 837 1098 non
864 1073 1109 1110 possumus,
1133 1072 1261 1109 quam
1294 1060 1328 1096 si
1350 1060 1522 1109 saepius
1554 1072 1756 1098 excurra-

138 1144 245 1177 mus,
270 1138 317 1169 ut
338 1133 527 1170 rusticae
549 1133 806 1183 plebeculae
828 1145 983 1183 panem
1003 1132 1117 1171 uitae
1139 1131 1403 1182 frangamus.

187 1212 226 1249 3.
287 1204 351 1240 De
373 1203 649 1242 illustrissimi
669 1204 807 1242 nostri
829 1203 951 1242 ducis
974 1207 981 1226 ¹
1007 1216 1113 1254 erga
1134 1203 1393 1254 religionem
1416 1202 1692 1240 christianam
1715 1208 1758 1239 et

135 1274 232 1311 Iesu
254 1274 524 1312 Societatem
546 1276 710 1325 pietate
728 1276 811 1314 iam
829 1275 1027 1313 omnibus
1049 1280 1236 1322 constat,
1260 1287 1387 1324 quam
1408 1274 1535 1311 facile
1553 1273 1653 1311 inde
1671 1274 1757 1311 col-

133 1344 321 1395 ligimus,
346 1344 463 1395 quod
483 1347 713 1397 plurimum
733 1346 894 1384 nostris
924 1346 1114 1398 gaudeat
1144 1346 1445 1393 concionibus,
1470 1351 1515 1383 et
1537 1345 1694 1395 cupiat,
1720 1345 1755 1383 si

134 1429 216 1466 qua
237 1416 278 1453 in
300 1429 345 1454 re
367 1422 530 1466 potest,
554 1424 752 1456 nostrum
781 1429 1043 1469 promouere
1075 1417 1319 1455 institutum
1344 1421 1387 1454 et
1419 1428 1589 1454 ornare.
1622 1415 1755 1454 Cuius

1138 1488 1163 1535 ²,
1203 1501 1314 1539 quae
1345 1486 1553 1539 proximis
1585 1487 1753 1534 diebus,

135 1487 320 1538 uestigia
353 1489 489 1538 probe
532 1489 726 1540 sequitur
761 1489 953 1528 illust.ma
991 1501 1101 1527 uxor

133 1571 243 1608 quae
283 1572 360 1597 sua
394 1565 460 1597 est
500 1560 645 1598 innata
673 1561 828 1611 pietas,
864 1565 1060 1598 nostrum
1089 1560 1271 1610 pulchro
1307 1558 1487 1597 uestiuit
1521 1560 1653 1597 altare
1691 1571 1756 1596 or-

133 1635 251 1668 natu.
294 1631 511 1669 Proceres
551 1632 672 1669 multi
712 1631 838 1669 nobis
868 1645 923 1670 ex
958 1632 1100 1670 animo
1137 1632 1250 1669 bene
1285 1629 1451 1677 fauent,
1493 1636 1537 1668 et
1572 1630 1754 1668 subinde

139 1707 289 1752 optant
336 1715 438 1740 suos
483 1701 595 1740 filios
640 1708 817 1741 nostrae
864 1703 1135 1741 concredere
1178 1703 1445 1753 disciplinae:
1494 1715 1578 1751 qua
1622 1703 1663 1739 in
1710 1714 1754 1739 re

132 1785 237 1811 sane
261 1773 474 1823 repulsam
497 1773 539 1811 in
560 1775 905 1824 praesentiarum
927 1786 951 1812 a
971 1775 1098 1812 nobis
1120 1774 1206 1825 pati
1228 1774 1441 1820 debuere3
1464 1785 1549 1811 non
1571 1773 1753 1823 passuri,

133 1845 167 1882 si
189 1857 268 1883 suo
291 1851 490 1896 tempore
513 1845 760 1884 fundamina
783 1846 957 1897 collegij
982 1845 1106 1883 huius
1128 1846 1292 1884 firmius
1315 1852 1357 1884 et
1385 1846 1574 1895 quietius
1596 1845 1755 1882 fuerint

133 1918 363 1955 collocata.
390 1916 455 1954 Ad
475 1917 593 1968 quod
614 1917 730 1956 idem
751 1918 998 1956 faciendum
1029 1918 1344 1956 illustrissimus
1374 1918 1575 1968 princeps
1606 1923 1756 1955 noster

132 1989 214 2026 iam
236 1989 423 2027 animum
445 1990 620 2035 adiecit,
646 1988 743 2028 cum
763 1991 961 2028 nimirum
984 1991 1110 2028 alicui
1132 1990 1151 2014 b
1174 2003 1197 2028 a
1218 1991 1402 2028 secretis
1425 1990 1527 2037 suis,
1552 1995 1597 2027 ut
1620 1990 1756 2027 selec-

133 2060 298 2099 tissima
318 2074 517 2112 quaeque
540 2062 709 2099 futurae
737 2062 874 2113 frugis
896 2062 1071 2113 ingenia
1101 2067 1396 2112 congregaret
1430 2052 1690 2107 eizcoknda,
1714 2061 1754 2097 in

133 2132 345 2170 mandatis
367 2132 553 2170 dederit.
578 2133 671 2171 Nos
692 2134 864 2171 interim
886 2133 972 2171 hoc
1003 2134 1263 2179 curabimus,
1289 2139 1333 2170 ut
1357 2134 1511 2170 domus
1542 2132 1754 2188 quaedam

132 2205 173 2241 in
196 2217 319 2242 usum
341 2206 644 2243 conuictorum
667 2211 712 2243 et
728 2217 965 2256 pauperum
983 2206 1166 2253 aliorum
1183 2211 1305 2243 recte
1322 2205 1588 2242 instituatur.
1610 2203 1755 2241 Domi-

133 2288 212 2312 nus
234 2276 369 2323 Iesus,
395 2276 464 2314 cui
485 2276 611 2314 vnice
643 2276 825 2314 militare
859 2277 1069 2326 cupimus,
1101 2277 1209 2314 haec
1241 2277 1383 2314 onmia
1414 2275 1466 2313 ad
1498 2288 1617 2312 suam
1653 2287 1754 2312 con-

134 2352 277 2385 uertat
298 2348 497 2398 gloriam.

184 2430 222 2467 4.
284 2420 347 2457 De
383 2420 634 2458 leuiusculis
669 2420 926 2470 quibusdam
960 2421 1358 2471 persecutionibus,
1397 2432 1508 2470 quae
1539 2420 1752 2458 Societati

134 2502 388 2528 communes
410 2491 685 2541 contingunt,
709 2491 928 2530 disserere
952 2493 1086 2530 multa
1102 2505 1187 2530 non
1207 2498 1274 2529 est
1291 2492 1535 2542 praesentis
1552 2492 1751 2537 instituti,

134 2573 230 2599 cum
265 2562 307 2600 in
337 2560 493 2610 ijsdem
525 2575 626 2600 sane
658 2563 699 2600 in
730 2563 906 2601 Christo
944 2576 1041 2601 cum
1071 2563 1173 2601 diuo
1206 2564 1341 2601 Paulo
1382 2564 1558 2613 gloriari
1594 2562 1754 2600 debea-

182 2795 200 2813 a
253 2786 482 2823 haereticae
502 2796 583 2822 ms.
637 2787 701 2811 —b
722 2786 893 2823 alieuius
913 2797 992 2823 ms.

182 2995 191 3013 ¹
246 2993 445 3030 Albertus
463 2993 517 3038 V,
538 2993 741 3030 Bavariae
760 2995 852 3032 dux.

181 3053 194 3072 ²
245 3053 382 3095 Anna.
404 3052 651 3090 Ferdinandi
670 3054 926 3101 imperatoris
945 3054 1039 3092 filia.
