2038 3400
456 257 775 299 346.—B11„20M0
800 257 846 296 22
869 257 1107 296 FEBRUARH
1135 258 1180 304 (P)
1210 259 1299 298 1560
1574 257 1643 297 529

121 362 160 400 6.
222 360 344 400 Rdiss
366 363 469 399 Dns.
496 362 725 412 episcopus
744 362 1105 400 claromontensis
1129 366 1136 384 ¹
1161 360 1465 399 ardentissimo
1484 375 1564 399 nos
1581 374 1691 400 sem-

68 445 144 484 per
166 446 316 471 amore
337 433 630 483 prosequitur,
665 439 709 471 et
738 434 851 471 iacta
884 432 1058 483 collegij
1095 433 1379 471 fundamenta
1409 446 1486 470 sua
1508 434 1693 471 liberali-

70 511 160 543 tate
181 510 430 556 promouet3
453 517 538 554 quo
562 506 602 542 in
637 505 818 556 negotio
843 505 914 543 vix
937 504 1090 543 credas
1112 510 1318 555 quantum
1355 504 1689 543 obseruandiss.

72 578 117 614 P.
142 576 337 626 Baptista
366 576 574 614 Violaeus
606 589 767 626 operae
803 580 932 628 atque
967 576 1206 614 industriae
1243 576 1434 614 collocet
1469 575 1692 613 indefesso

71 659 174 685 sane
208 647 360 685 labore
392 652 436 685 et
468 646 675 685 continuo
701 649 932 695 exerciti03
955 660 1040 697 quo
1063 648 1125 694 fit,
1149 652 1196 685 vt
1218 647 1417 697 proxima
1437 651 1608 684 aestate
1631 658 1694 683 sa-

72 729 171 756 crae
193 716 313 755 aedis
334 715 658 755 dedicationem
694 731 933 768 speremus,
971 719 1039 756 cui
1076 717 1314 769 erigendae
1350 717 1556 755 materies
1591 717 1695 766 (non

72 787 203 826 modo
235 788 352 826 rudis
382 788 571 838 lapidum
600 790 852 839 congeries)
872 790 1007 839 polita
1024 795 1261 839 ornataque
1284 801 1450 826 summa
1471 787 1697 838 diligentia

73 865 369 910 praeparatur.
403 860 559 897 Verbis
591 860 802 909 consequi
835 872 1050 911 nequeam
1085 873 1212 910 quam
1247 858 1463 910 stupenda
1499 859 1697 896 omnibus

75 933 121 969 P.
160 931 383 982 Baptistae
414 930 638 982 vigilantia
669 937 712 968 et
742 931 953 970 industria
974 930 1188 969 videatur.
1215 929 1306 978 Qui
1325 943 1416 968 non
1437 928 1697 976 crediderit,

68 1001 269 1053 festinet,
294 1001 443 1041 videat
463 1003 503 1040 et
524 1003 692 1040 credat.
719 1002 844 1040 R.d³SS
865 1003 917 1040 D.
944 1002 1175 1052 episcopus
1210 1003 1251 1039 in
1286 1003 1371 1040 hoc
1405 1006 1556 1040 nostro
1592 1006 1699 1038 tem-

74 1073 144 1123 plo
168 1073 433 1123 sepulturam
456 1072 536 1110 sibi
553 1072 733 1123 delegit,
760 1079 803 1111 et
825 1080 926 1112 ante
950 1072 1114 1111 obitum
1137 1073 1415 1123 sepulchrum
1437 1073 1518 1111 sibi
1540 1071 1699 1119 extrui,

76 1157 178 1182 mox
199 1145 272 1182 vbi
294 1144 429 1182 aedes
451 1149 657 1182 contecta
678 1144 823 1191 fuerit,
848 1150 1096 1183 curaturum
1118 1157 1165 1182 se
1193 1145 1481 1183 asseuerauit.
1520 1145 1700 1182 Multum

78 1215 191 1253 enim
212 1215 362 1253 tribuit
383 1215 618 1253 Societatis
638 1219 680 1253 et
703 1215 1065 1254 scholasticorum
1086 1216 1304 1266 precibus,
1334 1216 1489 1266 quibus
1517 1216 1701 1254 animam

77 1298 196 1324 suam
231 1286 273 1324 in
303 1287 477 1324 coelum
508 1287 820 1325 subleuandam
844 1293 1004 1338 sperat.
1030 1288 1112 1326 Hic
1134 1287 1411 1339 aegritudine
1434 1286 1630 1338 corporis
1653 1299 1703 1325 ac

79 1358 373 1396 membrorum
396 1364 588 1397 tremore
611 1359 813 1406 affectus,
837 1372 971 1410 aegre
993 1360 1128 1398 vitam
1149 1360 1381 1411 pollicetur
1402 1359 1702 1410 prolixiorem;

78 1441 205 1480 quam
226 1435 373 1468 tamen
389 1429 534 1468 diuina
555 1430 802 1481 benignitas
823 1431 993 1481 piorum
1014 1431 1217 1481 precibus
1237 1430 1419 1469 inuitata
1434 1430 1703 1482 protendere

79 1513 157 1551 pro
179 1507 330 1539 nostra
349 1501 508 1540 fiducia
530 1501 749 1553 dignetur,
773 1502 901 1540 vnice
922 1502 1047 1540 nobis
1069 1502 1111 1540 in
1132 1503 1248 1540 votis
1271 1508 1353 1550 est,
1372 1502 1490 1552 quod
1511 1515 1704 1552 praema-

79 1577 176 1610 tura
191 1572 323 1622 ipsius
340 1585 456 1611 mors
474 1573 649 1623 collegij
669 1573 862 1623 negotijs
878 1585 964 1611 non
980 1586 1130 1623 parum
1149 1573 1329 1611 officere
1346 1574 1500 1624 possit.
1519 1573 1705 1611 Omnem

80 1648 226 1681 tamen
242 1643 306 1680 rei
323 1649 530 1681 euentum
548 1643 720 1682 diuinae
738 1644 1042 1695 prouidentiae
1065 1645 1243 1683 arbitrio
1267 1645 1575 1692 submittimus,
1594 1656 1705 1695 quae

82 1714 205 1752 nouit
227 1714 390 1764 optime
411 1714 465 1752 ad
489 1715 731 1753 electorum
762 1716 946 1753 salutem
983 1716 1127 1754 omnia
1160 1728 1436 1766 prosperare.
1474 1715 1631 1754 Adhuc
1664 1716 1706 1753 in

83 1790 226 1823 castro
262 1797 356 1831 suo,
395 1785 464 1823 cui
497 1797 659 1823 nomen
688 1785 907 1836 Euscopia
929 1791 1010 1831 est,
1035 1799 1113 1824 seu
1135 1786 1497 1837 Belliregardum‚
1522 1786 1708 1824 aduersa

83 1855 335 1894 valetudine
357 1862 537 1894 coactus
559 1862 720 1904 manet3
742 1869 826 1895 nec
847 1863 970 1895 certo
994 1863 1167 1896 constat
1189 1863 1331 1896 vtrum
1366 1870 1473 1896 vere
1507 1858 1707 1909 proximo

85 1926 302 1964 Lutetiam
332 1927 386 1965 sit
422 1928 801 1979 commigraturus,
834 1927 951 1978 quod
971 1934 1207 1979 peroptare
1229 1929 1419 1976 videtur,
1444 1930 1478 1967 si
1500 1927 1707 1967 valetudo

84 1996 250 2035 itineris
281 1998 527 2037 molestiam
557 1999 684 2038 ferat.
731 1999 783 2036 Et
818 1999 862 2037 id
895 1999 1077 2038 forsitan
1110 2000 1237 2039 nobis
1270 2000 1506 2052 optandum
1543 2006 1624 2047 est,
1662 2004 1709 2038 vt

85 2068 259 2120 collegij
284 2068 526 2120 Vtriusque,
556 2075 598 2108 et
621 2070 911 2109 Bilhomensis
934 2076 978 2108 et
1000 2071 1256 2110 Parisiensis
1276 2071 1458 2123 negotia
1480 2072 1709 2111 confirmet

87 2152 163 2178 sua
182 2141 444 2191 praesentia.
471 2142 692 2191 Quantum
712 2142 840 2181 nobis
860 2142 1023 2189 faueat,
1046 2144 1118 2181 vel
1152 2143 1239 2182 hoc
1272 2148 1531 2195 argumento
1567 2143 1710 2182 lucide

87 2217 282 2261 apparet,
314 2211 431 2263 quod
462 2225 599 2262 quum
630 2213 785 2252 decem
816 2213 932 2251 milia
965 2213 1212 2253 francorum
1243 2215 1433 2266 collegio
1467 2214 1712 2253 extruendo

87 2283 306 2332 pollicitus
328 2284 496 2322 solenni
519 2284 814 2335 stipulatione,
851 2284 1098 2334 quindecim
1134 2286 1250 2324 milia
1283 2287 1453 2337 priuato
1491 2286 1711 2337 colloquio

87 2354 350 2403 promiserit.
370 2355 603 2405 Speramus
620 2356 759 2406 ipsum
774 2356 901 2393 nullis
917 2356 1149 2406 impendijs
1166 2369 1250 2395 nec
1266 2358 1509 2408 sumptibus
1526 2369 1713 2407 vnquam

90 2422 354 2472 defuturum,
379 2425 510 2464 modo
534 2431 759 2477 superstes
781 2427 915 2464 viuat.
940 2428 1046 2465 Post
1066 2427 1197 2465 ferias
1231 2428 1449 2466 natalitias
1486 2428 1714 2479 octoginta

89 2495 193 2533 alias
227 2496 407 2534 arbores
442 2497 549 2535 mira
583 2497 844 2535 celsitudine
881 2502 923 2535 et
954 2497 1217 2536 rectitudine
1239 2499 1520 2549 spectabiles,
1561 2504 1712 2538 nostro

91 2566 290 2605 aedificio
313 2566 508 2614 donauit,
534 2573 576 2606 et
600 2570 645 2606 P.
672 2569 894 2619 Baptistae
918 2569 1058 2607 calcar
1080 2569 1245 2608 addidit
1280 2571 1345 2608 his
1372 2570 1535 2609 verbis:
1559 2577 1715 2621 vrgeat

94 2650 201 2688 opus
224 2637 340 2676 omni
359 2639 562 2677 instantia
584 2645 628 2677 et
649 2639 900 2685 sedulitate,
932 2640 1095 2678 nummi
1131 2641 1372 2691 sumptibus
1408 2642 1582 2679 minime
1614 2641 1716 2679 dee-

93 2714 206 2746 runt.
245 2709 432 2758 Quoties
461 2710 600 2760 ipsum
618 2710 862 2759 jnuisimus,
886 2723 974 2748 non
996 2711 1127 2749 modo
1151 2711 1366 2759 officiose,
1390 2711 1469 2750 sed
1492 2713 1622 2750 etiam
1644 2713 1717 2750 ho-

94 2780 274 2818 norifice
294 2793 375 2819 nos
396 2781 574 2832 excipit,
599 2782 751 2820 osculo
786 2782 1003 2820 interdum
1039 2788 1083 2820 et
1116 2784 1321 2834 amplexu
1356 2796 1437 2822 nos
1473 2783 1715 2835 dignatur,

96 2863 268 2889 omnem
289 2851 605 2904 benignitatem
626 2853 752 2892 nobis
775 2854 969 2901 exhibet,
993 2866 1080 2892 non
1102 2854 1232 2894 modo
1257 2860 1303 2892 vt
1323 2860 1501 2893 nostrae
1523 2855 1718 2893 Societa-

94 2922 149 2959 tis
182 2927 390 2972 patronus
426 2928 470 2961 et
503 2937 754 2972 moecenas,
788 2925 866 2963 sed
897 2926 1019 2963 velut
1050 2926 1237 2975 optimus
1267 2932 1406 2977 pater.
1432 2927 1657 2964 Retribuat
1681 2927 1719 2963 ei

146 3064 155 3084 ¹
208 3062 438 3101 Gulielmus
456 3077 479 3101 a
498 3063 620 3101 Prato
638 3064 709 3110 (du
727 3064 856 3110 Prat).

241 3148 403 3173 anrnmffl
423 3147 826 3180 QUAanitsrnsss.—T0M.
849 3148 901 3173 VI.
1550 3153 1580 3178 34
