2038 3400
509 256 870 294 350f—COMPLUTO
893 255 939 293 29
964 254 1203 293 FEBRUARn
1233 255 1322 292 1560
1607 256 1676 293 543

100 351 213 389 fama
234 357 301 390 est
324 351 513 390 omnium
536 353 723 402 optimos
745 365 796 390 ac
816 351 1214 403 praestantissimos
1246 351 1469 390 auditores
1493 364 1589 389 esso
1624 365 1721 389 nos-

100 428 206 461 tros.
231 423 402 460 Etenim
425 435 521 460 cum
543 421 624 473 ipsi
644 421 833 473 ingenijs
863 428 963 460 sunt
992 435 1200 473 perquam
1231 422 1351 469 raris,
1385 427 1473 461 turn
1508 423 1722 460 exercita-

100 493 161 531 tio
184 493 430 544 disputandi
465 494 782 544 relegendique
814 493 1066 544 quotidiana
1096 506 1193 531 curn
1224 493 1393 543 priuata
1425 494 1633 544 cuiusque
1663 494 1721 531 di-

100 564 279 615 ligentia
301 565 547 611 coniuncta,
573 565 755 602 ,multum
778 578 823 603 se
846 565 1004 615 ubique
1036 564 1192 614 prodat
1223 577 1407 603 necesse
1431 570 1513 603 est.
1536 565 1721 603 Accedit

100 634 153 671 ad
170 635 255 672 hoc
272 635 389 685 quod
404 640 695 685 praeceptore
714 640 892 674 utuntur
910 635 1041 682 domi,
1060 640 1107 673 ut
1125 640 1192 673 est
1210 636 1399 673 omnium
1419 635 1579 685 opinio,
1604 649 1722 673 accr-

99 705 205 743 rimo
239 706 362 743 simul
397 719 448 744 ac
483 707 787 754 solertissimo,
820 706 873 744 ad
902 705 1183 757 publicasque
1216 707 1430 744 lectiones
1451 719 1538 743 non
1573 719 1721 756 parum

99 775 201 813 facit
223 776 480 815 domestica.
506 778 635 814 Pater
667 778 782 815 enim
814 777 868 815 M.
903 778 1021 815 Deza
1044 783 1050 800 ¹
1075 776 1129 815 de
1152 777 1283 815 tertia
1306 778 1357 815 D.
1382 777 1576 815 Thomae
1598 782 1720 828 parte

98 845 247 884 diserit
269 847 376 885 hora
406 848 631 895 matutina,
666 849 734 886 cui
765 849 958 886 nonnulli
989 853 1272 886 externorum
1294 848 1394 898 (nec
1416 849 1531 886 enim
1554 849 1721 886 cunctis

96 917 223 955 ianua
243 919 382 968 patet)
404 918 531 957 auide
562 919 779 957 intersunt
815 927 848 958 a.
881 919 1098 970 Theologi
1132 919 1289 958 fratres
1324 925 1423 957 sunt
1457 919 1719 970 quindecim,

101 989 369 1037 sedecimue,
392 990 639 1041 philosophi
663 1004 755 1029 sex.

148 1071 186 1108 3.
247 1062 486 1100 Coeterum
522 1063 726 1113 quicquid
763 1076 817 1101 ex
849 1064 1085 1102 Societatis
1121 1069 1189 1101 est
1219 1063 1434 1110 instituto,
1468 1063 1718 1101 incarcere

95 1131 313 1179 adeundo,
337 1132 378 1170 in
401 1135 683 1171 sacramentis
700 1134 1063 1181 administrandis,
1084 1134 1274 1183 dissidijs
1291 1139 1421 1185 atque
1443 1133 1679 1183 inimicitijs
1701 1135 1720 1158 b

96 1203 425 1252 componendis,
451 1204 719 1242 consolando
754 1218 988 1256 oppressos
1019 1206 1189 1252 morbo,
1213 1204 1443 1243 animando
1467 1205 1717 1253 morituros,

96 1273 405 1324 exercitijsque
429 1276 721 1326 spiritualibus
738 1276 976 1324 tradendis,
996 1266 1107 1315 adeo
1125 1276 1359 1327 diligenter
1380 1276 1522 1327 agitur
1545 1282 1589 1315 et
1610 1282 1719 1315 trac-

95 1348 224 1391 tatur,
249 1350 295 1382 ut
317 1358 369 1383 ea
390 1346 431 1383 in
453 1347 559 1385 urbe
582 1347 663 1385 hac
684 1354 701 1372 0
728 1349 865 1386 nostri
897 1348 1071 1398 collegij
1105 1348 1371 1386 existimatio
1408 1348 1476 1394 sit,
1507 1360 1618 1398 quae
1639 1348 1719 1385 fuit

94 1415 320 1463 hactenus,
359 1417 543 1468 eritque,
568 1418 743 1456 Christo
774 1419 968 1466 fauente,
1002 1432 1174 1469 semper
1205 1418 1545 1469 religiosissima.
1572 1420 1717 1469 Quare

95 1499 191 1525 cum
213 1487 267 1525 ad
289 1489 569 1539 suspendium
599 1504 736 1540 nuper
767 1503 867 1529 reus
897 1490 1070 1541 quidam
1106 1490 1356 1538 duceretur,
1382 1504 1516 1541 seque
1539 1491 1610 1529 vel
1633 1491 1718 1529 dia-

93 1558 236 1596 bolica
256 1564 348 1597 arte
372 1559 599 1610 deceptus,
633 1562 704 1599 vel
737 1562 904 1609 callida,
938 1562 1054 1612 quod
1082 1563 1302 1609 existimo,
1328 1562 1598 1613 cogitatione
1620 1575 1717 1612 pro-

92 1629 277 1680 pinquae
309 1632 461 1668 mortis
492 1631 771 1682 effugiendae
803 1633 1009 1680 imbutus,
1043 1633 1334 1672 lutheramum
1357 1646 1403 1671 re
1426 1632 1517 1683 ipsa
1539 1633 1717 1671 demon-

94 1705 266 1748 straret,
298 1715 441 1753 neque
473 1703 629 1741 adduci
660 1708 826 1754 posset,
860 1710 906 1741 ut
937 1717 1014 1742 sua
1042 1710 1226 1755 peccata
1257 1704 1477 1743 sacerdoti
1507 1705 1714 1756 aperiret,

92 1773 251 1822 populo
284 1774 572 1812 vehementer
593 1774 635 1812 in
657 1775 870 1813 eiusmodi
901 1788 948 1813 re
980 1781 1217 1822 commoto,
1251 1775 1436 1814 duorum
1468 1789 1522 1814 ex
1552 1776 1716 1814 nostris

93 1855 242 1893 opera,
265 1845 335 1894 qui
356 1844 528 1883 fuerant
550 1858 574 1883 a
594 1846 889 1896 gubernatore
921 1846 1064 1893 acciti,
1097 1852 1325 1884 reuotatus
1347 1847 1400 1884 ab
1423 1847 1516 1897 ipsa
1538 1847 1653 1885 scala
1673 1847 1715 1884 in

92 1926 400 1967 carceremque
423 1917 629 1955 reductus
654 1924 734 1956 est.
760 1919 990 1956 Postremo
1021 1924 1121 1968 post
1152 1919 1308 1956 multas
1331 1924 1375 1957 et
1395 1931 1552 1968 preces
1576 1924 1619 1956 et
1642 1919 1715 1956 mi-

90 1998 166 2023 nas
188 1986 346 2025 frustra
376 1995 671 2039 consumptas,
697 2002 773 2027 sua
804 1993 958 2040 sponte
989 1989 1189 2027 confiteri
1220 1990 1335 2028 uelle
1367 2003 1413 2028 se
1436 1991 1559 2037 dixit,
1583 1995 1714 2041 atque

91 2058 288 2095 meritam
311 2060 506 2110 corporis
527 2073 683 2098 necem
705 2074 791 2098 non
810 2074 907 2098 sese
931 2072 1154 2108 recusare,
1174 2066 1220 2098 ut
1241 2068 1452 2100 aeternae
1474 2062 1591 2100 vitae
1614 2074 1714 2100 con-

91 2129 268 2176 suleret,
293 2136 495 2178 testatus,
520 2132 672 2169 Patres
695 2131 930 2170 Societatis
954 2132 1134 2170 eosdem
1157 2133 1324 2171 accersi
1346 2133 1425 2170 sibi
1447 2133 1713 2183 impetrauit3

90 2212 199 2249 quos
220 2206 340 2238 tanta
362 2214 458 2239 curn
480 2203 765 2252 lacrymarum
788 2203 1141 2254 singultuumque
1164 2204 1289 2254 copia
1308 2204 1498 2254 excepit,
1524 2204 1714 2254 comple-

90 2283 256 2320 xusque
280 2276 344 2309 est
366 2273 520 2322 palam,
546 2277 591 2311 ut
612 2274 744 2324 vulgo
770 2279 888 2311 esset
923 2274 1044 2323 quasi
1078 2274 1302 2313 miraculo.
1339 2273 1501 2324 Ijsdem
1537 2275 1711 2313 demum

89 2342 410 2391 comitantibus,
434 2350 612 2394 postera
629 2344 698 2382 die
720 2343 959 2394 productus
983 2349 1026 2382 et
1047 2345 1089 2382 in
1111 2357 1266 2396 magna
1287 2346 1576 2396 spectantium
1594 2345 1712 2383 aedi-

88 2412 293 2451 ficatione
315 2415 610 2466 strangulatus
631 2416 856 2466 pependit.
1642 2407 1648 2409 ⁴

140 2495 178 2532 4.
238 2485 483 2535 Antequam
521 2486 827 2537 digrederetur
862 2487 961 2525 hinc
997 2488 1044 2525 Ρ.
1082 2487 1337 2525 Franciscus
1372 2493 1399 2535 ²,
1440 2487 1711 2538 probationis

88 2554 279 2603 domum,
306 2557 426 2595 cuius
446 2558 529 2595 iam
551 2558 717 2608 pridem
740 2558 973 2609 collegium
994 2558 1192 2610 indigere
1214 2558 1460 2606 videbatur,
1484 2559 1710 2596 instituen-

88 2625 184 2664 dam
208 2628 632 2679 confirmandamque
655 2631 836 2668 curauit.
861 2631 1008 2668 Habet
1027 2630 1113 2668 hoc
1139 2629 1405 2669 domicilium
1440 2629 1708 2668 mediocrem

133 2809 152 2827 a
183 2802 404 2841 instersunt
424 2814 503 2841 ms.
558 2805 623 2830 —b
643 2804 678 2841 ci
697 2810 834 2851 supra
849 2816 1038 2842 versum.
1091 2813 1155 2832 —0
1183 2806 1274 2853 Seq.
1297 2819 1346 2842 ex
1366 2806 1491 2843 delet.

134 2995 143 3014 ¹
197 2994 241 3029 Ρ.
262 2994 497 3040 Alphonsus
517 2995 644 3032 Deza.
667 2996 730 3034 Cf.
751 2996 864 3033 Stus.
887 2995 1149 3034 ancz‘scus
1169 2997 1342 3043 Borgt'a,
1365 2996 1434 3039 III,
1456 2996 1537 3033 467.

132 3053 146 3072 2
195 3052 305 3090 Stus.
325 3053 566 3092 Franciseus
586 3055 748 3102 Borgia.
