2038 3400
356 272 426 310 498
823 273 1042 311 er'rERAE
1069 273 1428 318 QUADRIMESTRES

310 374 530 426 mediocrj
566 389 619 414 ac
648 375 725 426 pio
761 377 866 413 tono
903 374 1028 413 uocis
1063 375 1329 413 decantatae
1356 372 1593 424 afuerunt
1627 373 1808 425 ingenti
1841 387 1942 413 omn

312 446 565 485 astantium
583 447 767 497 plausu.

363 520 401 557 8.
462 520 592 556 Pater
610 520 800 570 Joannes
831 519 1027 569 Baptista
1058 518 1333 566 Carmjnatus
1364 517 1429 567 (ut
1470 517 1669 566 omjttam
1705 518 1943 556 conciones

310 592 352 630 in
387 591 541 641 quibus
579 591 770 640 omnjum
806 592 886 629 sibi
921 591 1029 640 mjre
1066 590 1260 639 deu-ineit
1297 591 1429 639 atque
1465 589 1636 641 alligat
1675 590 1862 640 anjmos)
1902 590 1943 627 in

311 663 504 701 lectione
545 662 772 700 doetrinae
810 663 1086 708 christianae,
1124 674 1251 711 quam
1288 660 1443 698 diebus
1482 662 1658 699 veneris
1698 662 1739 698 in
1779 661 1942 711 templo

311 733 459 781 docet,
484 734 626 773 adhuc
647 747 805 785 magno
830 746 925 771 cum
948 734 1091 771 fructu
1115 733 1365 783 gaudioque
1394 731 1642 770 auditorum
1671 737 1943 782 perseuerat.

312 806 428 844 R.<1¹¹S
456 807 586 844 Pater
618 807 780 845 Rector
813 806 837 852 ¹,
883 812 1058 856 prae-ter
1088 818 1214 855 quam
1246 803 1364 854 quod
1392 816 1532 851 casus,
1563 810 1609 842 ut
1631 810 1805 851 uocant,
1844 816 1945 842 con-

312 878 521 916 scientiae
543 877 705 916 nostris
727 877 1032 916 sacerdotibus
1055 875 1234 927 singulis
1257 875 1411 913 diebus
1441 876 1645 914 enucleat
1662 877 1701 915 et
1725 876 1887 914 enodat
1907 877 1942 924 b,

310 949 426 987 idem
449 962 624 1000 quoque
647 949 826 1000 singulis
848 949 1002 987 diebus
1034 948 1209 986 veneris
1245 947 1447 996 omnjbus
1483 952 1527 985 et
1561 947 1742 997 noujtijs
1779 953 1823 986 et
1859 949 1945 986 col-

310 1021 540 1071 legialibus
559 1021 613 1058 de
635 1021 783 1070 foeljci
806 1021 1114 1071 religiosorum
1137 1019 1392 1074 conditione
1411 1019 1547 1057 uerba
1573 1019 1691 1067 facit,
1716 1020 1943 1070 proposito

309 1092 436 1130 nobis
471 1092 556 1130 hoc
590 1093 802 1139 themate,
839 1105 1012 1142 nempe:
1055 1093 1247 1129 «Bonum
1285 1096 1353 1129 est
1387 1104 1467 1129 nos
1502 1092 1573 1129 hic
1608 1104 1730 1129 esse»
1769 1090 1797 1138 2;
1828 1091 1945 1142 quod

310 1164 486 1214 quidem
516 1165 665 1202 thema
695 1164 893 1214 dilataujt
924 1165 1137 1202 hactenus
1163 1166 1245 1214 sper
1274 1171 1291 1188 0
1319 1164 1370 1201 D.
1406 1163 1691 1211 Bernardum,
1724 1164 1796 1215 qui
1824 1163 1942 1202 dicit:

314 1236 481 1274 «Homo
531 1236 572 1274 in
621 1237 835 1287 religione
886 1236 996 1285 ujuit
1044 1236 1214 1286 purius,
1266 1235 1382 1273 cadit
1428 1236 1588 1283 rarius,
1640 1236 1779 1286 surgit
1825 1236 1945 1274 uelo-

312 1307 419 1355 cius,
446 1313 558 1346 etC.»
583 1311 611 1346 ³.

363 1390 401 1428 9.
462 1379 542 1417 Die
564 1379 680 1417 festo
702 1379 945 1428 natiujtatis
966 1379 1246 1417 beatissimae
1278 1378 1471 1429 Uirginis
1503 1378 1663 1416 Mariae
1693 1379 1869 1416 fuerunt
1904 1379 1945 1416 in

311 1450 583 1488 Societatem
607 1451 781 1489 admissi
806 1457 895 1489 tres
916 1450 1254 1499 adolescentulj,
1281 1449 1444 1501 optima
1475 1462 1566 1500 spe,
1599 1449 1811 1500 mjrtsfica
1833 1449 1854 1474 d
1886 1450 1945 1487 in-

311 1522 411 1560 dole
435 1522 634 1572 praediti,
668 1536 852 1572 quorum
882 1523 1045 1573 primus
1077 1521 1236 1571 dicjtur
1277 1522 1574 1571 Hieronymus
1608 1522 1786 1571 Regum,
1825 1521 1943 1570 Petrj

311 1593 434 1644 Regij
472 1594 605 1632 frater
640 1595 863 1644 patruelis,
901 1594 1011 1631 altor
1049 1594 1264 1631 Marianus
1287 1593 1479 1640 Rubeus,
1506 1593 1631 1641 cujus
1651 1593 1786 1630 frater
1809 1593 1945 1630 maior

309 1671 413 1702 natu
434 1665 576 1703 fuerat
599 1666 821 1715 ingressus
842 1666 992 1715 paucis
1014 1665 1171 1703 abhinc
1194 1665 1315 1702 annis
1350 1665 1392 1702 in
1426 1670 1620 1702 nostram
1656 1664 1944 1711 Societatem3

309 1737 466 1775 tertius
497 1737 662 1775 Caesar
693 1738 934 1775 Villanoua.
974 1738 1057 1776 Hie
1091 1737 1320 1788 plurimum
1352 1737 1469 1774 ualet
1491 1737 1693 1785 acumjne
1715 1736 1877 1787 ingenij
1902 1741 1947 1774 et

311 1808 566 1847 celerrimos
589 1821 849 1859 progressus
870 1809 973 1847 facit
996 1810 1035 1846 in
1059 1809 1229 1858 studijs,
1254 1809 1452 1860 quamuis
1473 1809 1673 1859 proficiat
1703 1808 1745 1846 in
1779 1809 1944 1859 pietate

309 1892 396 1917 non
420 1880 574 1929 mjnus.
615 1881 780 1931 Reliquj
806 1881 891 1918 (luo
928 1887 1156 1932 utramque
1192 1881 1354 1931 pariter
1391 1881 1613 1931 complent
1646 1881 1863 1931 paginam,
1895 1881 1945 1918 si-

310 1952 486 2003 quidem
523 1957 567 1990 et
602 1952 835 2002 proficiunt
871 1954 911 1990 in
946 1954 1083 1991 literis
1115 1959 1158 1991 et
1188 1952 1434 2004 procedunt
1465 1953 1666 1990 alacriter
1687 1953 1729 1990 in
1751 1952 1823 2001 uja
1845 1952 1943 2001 Dej.

310 2025 409 2062 Non
431 2024 533 2072 nullj
559 2030 795 2074 expectant
826 2024 1078 2073 aujdissime
1111 2025 1226 2063 diem
1256 2038 1310 2062 ex
1346 2024 1432 2072 die,
1470 2037 1556 2074 quo
1592 2024 1769 2062 tandem
1803 2025 1945 2075 ingre-

311 2094 497 2142 diantur,
522 2095 590 2144 alij
616 2101 714 2132 sunt
736 2096 935 2145 ingressi.
962 2096 1058 2133 Duo
1082 2097 1245 2146 pariter
1267 2097 1452 2133 iuuenes
1475 2095 1721 2144 mamertinj
1746 2097 1948 2133 Messana

309 2167 490 2205 huiusce
514 2167 575 2216 rej
600 2168 740 2217 gratia
762 2168 963 2218 profecti,
988 2174 1219 2218 postquam
1243 2169 1371 2217 unjus
1394 2168 1556 2206 mensis
1593 2180 1689 2206 cum
1724 2168 1863 2205 altero
1887 2167 1946 2205 di-

311 2239 443 2287 mjdio
466 2238 560 2276 fere
582 2239 887 2288 probationem
909 2252 995 2277 non
1018 2240 1181 2290 absque
1206 2253 1284 2277 suo
1308 2239 1511 2290 profectu
1534 2238 1744 2290 spiritual-i
1770 2244 1814 2276 et
1841 2239 1945 2276 alio-

309 2324 402 2349 rum
420 2311 699 2350 edificatione
721 2318 738 2336 e
761 2311 1045 2349 absoluerunt
1067 2312 1107 2349 in
1130 2312 1334 2362 primario
1356 2313 1483 2350 huius
1502 2312 1619 2350 urbis
1641 2310 1940 2361 ptocodochio

313 2381 423 2431 [8ἰσΙ,
448 2382 622 2421 demum
646 2384 916 2421 Societatem
939 2389 1037 2421 sunt
1057 2384 1260 2434 ingressi.
1284 2385 1472 2434 Ujdetur
1493 2383 1694 2434 profecto
1718 2383 1769 2421 D.
1803 2384 1856 2421 N.
1877 2384 1945 2434 Je-

356 2552 375 2571 a
402 2545 553 2582 dictae.
612 2546 675 2570 —b
698 2545 843 2582 enodat
862 2548 987 2590 prins
1007 2546 1104 2586 del..
1124 2551 1221 2593 post
1240 2548 1401 2584 iterum
1420 2547 1566 2593 script.
1588 2550 1727 2593 supra
1745 2557 1854 2582 vers.

308 2613 373 2631 —C
397 2609 576 2642 secutus.
636 2605 702 2630 —d
733 2617 792 2641 ae.
850 2613 911 2631 „e
934 2605 1070 2642 Prius
1089 2606 1349 2654 edificationj.

359 2775 366 2794 ¹
420 2773 464 2810 P.
486 2772 639 2810 Paulus
658 2773 707 2809 de
728 2773 907 2810 Achille.

356 2833 369 2852 2
420 2832 608 2874 Mai-m..
630 2832 765 2873 XVII.
787 2833 821 2869 4.

355 2893 368 2913 ³
418 2893 571 2930 Homil.
594 2894 632 2929 in
652 2893 751 2929 illud
774 2892 956 2935 Mirm..
978 2892 1089 2937 XIII,
1110 2894 1168 2930 45:
1193 2893 1358 2932 «Simile
1379 2900 1439 2931 est
1459 2907 1632 2941 regnum
1652 2895 1858 2931 caelorum
1877 2894 1943 2931 ho-

308 2953 404 2990 mini
421 2953 663 2998 negotiatori
676 2965 815 2998 quaer.
831 2952 956 2989 bonas
972 2966 1132 3000 marg.»
1151 2952 1214 2990 Cf.
1231 2953 1304 2990 Sti.
1323 2954 1455 2991 Bern.
1473 2959 1586 3000 oper.
1605 2954 1683 2998 (ed.
1703 2953 1940 2997 MABILLON„

309 3013 425 3049 Paris
462 3012 575 3057 1719),
611 3013 688 3048 vol.
719 3011 767 3055 ΙΙ,
801 3013 876 3048 col.
905 3012 987 3049 787.
1022 3012 1162 3050 Editor
1194 3014 1297 3050 hanc
1329 3018 1409 3050 not.
1444 3013 1679 3060 praemittit:
1713 3013 1945 3050 ‹Tribuitur

308 3074 576 3110 communiter
595 3072 841 3117 BERNARDO,
863 3073 1049 3119 quamvis
1067 3086 1142 3110 nee
1161 3073 1271 3110 illius
1296 3086 1386 3110 esse
1408 3073 1638 3110 videatur.»
