2038 3400
490 223 825 262 ztir—munero
854 224 869 261 1
898 223 1161 262 SEPTEMBms
1190 223 1279 260 1560
1581 222 1650 260 785

79 325 150 376 qui
170 339 256 364 non
278 328 417 364 solum
439 326 594 365 diebus
616 326 842 365 dominicis
874 331 917 364 et
947 326 1070 364 festis
1100 324 1141 364 in
1177 325 1410 364 celebriori
1445 326 1563 364 vrbis
1598 325 1696 364 loco

80 398 186 448 legit
220 409 347 436 vnam
381 410 435 436 ex
475 398 671 448 epistolis
712 399 807 436 Diui
844 397 978 452 Pauli,
1016 397 1095 435 sed
1131 398 1261 435 etiam
1296 397 1388 435 aliis
1424 396 1579 435 diebus
1614 398 1699 435 hoc

80 469 218 519 ipsum
238 473 416 519 propter
446 481 646 520 magnam
678 470 910 508 multorum
940 468 1226 506 deuotionem
1260 468 1408 507 facere
1440 468 1697 519 cogebatur.

81 539 255 578 Interim
291 545 437 578 tamen
472 541 533 578 sic
568 540 916 580 recinetensibus
938 546 956 564 a
979 552 1155 590 operam
1191 552 1312 578 suam
1351 540 1616 590 praestabat,
1654 544 1700 576 vt

79 611 221 657 nobis,
258 611 330 661 qui
365 611 539 648 Laureti
576 611 860 662 degebamus,
899 611 1154 661 opportunis
1189 610 1307 648 horis
1338 610 1530 657 adesset,
1564 622 1700 661 seque

80 682 314 719 multorum
336 682 576 720 commodis
599 687 642 720 et
665 682 954 720 consolationi
974 686 1159 732 aptaret.
1184 680 1352 732 Reliqui
1383 687 1530 720 autem
1561 693 1702 720 sacer-

80 751 209 790 dotes
229 752 272 790 in
292 753 378 791 hoc
399 753 671 791 sanctissimo
694 754 858 803 templo
881 752 1099 790 continuis
1119 752 1213 791 fere
1236 752 1599 802 occupationibus
1620 752 1703 790 dis-

80 821 190 860 tenti
210 823 391 861 multum
412 824 509 862 Deo
533 829 577 861 et
597 825 895 874 proximorum
916 823 1255 862 necessitatibus
1276 823 1584 862 inseruierunt.
1610 823 1704 862 Nec

82 894 217 932 refert
238 895 456 945 sigillatim
479 907 530 933 ea
552 907 881 938 connumerare,
906 906 1016 944 quae
1036 906 1115 944 per
1137 907 1238 932 suos
1262 895 1485 944 operarios
1514 899 1705 945 praesta-

82 977 128 1003 re
150 965 289 1003 voluit
309 966 534 1004 Dominus.
560 967 651 1005 Scit
674 966 786 1004 enim
809 966 971 1016 optime
994 966 1041 1004 R.
1066 972 1139 1004 tua
1160 966 1404 1004 Paternitas
1425 971 1630 1016 quantum
1652 965 1705 1004 ad

83 1037 319 1075 animarum
352 1038 538 1075 salutem
570 1049 693 1076 sacer
722 1039 804 1076 iste
840 1038 962 1076 locus
993 1038 1152 1084 valeat,
1189 1042 1480 1088 quantamque
1515 1049 1705 1076 messem

85 1109 253 1147 soleant
275 1109 427 1155 nostri,
451 1110 522 1160 qui
543 1110 613 1148 hic
634 1110 842 1157 habitant,
866 1110 909 1147 in
930 1110 1090 1148 horrea
1110 1110 1283 1148 Domini
1304 1109 1565 1148 recondere.

137 1191 175 1228 3.
235 1180 386 1218 Dicam
407 1181 537 1231 igitur
554 1193 665 1232 quae
681 1181 785 1219 foris
801 1187 927 1232 gesta
943 1186 1057 1219 sunt.
1078 1182 1272 1219 Fuerunt
1288 1181 1544 1232 frequenter
1560 1192 1706 1219 accer-

88 1252 158 1289 siti
179 1252 374 1290 nonnulli
392 1264 446 1290 ex
463 1253 639 1299 nostris,
659 1253 731 1303 qui
747 1254 890 1291 vicina
907 1253 1066 1303 oppida
1082 1253 1326 1300 visitarent,
1351 1258 1395 1291 et
1416 1253 1458 1291 in
1474 1253 1572 1300 illis,
1597 1253 1707 1291 sicut

87 1323 278 1370 Laureti,
302 1323 601 1373 proximorum
622 1324 962 1362 necessitatibus
984 1324 1286 1371 subuenirent3
1309 1324 1428 1374 quod
1449 1335 1554 1362 sane
1576 1323 1708 1361 effec-

87 1398 177 1431 tum
198 1395 218 1419 b
241 1399 309 1432 est
328 1407 415 1432 non
438 1395 530 1432 sine
552 1396 802 1443 multorum,
826 1396 1014 1433 maxime
1036 1400 1183 1433 autem
1204 1394 1486 1441 infirmorum,
1511 1395 1709 1434 consola-

86 1465 223 1502 tione.
247 1465 294 1502 In
316 1466 466 1503 Monte
489 1466 650 1504 Sancto
674 1465 754 1514 (sic
772 1466 885 1504 enim
907 1466 1127 1516 appellant
1146 1466 1294 1504 nobile
1317 1470 1360 1504 et
1382 1466 1570 1516 amplum
1593 1466 1709 1516 oppi-

89 1534 190 1572 dum
210 1535 337 1573 nobis
358 1535 566 1585 vicinum)
588 1536 668 1574 fuit
689 1535 862 1586 quidam
884 1548 939 1574 ex
960 1537 1122 1574 nostris
1144 1537 1345 1575 Patribus
1368 1543 1399 1583 0,
1423 1542 1470 1574 vt
1492 1537 1711 1588 antiquam

89 1607 481 1657 congregationem
517 1606 662 1657 (quam
696 1607 1015 1646 fraternitatem
1044 1608 1255 1658 Corporis
1284 1608 1446 1646 Christi
1475 1608 1711 1659 appellant)

88 1678 362 1716 reformaret.
388 1678 509 1716 Multi
533 1679 646 1716 enim
669 1692 723 1717 ex
745 1678 957 1729 primariis
978 1680 1300 1726 subtraxerant,
1335 1685 1379 1718 et
1409 1692 1480 1718 res
1501 1685 1597 1718 tota
1618 1683 1711 1718 erat

90 1748 144 1786 ad
164 1748 342 1788 nihilum
364 1749 457 1788 fere
483 1749 674 1788 redacta.
699 1750 845 1800 Opera
865 1756 1011 1789 autem
1032 1752 1145 1789 illius
1167 1752 1306 1789 Patris
1328 1756 1496 1790 tantum
1533 1757 1713 1802 operata

92 1824 158 1858 est
180 1820 325 1858 diuina
344 1821 533 1867 bonitas,
558 1826 604 1858 vt
626 1833 713 1859 non
735 1822 873 1859 solum
896 1822 968 1872 qui
989 1822 1042 1860 ab
1066 1835 1117 1860 ea
1139 1823 1450 1870 discesserant,
1482 1823 1713 1861 libentissi-

92 1904 161 1929 mo
193 1892 336 1930 animo
366 1897 714 1939 reuerterentur,
748 1892 826 1931 sed
856 1892 979 1930 multi
1011 1894 1141 1932 etiam
1174 1906 1227 1931 ex
1249 1894 1536 1932 nobilioribus
1557 1894 1713 1932 vtrius-

91 1975 174 2013 que
197 1974 328 2000 sexus
351 1964 541 2001 curarint
563 1976 715 2001 eorum
735 1976 918 2002 numero
942 1964 961 1988 d
982 1965 1153 2011 ascribi,
1178 1978 1362 2015 quorum
1391 1965 1581 2003 omnium
1612 1977 1714 2003 con-

92 2033 330 2072 fessionem
352 2034 532 2081 audiuit,
558 2047 722 2085 eosque
746 2036 1023 2074 sacratissimi
1046 2038 1254 2086 Corporis
1276 2037 1583 2075 communione
1604 2037 1715 2075 refe-

94 2105 166 2142 cit.
191 2104 476 2143 Postmodum
498 2106 632 2143 multa
660 2107 864 2144 salutaria
894 2107 1058 2145 monita
1086 2107 1167 2146 illis
1199 2107 1386 2157 reliquit,
1419 2120 1471 2146 ac
1498 2108 1540 2146 in
1569 2108 1716 2159 primis

92 2181 140 2213 vt
174 2175 428 2225 frequenter
458 2176 737 2226 perciperent
771 2177 1062 2216 sacratissima
1098 2179 1313 2217 ecclesiae
1350 2185 1637 2226 sacramenta,
1670 2185 1718 2217 vt

94 2247 230 2284 semel
251 2247 405 2284 saltem
427 2247 607 2298 singulis
624 2247 844 2285 mensibus
862 2250 1164 2297 conuenirent,
1189 2255 1233 2288 et
1249 2264 1335 2288 non
1353 2250 1493 2288 solum
1510 2250 1564 2289 de
1581 2251 1716 2301 publi-

96 2330 145 2356 ca
175 2317 400 2356 societatis
431 2319 620 2356 Vtilitate
650 2324 904 2367 tractarent,
929 2321 1007 2358 sed
1029 2321 1159 2360 etiam
1181 2321 1235 2360 de
1258 2322 1427 2373 priuata
1448 2322 1718 2360 vniuscuius-

95 2401 179 2439 que
192 2389 310 2426 vitae
328 2389 656 2436 reformatione,
676 2390 820 2440 deque
836 2391 1017 2430 aliorum
1033 2393 1347 2442 proximorum,
1367 2394 1554 2431 maxime
1570 2398 1717 2431 autem

94 2471 347 2510 pauperum,
371 2461 710 2499 necessitatibus
730 2461 1003 2511 frequentius
1024 2463 1324 2514 loquerentur,
1348 2470 1395 2502 vt
1421 2464 1718 2515 indigentibus

99 2543 227 2581 opem
261 2530 441 2578 ferrent,
478 2532 596 2582 pacis
632 2532 913 2571 stabilitatem
950 2539 1168 2581 curarent,
1200 2535 1359 2585 passim
1389 2540 1625 2585 peccantes
1656 2547 1719 2572 ar-

97 2607 299 2652 guerent,
323 2602 377 2640 ad
408 2602 651 2640 orationem
682 2604 806 2641 simul
830 2616 981 2643 omnes
1011 2605 1053 2642 in
1084 2619 1252 2644 summo
1275 2607 1438 2657 templo
1462 2606 1585 2644 statis
1612 2611 1719 2643 tem-

97 2672 274 2722 poribus
296 2672 599 2720 conuenirent,
624 2674 804 2725 aliisque
826 2675 1000 2724 pietatis
1030 2675 1183 2715 officiis
1216 2689 1393 2727 operam
1415 2676 1586 2723 darent;
1609 2689 1719 2727 quae

100 2743 242 2781 omnia
277 2744 482 2794 singulari
512 2744 594 2782 Dei
623 2744 665 2782 in
698 2745 794 2783 illos
825 2746 965 2796 gratia
994 2759 1151 2797 magno
1182 2747 1360 2786 feruore
1391 2747 1643 2799 adimplent,
1678 2753 1722 2785 et

99 2815 192 2852 aliis
214 2815 474 2853 christianae
496 2815 613 2854 vitae
636 2817 838 2867 exempla
857 2816 1084 2866 praebent.

147 2962 166 2981 a
215 2963 525 3000 retinstensibus
544 2974 623 3001 ms.
686 2965 742 2989 ——b
764 2964 957 3002 affectum
976 2977 1054 3002 ms.
1110 2975 1173 2992 —0
1196 2968 1286 3013 Seq.
1310 2968 1461 3013 aliqua
1477 2978 1542 3004 vv.
1566 2966 1722 3005 deleta.

103 3023 170 3047 -d
193 3022 377 3059 Emend.
398 3034 448 3060 ex
467 3036 694 3060 numerum.

245 3106 408 3131 Lxrmmns
428 3108 785 3138 anmnmusrnns.—T.
811 3109 860 3132 VI.
1552 3114 1585 3139 50
