2038 3400
458 267 847 306 296.—V1N1)0130NA
878 271 889 304 1
919 267 1182 306 SEPrEMssffls
1213 270 1302 307 1559
1583 271 1651 309 323

69 374 150 416 ter,
185 369 458 409 confidenter
487 370 719 422 alloquitur
751 385 802 411 ac
827 372 909 411 illis
943 382 1254 424 nonnunquam
1276 378 1451 412 secreta
1474 375 1697 423 quaedam

69 440 212 479 cordis
234 442 298 479 sui
319 442 471 493 aperit,
496 448 543 481 ut
573 456 660 482 non
683 445 819 483 semel
842 445 940 491 iam,
966 442 1044 482 sed
1065 443 1322 495 frequenter
1345 445 1579 495 contigerit
1600 458 1700 496 pro-

70 523 195 550 ceres
218 513 428 562 quosdam
445 515 518 564 qui
539 515 764 566 legatione
786 529 837 555 ac
858 517 990 554 rebus
1020 516 1159 566 gestis
1181 529 1366 567 magnae
1390 528 1563 567 semper
1586 517 1699 567 apud

69 596 319 622 caesaream
350 586 626 625 maiestatem
661 600 794 627 sicam
829 588 1002 626 fuerant
1037 587 1331 635 authoritatis,
1357 587 1598 626 diutissime
1623 600 1694 625 ex-

67 660 306 705 spectasse,
339 656 482 696 donec
511 658 583 708 qui
619 671 717 697 cum
753 658 1098 699 clementissimo
1129 661 1286 698 nostro
1323 671 1504 698 caesare
1541 663 1633 697 erat
1671 672 1693 696 e

66 727 240 774 nostris,
266 727 570 779 egrederetur.
596 730 686 768 Imo
709 743 813 769 sane
837 731 1021 782 contigit
1043 730 1292 781 aliquando,
1325 735 1371 769 ut
1404 744 1500 770 cum
1522 730 1694 782 quidam

67 809 90 834 e
111 797 270 836 nostris
307 799 506 838 Patribus
536 801 667 840 finem
705 802 924 853 colloquio
960 803 1187 853 imponere
1225 808 1268 840 et
1304 803 1505 841 cubiculo
1545 802 1696 853 egredi

64 869 344 920 imperatorio
374 878 393 896 a
414 872 549 909 uellet
571 873 740 921 (caesar
760 874 873 911 enim
894 873 1070 911 nomine
1089 873 1314 911 cuiusdam
1332 886 1526 912 summae
1544 874 1695 911 autho-

64 939 202 979 ritatis
222 942 424 993 principis
447 955 500 982 eo
520 948 721 994 tempore
738 944 1117 996 interpellebatur)
1138 944 1249 995 [sic],
1268 945 1399 983 fuerit
1416 945 1696 983 nihilominus

63 1012 116 1049 ab
137 1012 231 1062 ipso
249 1012 457 1064 pz'jssz'mo
480 1014 773 1054 Ferdinando
795 1018 835 1055 et
854 1016 1099 1066 prohibitus
1122 1021 1166 1054 et
1187 1015 1229 1054 in
1247 1016 1448 1054 cubiculo
1468 1015 1691 1063 detentus,

62 1083 176 1121 adeo
200 1084 381 1123 mirifice
402 1085 474 1123 ille
497 1086 698 1137 alloquijs
719 1099 1028 1138 nonnunquam
1051 1087 1297 1126 delectatur
1319 1092 1585 1126 nostrorum.

119 1165 156 1192 2.
216 1155 531 1195 Serenissimus
561 1162 795 1208 praeterea
824 1170 903 1196 rex
936 1159 1251 1197 Maximilianus
1283 1171 1337 1196 ex
1368 1158 1529 1198 nostris
1559 1160 1693 1197 Patri-

62 1226 141 1264 bus
163 1227 380 1276 quendam
402 1228 633 1280 aliquando
657 1228 822 1280 regiam
856 1229 967 1268 illius
989 1230 1266 1269 maiestatem
1288 1230 1594 1278 accedentem,
1619 1231 1692 1268 be·

60 1297 191 1348 nigne
215 1311 318 1337 sane
348 1312 435 1338 non
465 1301 603 1339 semel
627 1301 819 1352 excepit,
844 1314 894 1340 ac
925 1302 1067 1341 amice
1091 1315 1264 1341 omnem
1296 1315 1416 1340 suam
1442 1315 1619 1353 operam
1648 1309 1690 1340 et

60 1369 250 1409 officium
274 1371 446 1410 obtulit.
471 1371 518 1410 Id
538 1378 771 1424 praeterea
793 1385 890 1412 cum
914 1386 967 1412 eo
992 1375 1230 1413 clementer
1251 1375 1345 1412 Rex
1368 1373 1561 1424 inclytus
1583 1374 1688 1425 egit,

59 1446 104 1479 ut
138 1441 379 1493 singulari
407 1444 688 1484 contentione
721 1457 773 1483 ea
804 1446 947 1484 omnia
977 1445 1194 1484 suauitate
1222 1445 1406 1496 quadam
1439 1446 1689 1484 christiana-

57 1525 141 1563 que
163 1513 379 1553 modestia
400 1515 538 1554 libere
560 1516 602 1554 in
635 1517 871 1556 Germania
894 1522 937 1555 et
970 1518 1183 1556 Bohemia
1203 1517 1418 1568 perficere
1448 1516 1688 1555 niteremur

55 1597 166 1635 quae
189 1598 310 1626 caes,
339 1587 426 1625 M.ti
447 1592 572 1639 grata
604 1600 702 1627 esse
733 1588 1103 1639 intelligerentur3
1127 1589 1246 1640 quod
1268 1593 1313 1627 ut
1343 1589 1472 1627 fieret
1501 1589 1685 1639 plenius,

54 1655 272 1706 pollicitus
294 1662 360 1696 est
381 1658 491 1706 fore,
515 1672 570 1697 ne
592 1659 745 1698 fauore
777 1672 965 1710 unquam
987 1659 1335 1698 destitueremur
1358 1673 1454 1698 suo.

106 1738 144 1775 3.
204 1730 431 1768 Accrescit
453 1731 517 1781 (vt
535 1730 590 1769 de
613 1731 894 1770 serenissima
917 1732 1158 1770 Bohemiae
1181 1730 1335 1782 regina
1357 1732 1382 1778 ¹,
1406 1743 1518 1782 quae
1542 1736 1585 1768 et
1607 1744 1687 1769 nos

54 1812 206 1838 omnes
229 1805 272 1839 et
293 1802 502 1852 templum
532 1808 730 1841 nostrum
750 1803 1115 1853 praeclarissimis
1136 1802 1394 1854 quibusdam
1416 1801 1683 1848 muneribus,

55 1877 98 1908 et
121 1883 276 1910 ornare
299 1878 344 1910 et
364 1872 530 1911 donare
551 1873 682 1912 finem
712 1887 799 1912 non
827 1874 946 1921 facit,
981 1873 1155 1912 interim
1190 1874 1294 1912 nihil
1330 1872 1506 1922 dicam);
1539 1886 1684 1912 accre-

53 1943 148 1990 scit,
172 1943 359 1994 inquam,
385 1945 514 1983 etiam
536 1946 578 1984 in
600 1945 694 1984 dies
716 1946 855 1997 magis
887 1958 938 1984 ac
968 1946 1106 1996 magis
1137 1945 1387 1992 multorum,
1423 1950 1466 1983 et
1496 1945 1683 1983 maxime

52 2020 316 2066 magnatum,
342 2028 447 2068 erga
479 2030 559 2056 nos
589 2017 713 2056 fauor
745 2022 788 2056 et
819 2017 1149 2065 beneuolentia3
1181 2016 1299 2068 quod
1329 2016 1506 2068 quidem
1537 2016 1682 2054 multis

50 2098 154 2124 sane
177 2087 309 2138 signis
332 2094 604 2138 compertum
626 2088 854 2127 habemus.
876 2087 1074 2139 Contigit
1098 2089 1211 2126 enim
1233 2099 1448 2138 persaepe
1472 2091 1517 2125 ut
1540 2088 1683 2125 coacti

50 2157 103 2195 ab
138 2158 286 2196 amicis
315 2159 453 2197 nostri
486 2160 716 2210 pecuniam
751 2171 836 2210 qua
872 2159 1062 2210 collegio
1098 2158 1433 2209 pernecessaria
1467 2157 1680 2209 quaedam

51 2229 236 2279 empturi
258 2235 395 2277 erant,
420 2230 597 2269 domum
619 2243 717 2269 cum
738 2231 870 2269 rebus
900 2230 1004 2281 ipsis
1035 2230 1191 2279 quibus
1227 2229 1463 2280 collegium
1501 2229 1677 2279 egebat,

47 2305 338 2350 reportarent,
362 2300 479 2350 quod
499 2302 570 2340 uel
592 2303 661 2352 alij
684 2303 704 2327 b
729 2303 955 2341 soluerent
978 2301 1265 2339 libentissime
1289 2300 1449 2347 omnia,
1473 2301 1543 2337 uel
1566 2312 1677 2337 mer-

53 2376 174 2408 cator
194 2371 288 2421 ipse
310 2373 512 2423 accipere
534 2373 666 2424 plane
689 2375 907 2412 voluisset
942 2373 1061 2411 nihil.
1092 2372 1327 2422 Negabant
1362 2372 1500 2409 nostri
1537 2370 1673 2422 gratis

48 2442 212 2492 absque
233 2443 345 2481 scitu
362 2443 572 2483 maiorum
594 2457 642 2483 se
661 2445 864 2496 accipere
885 2456 1017 2495 posse
1040 2443 1285 2494 quicquam.
1309 2442 1597 2480 Affirmabant
1619 2441 1677 2480 illi

48 2525 95 2551 se
124 2526 257 2564 posse
277 2513 381 2553 dare
414 2516 558 2554 omnia
586 2516 742 2563 libere3
774 2516 860 2567 qui,
893 2515 1011 2566 quod
1044 2526 1122 2565 pro
1154 2526 1312 2564 magno
1345 2518 1600 2564 reputarent
1631 2525 1678 2549 se

45 2584 220 2634 aliquod
249 2586 555 2635 propensionis
586 2587 651 2625 sui
682 2599 788 2638 erga
822 2599 901 2625 nos
938 2584 1065 2624 animi
1088 2584 1259 2635 signum
1284 2583 1477 2631 dedisse,
1504 2595 1675 2621 omnem

45 2655 221 2693 tandem
242 2657 480 2695 mouebant
500 2657 704 2709 lapidem,
729 2663 775 2696 ut
796 2658 991 2696 uictores
1014 2668 1066 2694 ea
1086 2655 1128 2693 in
1152 2667 1198 2693 re
1223 2653 1480 2701 euaderent,
1505 2667 1673 2703 nosque

45 2726 200 2776 officijs
221 2727 396 2778 pietatis
418 2728 662 2768 uincerent.
688 2730 959 2767 Peruenerat
980 2727 1095 2766 forte
1115 2726 1291 2765 fortuna
1307 2726 1361 2764 ad
1383 2738 1512 2764 aures
1530 2727 1676 2764 cuius-

91 2906 106 2923 ⁸
155 2905 422 2952 imperatoris.
476 2906 541 2931 —b
569 2905 754 2943 Emend.
776 2915 827 2943 ex
848 2905 952 2953 alijs.

92 3080 100 3099 ¹
153 3078 285 3116 Maria
306 3078 538 3122 Austriaca,
561 3078 828 3116 Maximiliani
849 3090 963 3115 uxor.
