2038 3400
501 204 843 242 411.—LAuREro
872 205 886 241 l
916 203 1179 241 SEPTEMBms
1207 202 1297 239 1560
1593 201 1663 239 783

92 296 147 344 ex
167 306 540 344 administratione
565 319 731 353 eorum,
756 306 827 356 qui
848 311 1007 356 regunt
1027 305 1138 343 hanc
1158 304 1312 342 almam
1334 303 1525 349 domum,
1551 303 1712 354 depen-

90 376 211 423 dere,
235 382 280 414 vt
301 378 344 414 in
366 376 481 414 diem
504 378 654 415 viuere
677 377 917 423 videretur,
941 388 1024 414 nec
1046 376 1137 413 sine
1159 374 1304 412 multis
1326 373 1539 411 molestiis
1561 379 1712 423 posset

87 453 336 486 nostrorum
357 449 695 487 necessitatibus
717 448 954 499 prouideri,
978 447 1057 486 sed
1078 446 1283 497 singulari
1306 445 1386 482 Dei
1418 445 1636 482 beneficio
1670 450 1713 481 et

87 518 442 558 reuerendissimi
477 519 704 558 cardinalis
735 520 955 570 carpensis
988 519 1013 565 ¹,
1037 517 1162 556 huius
1184 518 1296 555 alme
1319 516 1473 554 domus
1496 522 1540 554 et
1563 516 1712 554 Socie-

87 590 187 627 tatis
208 596 385 628 nostrae
406 591 686 640 protectoris,
720 591 761 628 in
790 604 869 628 nos
898 589 1078 642 pietate,
1110 589 1190 626 fuit
1220 588 1285 626 his
1319 587 1528 638 proximis
1559 586 1713 624 diebus

88 662 257 699 sublata
291 662 430 699 omnis
464 661 719 711 inquietudo
758 667 801 699 et
837 662 1117 699 maximarum
1152 659 1483 697 distractionum
1520 658 1709 696 occasio.

88 734 197 771 Nam
220 738 384 771 certam
405 734 687 783 pecuniarum
711 738 753 771 et
775 734 1079 771 alimentorum
1109 743 1319 770 summam
1350 729 1582 781 quotannis
1613 730 1713 767 huic

88 804 276 855 collegio
312 805 372 842 ita
401 804 675 842 tribuendam
706 805 871 851 statuit,
904 811 952 842 vt
973 804 1075 842 nihil
1096 803 1258 842 nostris
1275 802 1526 840 defuturum
1549 807 1672 839 certo
1694 802 1713 819 ἱ*

89 888 329 927 speremus,
366 877 563 927 quamuis
593 877 972 927 quadragesimum
1008 888 1235 913 numerum
1256 875 1275 899 *³
1305 874 1525 912 excedant
1558 872 1711 919 nostri,

86 953 177 986 tum
198 947 366 985 ratione
391 959 542 985 eorum
563 949 634 998 qui
656 948 697 986 in
733 948 1003 986 Societatem
1039 946 1209 985 admitti
1245 945 1437 997 cupiunt,
1477 951 1521 983 et
1557 957 1636 982 eos
1672 945 1713 982 in

86 1018 416 1069 probationibus
433 1018 625 1057 retinere
642 1019 754 1056 inter
770 1024 946 1056 nostros
965 1022 1030 1056 est
1047 1027 1247 1062 necesse;
1265 1023 1355 1055 tum
1374 1017 1542 1054 ratione
1562 1029 1713 1054 eorum

87 1091 157 1140 qui
179 1091 232 1128 ad
253 1104 332 1128 nos
350 1091 604 1141 frequenter
626 1091 822 1138 veniunt,
846 1091 918 1128 vel
940 1091 1021 1127 hac
1043 1090 1186 1140 aliquo
1212 1090 1264 1127 ab
1289 1088 1542 1128 obedientia
1564 1092 1714 1125 sancta

87 1163 328 1209 mittuntur,
361 1161 515 1212 quibus
549 1163 747 1200 omnibus
768 1162 860 1200 iura
880 1161 1062 1212 hospicii
1084 1161 1307 1212 denegare
1331 1166 1450 1199 esset
1473 1159 1610 1197 nefas.
1636 1160 1713 1197 Su-

86 1247 179 1272 mus
200 1247 286 1272 non
307 1234 538 1285 pauciores
559 1248 685 1284 quam
707 1233 991 1284 quadraginta
1012 1232 1220 1283 quinque3
1249 1243 1294 1280 14
1316 1231 1591 1277 sacerdotes,
1616 1228 1714 1268 reli-

86 1306 157 1354 qui
178 1310 277 1342 sunt
298 1305 537 1351 scholareS,
557 1305 628 1343 vel
645 1318 754 1355 quos
773 1303 1054 1342 coadiutores
1075 1303 1342 1353 temporales
1366 1303 1557 1340 solemus
1579 1301 1713 1339 nomi-

85 1388 205 1422 nare3
229 1381 273 1414 et
293 1376 336 1413 hi
359 1388 511 1414 omnes
531 1381 693 1414 tantam
716 1375 876 1413 habent
899 1387 1044 1412 rerum
1063 1375 1253 1412 omnium
1277 1373 1647 1419 commoditatem,
1667 1377 1713 1410 vt

85 1447 188 1486 nihil
211 1448 385 1486 omnino
408 1448 460 1486 ad
482 1449 610 1486 animi
631 1447 824 1498 quietem
842 1447 1000 1485 deesse
1019 1446 1236 1493 videatur,
1258 1458 1343 1496 quo
1366 1445 1430 1491 fit,
1451 1449 1497 1482 vt
1515 1445 1610 1482 Deo
1634 1456 1711 1481 suo

86 1519 269 1557 alacrius
307 1519 560 1565 inseruiant,
604 1526 648 1557 et
691 1519 732 1557 in
777 1517 914 1556 solitis
960 1517 1195 1556 Societatis
1239 1523 1416 1555 nostrae
1462 1516 1713 1554 muneribus

89 1590 302 1629 obeundis
325 1604 377 1629 eo
400 1590 695 1628 feruentiores
718 1590 922 1636 existant,
946 1603 1031 1640 quo
1055 1589 1218 1627 maiora
1238 1587 1280 1626 in
1297 1587 1390 1626 dies
1412 1600 1435 1625 a
1457 1589 1553 1625 Deo
1575 1587 1713 1638 perci-

85 1663 207 1713 piunt
228 1662 456 1701 beneficia.
482 1662 721 1700 Proficiunt
743 1663 889 1713 itaque
908 1660 1133 1708 continuo,
1157 1673 1207 1699 ac
1230 1660 1345 1698 serio
1370 1671 1417 1697 se
1439 1663 1651 1697 exercent
1672 1659 1713 1696 in

86 1733 235 1772 solidis
256 1734 492 1772 virtutibus
513 1733 802 1783 acquirendis.
828 1733 987 1771 Videas
1009 1733 1157 1784 igitur,
1181 1731 1418 1770 admodum
1444 1732 1490 1769 R.
1517 1731 1580 1777 P.,
1614 1736 1714 1768 tuos

87 1806 128 1843 in
151 1806 324 1845 Christo
346 1805 461 1843 filios
483 1806 524 1843 in
545 1817 652 1843 vera
673 1805 882 1843 charitate
904 1803 1125 1851 fundatos,
1150 1804 1279 1842 mites
1302 1809 1333 1850 0,
1357 1803 1399 1840 in
1421 1815 1498 1840 sua
1518 1802 1713 1840 vocatio-

85 1890 140 1915 ne
175 1877 368 1924 stabiles,
406 1889 456 1914 ac
490 1877 634 1914 multis
668 1876 875 1914 virtutum
911 1876 1179 1914 ornamentis
1217 1876 1435 1922 excultos,
1476 1874 1711 1924 praecipue

86 1955 232 1987 tamen
255 1949 535 1987 obedientiae
566 1949 803 1987 voluntatis
833 1953 876 1986 et
905 1947 1172 1994 intellectus,
1211 1947 1333 1984 cuius
1367 1946 1629 1984 adminiculo
1666 1958 1711 1984 se

87 2022 181 2058 Deo
202 2021 502 2059 immaculatos
526 2021 750 2067 exhibent,
783 2019 1072 2058 inordinatum
1103 2031 1298 2056 amorem
1319 2021 1548 2068 parentum
1567 2022 1611 2054 et
1632 2016 1715 2054 alia

85 2093 344 2143 temporalia
364 2093 492 2139 bona,
511 2098 713 2142 tanquam
735 2092 892 2130 nociua
908 2091 1110 2130 fortunae
1128 2091 1326 2137 ludibria,
1348 2093 1649 2136 contemnunt,
1670 2094 1713 2126 et

86 2164 217 2215 digne
239 2164 461 2202 ambulant
482 2164 718 2202 vocatione
746 2163 787 2201 in
817 2176 943 2214 quam
974 2176 1020 2201 se
1052 2175 1076 2201 a
1108 2164 1201 2201 Deo
1235 2167 1420 2200 vocatos
1450 2166 1711 2212 agnoscunt.

87 2236 151 2273 Ex
172 2249 258 2287 quo
282 2237 412 2274 etiam
433 2236 494 2283 fit,
520 2243 566 2274 vt
587 2235 640 2274 ad
662 2236 1022 2274 mortificationes
1046 2240 1089 2273 et
1121 2236 1389 2274 voluntarias
1419 2232 1713 2285 poenitentias

86 2308 412 2358 amplectendas
432 2321 519 2346 non
541 2309 681 2346 solum
702 2308 854 2358 parati,
878 2307 957 2345 sed
976 2320 1111 2357 Vsque
1136 2306 1249 2345 adeo
1270 2306 1478 2358 propensi
1495 2304 1713 2355 reperian-

86 2384 169 2426 tur,
192 2384 239 2417 vt
260 2379 420 2418 fraenis
442 2380 587 2430 potius
608 2392 735 2429 quam
767 2379 1007 2417 calcaribus
1043 2391 1178 2430 egere
1210 2377 1456 2416 videantur.
1496 2378 1542 2414 In
1577 2376 1713 2414 literis

85 2457 231 2489 autem
248 2457 454 2502 quantum
471 2451 715 2501 proficiant,
735 2456 998 2489 attestantur
1014 2451 1174 2488 latinae
1193 2450 1433 2496 orationes,
1454 2461 1561 2499 quas
1582 2448 1712 2485 inter-

87 2521 188 2560 dum
211 2528 493 2572 componunt,
512 2528 560 2560 vt
580 2521 756 2572 aliquod
778 2521 1001 2571 specimen
1022 2521 1264 2572 acquisitae
1287 2518 1545 2559 eruditionis
1568 2524 1712 2556 osten-

87 2591 203 2640 dant,
228 2606 325 2632 cum
345 2597 491 2632 tamen
513 2593 586 2631 vix
607 2593 836 2643 quicquam
857 2598 1195 2643 praeceptorum
1225 2591 1499 2630 rhaetorices
1522 2589 1712 2628 edidice-

87 2665 185 2711 rint,
218 2670 372 2715 vtpote
402 2665 473 2715 qui
508 2664 649 2702 adhuc
684 2664 962 2702 humanitatis
985 2663 1005 2688 d
1026 2664 1242 2701 lectiones
1273 2661 1467 2701 audiunt.
1494 2661 1580 2712 Qui
1603 2673 1710 2698 vero

133 2814 152 2833 ²²
204 2814 294 2860 Seq.
323 2813 550 2860 quoddam
577 2813 691 2850 verb.
720 2813 803 2849 del.
882 2813 946 2838 —b
981 2813 1072 2859 Seq.
1103 2811 1186 2849 del.
1216 2812 1283 2859 qui
1314 2825 1338 2848 a
1368 2810 1711 2848 reuerendissimo

87 2878 313 2919 protectore
332 2872 406 2910 fuit
425 2873 672 2920 praefinitus.
728 2880 791 2898 -—0
811 2873 916 2909 nites
935 2883 1016 2909 ms.
1072 2872 1137 2898 —d
1157 2872 1434 2908 humanitates
1454 2881 1533 2907 ms.

137 3019 145 3038 ¹
198 3017 438 3064 Rodulphus
458 3016 552 3053 Pius
571 3016 620 3052 de
641 3014 777 3063 Carpi.
