2038 3400
577 170 939 208 ⁴286.-Ot1su>oxss
965 170 1012 207 ‘20
1033 170 1145 217 Jum
1177 170 1267 207 1559
1615 170 1680 207 281

112 256 262 294 lexere
286 256 399 294 enim
419 268 498 294 nos
522 244 773 294 cantaturos
794 255 889 292 fore
914 254 1105 292 officium
1128 255 1341 305 passionis
1358 254 1490 305 (quod
1515 256 1645 306 vulgo
1670 261 1731 292 tc-

110 328 268 365 nebras
285 327 521 378 appellant)
544 334 576 365 ³.
609 326 673 365 Ac
705 325 923 376 quoniam
955 325 1001 363 in
1031 326 1151 364 hunc
1179 337 1420 365 sermonem
1455 325 1609 371 incidi,
1642 339 1730 364 rem

111 398 269 437 ordine
293 398 510 436 narrabo.
536 397 805 435 instituimus
827 398 911 435 hoc
928 409 1040 435 anno
1060 409 1222 436 canere
1241 397 1260 422 b
1277 397 1431 446 (neque
1453 395 1570 435 enim
1589 397 1731 435 hacte-

112 482 194 507 nus
223 468 350 507 soliti
383 469 584 519 eramus)
616 469 702 507 hac
732 467 927 507 ratione:
952 466 1183 506 dominica
1206 466 1274 506 die
1304 466 1351 505 in
1386 466 1532 505 ramis
1558 467 1731 516 palma-

112 551 214 578 rum
230 541 332 590 post
348 540 617 589 palmarum
641 538 988 578 benedictionem
1014 537 1369 588 supplicationes
1391 539 1440 576 de
1465 550 1587 576 more
1609 537 1731 575 hahi-

110 612 179 649 lae
195 612 316 656 sunt‚·
335 610 641 649 lustrauimus
659 610 914 649 claustrum
932 608 1118 661 collegii
1139 611 1178 648 et
1200 610 1429 659 ternplum,-
1452 607 1608 647 deinde
1630 608 1731 659 fac-

109 684 204 720 [mn
233 683 296 721 est
324 694 511 721 sacrum
532 681 628 720 sine
650 683 802 720 cantu.
827 682 901 729 23¹,
926 683 982 730 js*
1003 683 1042 720 et
1063 682 1127 730 φα
1140 680 1272 732 feria
1286 680 1421 731 facta
1457 682 1562 718 sunt
1595 693 1731 718 sacra

111 755 264 793 nostro
282 766 424 800 more,·
436 753 758 804 pomeridiano
775 766 879 793 vero
898 755 1093 803 tempore
1109 752 1314 804 4.aferia
1332 765 1493 792 canere
1510 751 1733 803 coepimus

108 826 257 864 eodem
274 824 394 864 vocis
412 827 580 872 tractu,
599 827 643 863 vt
660 827 808 864 nostri
824 825 968 864 solent
987 824 1031 863 in
1054 823 1270 864 vuiuersa
1287 824 1533 874 Hispania.
1557 824 1732 863 Accese-

110 909 170 943 re,
194 898 238 934 vt
259 909 355 935 mos
376 899 452 943 est,
472 897 660 936 verbera
682 910 784 936 cum
800 897 978 947 psalmo
1002 896 1215 936 Miserere
1237 898 1333 943 etc.‚
1359 909 1447 946 qua
1470 895 1517 934 in
1539 909 1587 935 re
1618 908 1732 935 com-

107 970 311 1019 sumptus
327 970 389 1007 est
409 968 636 1020 unusfere
653 968 795 1007 horae
813 969 1064 1018 quadrans.
1091 969 1151 1016 5:⁰²
1166 967 1289 1014 feria,
1311 973 1463 1006 ornato
1482 969 1565 1006 iam
1583 980 1732 1005 monu-

108 1045 272 1087 mento,
298 1039 520 1078 conditum
544 1043 609 1077 est
632 1040 970 1078 sacratissimum
993 1039 1153 1078 Christi
1178 1052 1351 1089 corpus.
1376 1038 1576 1077 Interfuit
1607 1052 1731 1077 sacro

108 1112 158 1149 D.
179 1111 384 1150 Alfonsus
402 1110 457 1149 de
475 1111 669 1157 Norona,
689 1111 761 1161 qui
776 1110 856 1148 fuit
872 1123 1032 1161 prorex
1054 1110 1239 1158 indicus,
1261 1115 1303 1148 et
1321 1116 1462 1148 totum
1484 1109 1597 1148 diem
1621 1110 1732 1148 sedit

107 1195 182 1232 pro
206 1187 506 1229 monumento,
526 1180 733 1232 religiose
751 1187 903 1232 aperto
923 1182 1064 1232 capite
1083 1187 1155 1220 aut
1174 1194 1316 1229 orans,
1337 1187 1410 1220 aut
1432 1180 1635 1228 recitans,
1660 1188 1733 1219 aut

106 1253 147 1291 in
164 1259 492 1292 monumentum
507 1254 696 1300 intuens,
713 1253 1051 1292 communicauit
1064 1252 1194 1292 etiam
1211 1253 1324 1291 inter
1339 1253 1509 1300 fratres,
1525 1253 1613 1291 dux
1628 1253 1731 1291 item

108 1325 413 1377 Hesperidum,
438 1325 561 1364 affuit
590 1331 822 1376 praeterea
842 1325 1142 1376 pomeridiano
1167 1325 1312 1364 officio
1335 1325 1453 1376 quod
1472 1325 1636 1375 placuit
1661 1323 1732 1362 ad-

107 1397 298 1444 modum,
323 1396 684 1448 affirmauitque
704 1410 749 1436 se
773 1397 925 1448 fuisse
961 1399 1234 1436 commotum
1264 1396 1418 1436 animo
1441 1404 1471 1435 ⁰.
1496 1396 1732 1435 Caeterum

105 1468 167 1505 ost*
196 1467 304 1505 feria
341 1473 385 1506 et
420 1467 602 1505 sabbato
641 1468 800 1506 eodem
836 1468 967 1507 modo
1005 1468 1275 1507 celebratum
1308 1474 1375 1507 est
1407 1468 1612 1507 officium.
1636 1468 1731 1505 Vno

107 1539 260 1586 verbo,
287 1537 366 1576 Dei
387 1538 605 1577 beneficio
628 1538 845 1578 foeliciter
880 1552 1062 1590 pensum
1085 1540 1369 1587 absoluimus;
1392 1552 1443 1578 ac
1474 1552 1526 1577 ea
1546 1551 1658 1589 quae
1680 1539 1733 1577 ad

108 1610 325 1650 exercicia
346 1609 597 1660 spiritualia,
622 1610 814 1650 diuinum
837 1612 1014 1659 cultum,
1041 1618 1084 1650 et
1105 1612 1256 1664 templi
1279 1618 1478 1651 ornatum
1498 1611 1730 1663 pertinent,

106 1682 168 1720 sic
189 1683 366 1721 habent.

163 1764 222 1801 14.
282 1753 447 1792 Audies
468 1768 583 1793 nunc
607 1756 736 1793 Pater
759 1754 992 1793 admodum
1016 1754 1277 1802 reuerende,
1304 1756 1395 1794 Deo
1419 1757 1542 1802 duce,
1562 1755 1617 1794 de
1639 1755 1732 1794 lite-

106 1836 247 1862 rarum
269 1824 436 1863 studiis.
466 1826 608 1864 Primo
632 1826 807 1876 quidem
830 1826 929 1865 1000
953 1825 1007 1864 de
1032 1825 1262 1865 exerciciis
1283 1827 1500 1875 literariis,
1536 1827 1731 1866 secundo

105 1901 250 1934 autem
272 1896 326 1934 de
350 1897 541 1935 moribus
563 1896 889 1948 discipulorum.
910 1898 1054 1948 Atque
1073 1898 1113 1935 in
1130 1898 1278 1949 primis
1300 1897 1499 1949 discipuli
1529 1904 1628 1937 sunt
1658 1913 1731 1937 nu-

105 1980 226 2005 mero
248 1968 488 2019 quingenti,
514 1974 557 2006 et
580 1969 644 2006 his
664 1970 794 2007 etiam
812 1969 973 2020 plures,
994 1982 1160 2020 genere
1177 1969 1348 2008 nobiles
1365 1971 1501 2018 multi,
1521 1976 1651 2010 acuto
1672 1970 1732 2009 in-

105 2039 235 2089 genio
257 2039 469 2090 plerique,
489 2041 634 2078 bonae
656 2039 829 2087 indolis,
857 2040 1055 2087 studiosi,
1078 2046 1122 2078 et
1142 2041 1279 2079 literis
1301 2041 1628 2081 humanioribus
1646 2055 1732 2081 me-

105 2109 311 2149 diocriter
329 2110 480 2158 dediti,
501 2111 535 2149 si
553 2112 815 2151 excitentur.
836 2113 892 2150 Hi
909 2118 1078 2163 septem
1099 2113 1308 2152 classibus
1326 2114 1620 2161 continentur,
1635 2127 1732 2153 nam

104 2187 282 2232 propter
319 2194 579 2221 concursum
616 2196 852 2234 puerorum
887 2184 929 2221 in
963 2184 1153 2223 infimam
1190 2186 1389 2232 classem,
1427 2186 1733 2224 constituenda

105 2252 183 2289 fuit
204 2253 279 2300 7.²‘,
306 2254 496 2291 omnium
520 2254 680 2302 infima,
704 2255 746 2292 in
777 2267 860 2305 qua
882 2255 1097 2293 docentur
1123 2257 1248 2307 pueri
1268 2257 1405 2307 prima
1425 2258 1732 2307 grammatices

106 2323 364 2362 rudimenta.
390 2324 442 2362 In
464 2326 527 2363 65‘
544 2325 804 2377 prelegitur
835 2340 984 2377 genus
1004 2328 1043 2366 et
1069 2327 1290 2377 preterita
1322 2329 1361 2366 et
1397 2330 1619 2378 quaedam
1647 2329 1731 2380 epi-

104 2395 247 2433 stolae
266 2395 467 2442 selectae,
502 2398 855 2446 exercentzcrque
881 2397 1014 2447 pueri
1046 2396 1094 2435 in
1117 2397 1402 2437 declinandis
1417 2400 1457 2438 et
1478 2399 1731 2451 coniugari-

106 2465 174 2503 dis
197 2465 455 2504 nominibus
473 2468 512 2505 et
535 2467 698 2513 verbis‚·
718 2466 763 2506 in
785 2469 846 2516 55¹
869 2475 1158 2508 enarrantur
1178 2471 1415 2519 syntaxeos
1430 2473 1671 2521 praecepta
1693 2473 1731 2509 et

100 2536 375 2585 posteriores
397 2537 508 2576 libri
537 2538 832 2588 epistolarum
870 2539 1184 2587 familiarunz‚·
1205 2540 1254 2579 ‘in
1288 2542 1353 2589 45²
1375 2542 1642 2580 accuratius
1662 2556 1730 2581 ex-

102 2606 305 2656 plicatur
325 2608 526 2657 syntaxis
549 2611 588 2647 et
604 2612 931 2659 proponuntur
967 2611 1257 2662 difficiliores
1278 2612 1490 2662 epistolae
1512 2626 1564 2652 ex
1585 2613 1729 2664 fami-

106 2677 304 2717 liaribus
328 2679 575 2727 Ciceronis,
602 2683 697 2719 tum
714 2681 886 2732 elegiae
907 2682 1135 2721 librorum
1162 2683 1320 2721 Ouidii
1341 2686 1391 2723 de
1421 2683 1644 2723 Tristibus
1664 2686 1729 2724 vel

106 2750 156 2787 de
174 2749 336 2795 Ponto‚·
362 2748 410 2788 in
433 2752 487 2798 5.²¹
511 2752 562 2789 (le
587 2750 793 2790 mnicitia
821 2752 929 2799 Cic„
950 2754 1136 2803 eclogae
1171 2753 1334 2805 Vergi„
1360 2767 1440 2793 ars
1467 2758 1728 2806 componen-

151 2915 169 2933 ἢ
222 2915 314 2951 Pol.
335 2915 440 2952 add.
462 2917 580 2963 quod.
633 2918 699 2942 —b
720 2916 868 2954 faeere.
900 2918 1046 2956 Manet
1072 2921 1220 2965 itaque
1245 2920 1348 2965 quod
1380 2919 1624 2956 instituimus
1656 2920 1728 2957 hoc

104 2986 209 3010 anno
228 2973 377 3011 facere.
431 2982 494 3000 —0
516 2980 554 3011 et
574 2976 759 3013 comouit.
