2038 3400
513 282 838 323 301.—SE<;0v1A
866 284 909 321 15
933 284 1197 322 SEPTEMBRls
1226 283 1316 320 1559
1618 286 1680 321 351

115 386 269 426 Statim
306 387 494 425 omnium
530 392 781 424 senatorum
816 397 1034 424 consensu
1069 384 1124 423 de
1159 385 1333 436 publico
1368 384 1579 436 pecuniae
1603 392 1731 435 atque

113 458 297 495 trabium
319 457 622 508 lignorumque
644 458 781 495 stiues
816 455 942 494 nobis
965 455 1174 494 decretae
1197 460 1310 495 sunt.
1339 456 1499 494 Priuati
1523 470 1600 494 sua
1622 457 1733 506 quis-

114 541 197 578 que
226 541 405 566 munera
435 528 576 579 largiti
607 533 705 566 sunt
734 526 1051 575 liberalissime,
1086 533 1131 565 ut
1163 528 1267 565 satis
1289 527 1405 577 quod
1437 528 1637 566 homines
1658 529 1735 564 So-

115 600 286 638 cietatis
317 598 580 637 desiderium
612 604 801 646 teneret,
835 598 960 636 breui
980 598 1168 649 perspici
1198 604 1365 649 posset.
1408 599 1563 649 Neque
1597 599 1736 636 eccle—

113 670 273 708 siastici
296 670 376 708 viri
397 671 479 709 hac
500 670 540 708 in
563 682 609 708 re
630 670 862 708 inferiores
886 682 983 708 esse
1006 670 1259 717 voluerunt3
1290 682 1388 708 nam
1411 674 1736 720 praeterquam—

113 741 230 792 quod
252 742 339 780 suis
360 742 542 792 quisque
566 742 720 793 opibus
754 754 834 779 nos
856 753 1029 792 semper
1062 746 1160 780 sunt
1181 743 1421 792 prosecat,
1456 755 1553 780 cum
1584 747 1628 779 et
1657 742 1738 791 pri-

113 825 224 850 mam
247 813 294 851 P.
329 813 529 851 Rectoris
551 813 825 860 concionem,
860 817 904 850 et
934 813 975 850 in
1006 813 1099 863 ipso
1132 813 1379 852 scholarum
1410 812 1620 864 principio
1646 826 1738 851 ora-

112 884 293 931 tionem,
330 897 417 922 non
452 884 553 923 alibi
588 896 715 934 quam
750 884 792 922 in
823 897 901 922 suo
933 884 1113 934 templo,
1145 884 1262 934 quod
1293 890 1361 923 est
1391 884 1738 923 munificentissi-

114 968 242 1002 mum,
266 956 418 993 haberi
440 956 525 993 sint
545 955 674 1005 passi,
699 955 848 1005 quanti
882 960 1060 993 nostrae
1094 955 1321 1007 religionis
1343 955 1503 994 faciant
1524 956 1736 1000 instituta,

114 1027 288 1065 omnino
325 1026 615 1065 declararunt.
659 1028 744 1065 Res
779 1025 1023 1065 domestica
1062 1026 1335 1078 benignitate
1372 1028 1531 1066 ciuium
1567 1027 1739 1065 abunde

114 1109 285 1148 semper
312 1098 437 1136 nobis
461 1103 527 1136 est
557 1097 848 1148 suppeditata.
873 1098 1015 1136 Domo
1039 1098 1198 1136 utimur
1222 1098 1468 1145 commoda,
1493 1110 1604 1149 quae
1635 1098 1739 1136 licet

112 1168 165 1206 ad
186 1175 359 1219 tempus
386 1169 512 1207 nobis
535 1169 587 1207 sit
611 1169 768 1215 locata,
793 1175 940 1207 tamen
976 1182 1073 1208 cum
1096 1170 1137 1207 in
1169 1169 1312 1207 media
1344 1169 1525 1208 ciuitate
1557 1169 1638 1207 sita
1669 1170 1737 1216 sit,

112 1253 197 1278 non
228 1252 377 1291 parum
413 1240 467 1278 ad
502 1246 714 1278 consueta
748 1239 927 1279 liberius
957 1240 1319 1291 frequentiusque
1357 1239 1501 1278 munia
1537 1239 1741 1278 obeunda

113 1310 333 1349 conducit.
358 1311 435 1348 Est
457 1316 604 1349 autem
627 1310 669 1350 in
691 1311 892 1362 proximo
917 1311 1024 1349 situs
1046 1310 1219 1361 quidam
1243 1311 1424 1362 amplus,
1450 1311 1740 1360 omnibusque

112 1393 289 1432 prorsus
311 1381 695 1420 commoditatibus
712 1381 953 1431 perfectus,
978 1394 1106 1432 quem
1127 1387 1170 1420 et
1193 1380 1227 1419 si
1245 1381 1385 1420 carius
1408 1380 1560 1420 obloci
1585 1394 1739 1431 oppor-

112 1453 341 1491 tunitatem
359 1452 513 1491 redimi
528 1465 660 1504 posse
691 1453 866 1500 scimus,
901 1459 1047 1491 tamen
1078 1453 1132 1491 ad
1161 1451 1380 1504 figendam
1402 1453 1552 1491 sedem
1579 1453 1738 1492 eximie

112 1528 334 1575 patentem
370 1525 512 1562 animo
548 1523 878 1571 destinauimus,
916 1537 966 1562 ac
1005 1537 1093 1563 non
1128 1525 1264 1562 multo
1300 1530 1398 1576 post
1440 1524 1739 1574 consequendi

113 1608 232 1646 spem
255 1596 380 1633 nobis
402 1595 504 1634 facit
528 1596 709 1647 egregia
730 1595 1017 1647 quorumdam
1040 1595 1293 1634 liberalitas
1318 1597 1543 1634 Hactenus
1565 1608 1675 1646 quae
1699 1596 1739 1634 in

112 1679 192 1704 nos
213 1679 237 1704 a
258 1667 437 1705 ciuitate
458 1668 529 1705 uel
552 1668 769 1705 collocata
790 1673 889 1705 sunt
912 1666 1141 1714 beneficia,
1180 1668 1250 1705 uel
1285 1667 1452 1719 gratiae
1475 1680 1526 1706 ac
1546 1668 1740 1706 beneuo-

117 1738 277 1777 lentiae
300 1739 423 1789 signa
443 1744 542 1776 sunt
564 1737 678 1777 data.
718 1739 844 1776 Nunc
875 1751 986 1788 quae
1018 1739 1220 1777 Societas
1252 1739 1293 1776 in
1314 1740 1428 1777 illam
1460 1743 1609 1778 nostra
1640 1752 1740 1778 con-

112 1809 274 1856 tulerit,
297 1809 446 1860 paucis
465 1822 697 1860 exponam.

128 1904 131 1905 ⁷
165 1891 203 1919 2.
263 1881 308 1918 In
332 1881 522 1932 collegio
546 1894 693 1919 sumus
716 1881 972 1928 duodecim,
997 1881 1255 1920 sacerdotes
1277 1882 1482 1932 quinque,
1516 1883 1612 1922 laici
1643 1884 1740 1921 reli-

112 1952 198 2002 qui.
225 1952 347 1990 Bona
370 1964 522 1990 omnes
545 1952 704 1990 utimur
727 1952 997 1999 valetudine,
1023 1952 1157 1990 credo
1190 1952 1307 2003 quod
1331 1966 1483 1991 omnes
1503 1954 1523 1972 a
1542 1954 1596 1992 ad
1619 1967 1738 1993 suam

113 2022 285 2061 laudem
308 2023 606 2074 spectantibus
629 2025 750 2061 Deus
772 2022 921 2061 videat
944 2036 1042 2062 esse
1064 2029 1402 2075 peroccupatos.
1428 2025 1737 2073 obedientiae,

116 2094 340 2141 orationis,
364 2093 715 2132 mortificationis
747 2094 1067 2145 spiritualisque
1090 2095 1348 2133 incrementi
1379 2108 1482 2133 cura
1502 2109 1578 2146 par
1608 2102 1739 2147 atque

115 2165 390 2203 exercitatio.
416 2166 462 2203 P.
495 2169 643 2204 rector
665 2164 910 2204 Santander
941 2177 1108 2203 summa
1129 2178 1226 2204 cum
1249 2165 1517 2204 audientium
1539 2167 1740 2217 frequen·

113 2236 172 2273 tia
193 2241 323 2286 atque
352 2236 559 2286 applausu
583 2235 886 2274 concionando
920 2236 1013 2274 fere
1045 2249 1198 2274 omnes
1230 2237 1356 2275 huius
1388 2236 1577 2276 ciuitatis
1606 2238 1740 2276 aedes

116 2319 262 2345 sacras
285 2312 351 2345 est
373 2311 653 2357 peruagatus.
677 2307 834 2357 Neque
856 2306 983 2345 facile
1007 2307 1047 2345 ei
1068 2307 1163 2355 fuit,
1186 2312 1473 2358 posteaquam
1496 2309 1581 2347 huc
1603 2310 1737 2353 venit,

113 2378 166 2415 ab
188 2377 361 2416 assiduo
385 2378 454 2415 uel
478 2377 699 2428 tantisper
726 2378 745 2402 b
768 2378 917 2415 labore
953 2378 1115 2425 feriari,
1154 2379 1287 2428 varijs
1309 2379 1394 2417 huc
1420 2380 1521 2417 illuc
1557 2379 1735 2431 exigen-

113 2449 230 2487 tibus
252 2449 552 2488 concionibus.
578 2449 788 2488 Doctrina
808 2461 1016 2499 perquam
1040 2450 1176 2487 ubere
1201 2455 1332 2500 atque
1354 2450 1557 2488 feruente
1580 2451 1739 2489 multos

114 2520 168 2559 ad
207 2520 370 2559 Christi
413 2521 575 2558 cultum
615 2520 905 2558 vehementer
947 2520 1178 2560 excitauit.
1222 2521 1536 2560 Confitentium
1584 2535 1739 2573 magna

114 2591 228 2642 apud
256 2604 338 2629 nos
367 2591 526 2642 passim
560 2592 685 2642 copia
708 2596 791 2637 est3
813 2591 957 2629 futura
978 2591 1177 2630 nimirum
1201 2593 1338 2630 multo
1364 2594 1494 2631 etiam
1516 2593 1736 2644 grandior,

114 2662 153 2700 ni
175 2663 323 2701 sacelli
345 2664 545 2713 angustia
565 2667 670 2701 vota
689 2663 875 2713 plurium
898 2662 1157 2701 retardaret.
1181 2663 1270 2701 Sed
1302 2670 1448 2702 tamen
1485 2677 1636 2702 eorum
1668 2665 1739 2716 qui

112 2733 166 2772 ad
189 2733 596 2772 communicandum
615 2735 852 2772 accessztnt
870 2740 886 2758 e
908 2733 978 2771 die
996 2733 1306 2784 assumptionis
1337 2735 1617 2773 beatissimae
1648 2736 1738 2786 plu-

114 2817 184 2842 res
202 2809 376 2843 centum
394 2804 526 2842 fuisse
546 2805 852 2855 comperimus.
871 2805 914 2842 In
933 2804 1124 2843 uisendis
1138 2806 1332 2856 aegrotis
1350 2811 1480 2856 atque
1498 2806 1738 2844 animandis

113 2874 358 2926 migraturis
381 2887 404 2912 e
428 2875 531 2922 vita,
555 2875 812 2925 perassiduo
838 2877 989 2913 Patres
1007 2876 1157 2913 labore
1181 2875 1434 2926 funguntur,
1460 2881 1503 2914 ut
1522 2882 1652 2915 nocte
1677 2877 1736 2914 in-

160 3087 180 3106 a
228 3086 362 3123 rebus.
418 3099 481 3123 -b
503 3087 718 3133 paulisper.
772 3093 834 3112 -0
856 3092 1131 3122 accesserunt.
