2038 3400
355 266 425 304 352
806 266 1028 305 LITTERAE
1052 267 1413 314 QUAbfflMESTRES

299 377 518 422 tempesta
534 376 600 409 ter
623 384 673 409 ac
694 376 848 421 quater
866 366 1091 422 contingat
1114 371 1168 410 ad
1187 372 1404 411 eiusmodi
1427 386 1555 412 casus
1577 373 1759 412 accersi.
1781 373 1924 412 Xeno·

301 442 460 480 dochia
482 443 546 480 bis
569 444 609 480 in
631 439 910 480 hebdomade
932 442 1164 489 adeuntur,
1189 443 1247 480 ibi
1264 443 1447 493 primum
1470 444 1669 483 doctrina
1698 445 1932 482 christiana

301 518 514 561 cantatur,
549 513 708 552 deinde
732 514 991 565 languentes
1024 516 1201 553 salutari
1223 513 1522 553 admonitione
1541 520 1811 562 recreantur,
1832 528 1928 565 pos-

300 594 440 626 tremo
464 588 535 637 qui
566 586 723 625 adsunt
744 587 899 637 parati,
931 592 1115 638 peccata
1136 587 1377 638 deponunt.
1418 588 1462 625 ln
1490 587 1815 637 frequentando
1842 600 1931 625 car-

300 672 402 697 cere
424 659 540 697 idem
565 659 688 697 ordo.

351 741 388 778 3.
450 732 502 769 Et
532 731 736 781 quoniam
771 731 812 769 in
840 731 1067 770 doctrinae
1086 731 1361 769 christianae
1397 731 1666 769 mentionem
1698 730 1845 778 incidi,
1870 730 1930 768 dj-

290 814 391 840 -cam
414 802 456 839 id
473 802 590 852 quod
613 814 781 840 summe
805 807 871 840 est
893 802 1209 849 admirandum,
1229 802 1385 841 diebus
1405 803 1531 841 festis
1555 802 1755 841 omnibus
1778 803 1931 840 Patres

297 874 423 912 binos
444 879 518 911 aut
540 879 692 912 ternos
722 873 899 924 prodire
930 875 1214 924 praecinente
1249 875 1505 925 campanula
1526 874 1831 918 decantantes,
1864 886 1931 912 ca-

296 951 464 983 teruam
486 957 723 995 puerorum
752 945 876 995 sequi
906 945 1282 995 respondentium,
1314 946 1538 984 hominum
1571 950 1727 983 coetus
1758 957 1810 983 ac
1839 957 1931 982 mu-

296 1019 450 1057 lierum
472 1017 630 1068 passim
652 1017 746 1055 fieri
769 1017 823 1055 ad
851 1016 1130 1064 audiendum,
1164 1030 1298 1068 saepe
1330 1030 1467 1068 usque
1497 1016 1552 1056 ad
1574 1023 1593 1042 ³
1612 1016 1769 1055 aedem
1801 1016 1924 1066 sequi

294 1092 411 1132 (sunt
442 1094 589 1127 autem
620 1089 749 1127 binae
779 1088 1037 1139 designatae
1073 1089 1126 1126 ab
1157 1083 1485 1139 proepiscopo),
1519 1101 1703 1139 magnos
1735 1087 1926 1137 undique

293 1160 648 1212 applaudentium
680 1173 703 1199 e
734 1161 938 1199 fenestris
960 1173 1011 1199 ac
1032 1160 1249 1199 liminibus
1272 1162 1488 1199 clamores
1512 1160 1673 1207 efferri,
1707 1172 1925 1209 nunquam

295 1234 399 1271 satis
421 1245 513 1271 rem
536 1232 743 1271 diuinitus
772 1233 1024 1283 inspiratam
1051 1233 1253 1271 admirari
1283 1233 1506 1285 populum.
1531 1230 1813 1271 Conveniunt
1845 1231 1929 1268 fer-

296 1318 365 1343 me
387 1304 441 1343 ad
463 1304 727 1343 audiendum
749 1304 791 1342 in
822 1305 1033 1356 templum
1054 1318 1291 1356 puerorum
1323 1306 1550 1357 plusquam
1583 1305 1665 1343 tria
1695 1303 1825 1343 millia
1853 1316 1909 1341 nu

295 1382 475 1424 mer-ata,
500 1376 693 1415 virorum
716 1389 767 1415 ac
793 1376 1082 1415 foeminarum
1113 1377 1269 1428 ingens
1300 1376 1549 1415 multitudo.
1584 1377 1727 1428 Vulgo
1759 1378 1928 1428 praedi-

294 1454 392 1487 cant
414 1449 614 1487 homines
636 1461 683 1486 se
705 1449 788 1487 hac
809 1461 893 1486 una
922 1461 970 1486 re
994 1461 1093 1487 esse
1117 1447 1376 1487 christianos
1399 1448 1621 1496 didicisseg
1645 1454 1765 1487 tanta
1797 1455 1864 1488 est
1886 1451 1925 1488 in

295 1533 378 1558 una
400 1520 626 1559 doctrinae
650 1520 913 1558 christianae
937 1519 1260 1558 exercitatione
1289 1520 1453 1558 utilitas
1475 1519 1793 1559 animaduersa.

345 1604 383 1641 4.
443 1593 508 1630 De
540 1593 779 1643 gymnasijs
809 1592 970 1630 nostris
1001 1590 1105 1630 illud
1136 1591 1398 1642 compendio
1422 1591 1578 1639 dicam,
1611 1592 1714 1630 nihil
1744 1591 1926 1643 perinde

288 1676 347 1702 ex
370 1665 578 1703 institutis
601 1664 838 1704 Societatis
867 1665 1085 1715 placuisse
1107 1664 1346 1715 Segobiae.
1371 1663 1481 1702 Nam
1512 1663 1553 1701 in
1587 1676 1639 1701 ea
1669 1676 1716 1701 re
1747 1663 1927 1714 penuria

291 1736 434 1774 bonae
457 1735 685 1774 doctrinae
721 1741 853 1786 atque
887 1735 1143 1773 fructuosae
1178 1734 1417 1773 industriae
1448 1735 1688 1786 segobiana
1722 1735 1926 1772 iuuentus

291 1821 376 1847 uon
400 1807 683 1847 mediocriter
718 1808 960 1846 laborabat.
986 1807 1082 1844 Fuit
1103 1807 1234 1857 igitur
1257 1807 1342 1845 hoc
1364 1819 1496 1845 unum
1519 1805 1612 1844 urbi
1634 1806 1925 1844 vehementer

293 1880 536 1930 exoptanti,
562 1886 607 1918 ut
637 1880 823 1930 primum
858 1879 985 1917 nobis
1017 1879 1151 1925 licuit,
1185 1877 1536 1917 concedendum.
1571 1876 1673 1915 Eius
1704 1878 1766 1916 rei
1799 1891 1924 1916 exor-

291 1951 408 1990 dium
440 1957 658 2002 sumptum
682 1957 749 1989 est
773 1951 972 1989 oratione
994 1963 1018 1987 a
1039 1949 1228 2000 quodam
1250 1954 1590 2000 praeceptorum
1611 1949 1758 1987 habita
1779 1949 1820 1987 in
1857 1962 1924 1987 su-

290 2035 457 2074 premo,
482 2023 542 2061 ita
562 2022 884 2073 postulantibus
907 2021 1144 2067 canonicis,
1177 2021 1360 2071 templo·‚
1383 2021 1425 2058 in
1453 2033 1538 2070 qua
1568 2032 1665 2058 cum
1688 2020 1923 2059 Societatis

290 2094 345 2131 de
378 2093 618 2132 erudienda
647 2094 879 2132 iuuentute
911 2093 1111 2131 instituta
1128 2092 1309 2143 copiose
1333 2091 1606 2138 diseruisset,
1627 2096 1747 2129 tanta
1770 2103 1921 2129 omnes

287 2165 513 2204 auditores
534 2165 706 2215 (aderat
727 2170 889 2212 autem,
914 2170 960 2202 ut
990 2163 1129 2202 verbo
1153 2163 1308 2210 dicam,
1333 2162 1537 2214 quicquid
1568 2163 1609 2200 in
1640 2163 1721 2201 hac
1743 2161 1920 2201 ciuitate

289 2246 355 2275 est
390 2238 629 2285 literarum,
668 2237 907 2288 religionis,
946 2235 1235 2285 celebritatis)
1265 2234 1494 2273 admiratio
1526 2239 1657 2284 atque
1681 2234 1919 2272 commotio

290 2310 421 2360 cepit,
446 2313 491 2347 ut
514 2309 692 2347 domum
714 2307 993 2347 redeuntium
1016 2320 1100 2345 una
1122 2306 1315 2345 omnium
1338 2318 1426 2344 vox
1451 2311 1570 2343 esset
1596 2305 1713 2342 nulla
1733 2317 1919 2354 unquam

288 2381 329 2419 in
351 2381 577 2419 academia
596 2381 685 2419 tale
708 2393 755 2418 se
777 2380 1008 2431 quicquam
1031 2377 1221 2417 audisse.
1248 2376 1467 2416 Postridie
1491 2388 1543 2414 ea
1571 2375 1819 2414 auditorum
1853 2388 1920 2414 ca-

288 2458 415 2490 terua
454 2451 680 2499 confluxit,
719 2457 765 2489 ut
801 2450 932 2489 dubia
971 2449 1086 2488 haud
1123 2454 1273 2487 essent
1307 2448 1550 2486 animorum
1586 2446 1728 2485 studia
1762 2447 1804 2484 in
1835 2459 1919 2484 nos

286 2536 412 2575 quam
448 2523 634 2562 maxime
665 2535 897 2574 propensa.
934 2522 1133 2572 Denique
1165 2522 1307 2558 clases
1341 2526 1439 2558 sunt
1476 2524 1581 2566 tres,
1617 2518 1843 2557 auditores
1865 2517 1918 2556 ad

288 2601 463 2634 centum
487 2600 529 2634 et
551 2595 879 2646 quinquaginta,
904 2606 1033 2645 quem
1056 2592 1313 2644 propediem
1335 2603 1564 2630 numerum
1587 2590 1719 2641 duplo
1741 2596 1916 2628 auctum

287 2666 440 2705 videre
463 2679 702 2717 speramus.
727 2667 792 2704 Ex
815 2665 1016 2715 confinijs
1039 2665 1167 2712 enim,
1192 2676 1302 2715 quae
1325 2664 1459 2702 multa
1481 2667 1525 2701 et
1546 2662 1662 2701 bona
1682 2662 1815 2700 habet
1835 2662 1918 2700 lzoc

288 2738 500 2790 oppidum
520 2739 554 2786 b,
578 2738 834 2790 principium
858 2737 1063 2776 veniendi
1085 2741 1264 2788 propter
1286 2740 1501 2773 aestatem
1524 2733 1715 2772 nondum
1741 2739 1807 2771 est
1830 2733 1917 2772 fac-

287 2817 392 2849 tum.
417 2811 574 2848 Tribus
605 2810 827 2848 mensibus
857 2814 924 2847 ter
952 2809 1127 2860 publice
1163 2807 1476 2853 declamarunt,
1512 2806 1734 2844 orationes
1778 2805 1915 2843 semel

290 2895 418 2920 versu
452 2882 590 2920 factas
620 2882 881 2927 habuerunt,
905 2880 1023 2932 quod
1054 2885 1285 2930 utrumque
1316 2877 1555 2916 inauditum
1589 2882 1682 2915 erat
1711 2877 1912 2923 antehac,

286 2960 416 3005 atque
452 2954 586 2992 multa
616 2953 820 3003 denique,
860 2965 998 3003 eaque
1033 2965 1120 2990 non
1157 2951 1331 3001 exigua,
1369 2949 1627 3003 diligentiae
1651 2953 1835 3003 postrae
1872 2947 1912 2984 in

335 3109 353 3126 ὃ
390 3101 439 3137 ad
459 3105 595 3145 supra
615 3109 806 3135 versum.
862 3098 926 3122 *¹³
948 3097 1046 3133 hacc
1067 3096 1227 3133 ciuitas.
