2038 3400
353 402 401 441 84
822 403 1045 444 LITTERAE
1071 403 1428 451 QUADRIMESTRES

305 505 466 544 deesse
489 507 560 556 qui
593 521 639 545 se
671 522 839 547 murum
862 522 939 559 pro
968 510 1129 559 populo
1153 508 1236 545 Dei
1269 518 1508 558 opponere,
1533 505 1768 554 antiquam,
1794 516 1943 542 veram

306 581 350 615 et
386 578 647 617 catholicam
682 581 918 618 veritatem
947 581 1077 627 tueri,
1117 585 1159 618 et
1196 578 1435 618 mendaciis
1465 578 1605 628 palam
1638 574 1943 615 contradicere

304 661 391 686 non
415 654 666 698 vereantur,
691 664 777 701 quo
809 652 881 689 vel
905 651 968 689 sic
987 652 1265 689 truculentae
1297 650 1425 687 huius
1452 648 1623 686 bestiae
1658 647 1778 685 furor
1803 652 1847 684 et
1868 647 1943 685 im-

304 720 442 757 manis
459 721 603 759 rabies
621 721 914 771 aliquatenus
930 722 1205 773 reprimatur,
1228 726 1271 759 et
1287 725 1442 771 pereat
1463 733 1574 758 vana
1591 719 1820 768 impiorum
1843 730 1943 768 spes

304 803 388 841 qua
408 791 621 830 aduersus
644 793 805 832 Christi
829 794 1062 831 ecclesiam
1084 794 1275 844 pessime
1298 790 1553 843 gloriantur.

358 874 395 901 2.
457 865 565 903 Cum
587 864 719 915 igitur
742 866 982 915 sacrilegus
1017 865 1089 902 ille
1121 864 1477 915 augustissimum
1514 869 1557 900 et
1591 863 1718 912 plane
1750 860 1942 898 diuinum

302 934 407 972 illud
425 942 733 974 sacrosanctae
752 936 909 974 missae
933 937 1192 974 sacrificium
1212 941 1254 973 et
1273 948 1370 973 curn
1389 948 1442 972 eo
1461 933 1748 972 deuotionem
1768 944 1941 970 omnem

305 1011 349 1044 et
380 1008 564 1045 salutem
587 1008 818 1046 horrendis
840 1007 1121 1058 blasphemiis
1158 1008 1328 1058 eripere
1350 1005 1718 1044 Christifidelibus
1741 1009 1940 1049 conetur,

304 1090 504 1116 curamus
521 1091 602 1116 nos
620 1083 665 1116 vt
683 1079 737 1116 ad
756 1080 925 1129 singula
943 1092 1079 1126 sacra,
1099 1091 1211 1130 quae
1229 1080 1282 1116 ab
1300 1078 1394 1129 ipso
1414 1078 1559 1115 statim
1578 1077 1665 1115 diei
1682 1076 1941 1126 crepusculo

305 1162 441 1199 vsque
460 1150 513 1187 ad
536 1150 820 1188 meridianam
843 1150 936 1188 fere
959 1152 1111 1188 horam
1133 1150 1176 1188 in
1198 1151 1362 1200 templo
1394 1155 1546 1187 nostro
1585 1154 1682 1186 sunt
1720 1146 1940 1193 continua,

303 1221 559 1258 solemniter
583 1234 820 1272 campanae
842 1222 1012 1272 signum
1036 1221 1127 1259 dari
1153 1222 1227 1270 1!]‚
1252 1222 1309 1259 ita
1332 1226 1379 1258 vt
1401 1220 1473 1258 vix
1492 1232 1661 1258 sacrum
1685 1219 1818 1256 vllum
1851 1217 1941 1255 sine

303 1291 550 1341 frequentia
572 1293 821 1331 auditorum
843 1298 1094 1344 peragatur.
1119 1293 1286 1331 Diebus
1320 1304 1451 1343 porro
1488 1290 1717 1330 dominicis
1748 1303 1835 1327 non
1871 1289 1943 1327 de-

302 1368 416 1407 sunt,
441 1370 531 1402 tum
555 1377 609 1402 ex
634 1363 857 1412 studiosis,
882 1371 972 1402 tum
997 1378 1050 1402 ex
1075 1365 1244 1402 ciuibus
1279 1364 1351 1413 qui
1387 1376 1552 1401 sacram
1589 1360 1943 1401 communionem

302 1434 600 1485 frequentent.
627 1435 759 1485 Quod
782 1436 816 1474 si
839 1436 1058 1473 celebrius
1093 1436 1256 1473 festum
1292 1433 1468 1485 aliquod
1505 1439 1721 1481 occurrat,
1759 1432 1832 1471 vix
1856 1445 1945 1470 om-

302 1507 419 1544 nium
466 1507 698 1557 aliquando
741 1508 1096 1546 confessionibus
1141 1506 1369 1545 audiendis
1414 1505 1667 1544 sufficimus.
1715 1505 1943 1555 Templum

303 1578 441 1627 ipsum
464 1578 791 1629 amplissimum,
819 1584 886 1616 est
907 1591 1064 1617 recens
1093 1591 1207 1617 nunc
1238 1577 1489 1616 dealbatum
1522 1582 1565 1615 et
1597 1576 1789 1628 egregiis
1821 1587 1943 1613 orna-

302 1649 460 1688 mentis
484 1649 591 1688 mire
613 1649 886 1689 decoratum.
912 1649 1202 1688 Desideratus
1236 1649 1317 1687 fuit
1350 1650 1564 1687 hactenus
1599 1647 1641 1686 in
1682 1660 1735 1686 eo
1773 1652 1941 1693 cantus,

301 1721 373 1771 qui
394 1722 611 1760 trahendo
648 1722 718 1760 isti
748 1723 911 1774 populo
934 1722 988 1760 ad
1024 1722 1170 1760 diuina
1201 1721 1413 1772 obsequia
1443 1719 1636 1771 apprime
1671 1719 1943 1757 indicabatur

304 1793 507 1838 idoneus;
531 1794 611 1832 sed
632 1807 686 1832 ne
710 1795 791 1832 hac
814 1795 945 1832 etiam
967 1795 1010 1832 in
1030 1800 1154 1845 parte
1178 1807 1329 1832 eorum
1349 1793 1477 1831 saluti
1497 1791 1656 1830 deesse
1674 1790 1940 1837 videremur,

303 1866 447 1903 omnia
466 1866 667 1904 omnibus
688 1866 731 1904 in
752 1866 941 1904 Domino
965 1866 1060 1904 fieri
1083 1865 1311 1917 cupientes
1337 1866 1360 1909 ¹,
1382 1870 1557 1903 cantum
1581 1864 1712 1902 etiam
1734 1862 1943 1914 proximis

301 1936 427 1974 festis
467 1937 673 1975 natalitiis
708 1937 1048 1984 introduximus3
1084 1950 1228 1987 neque
1266 1936 1545 1987 vespertinas
1580 1940 1745 1973 tantum
1785 1945 1943 1984 preces

302 2021 428 2047 more
449 2021 644 2048 romano
663 2010 973 2055 decantamus,
995 2009 1074 2047 sed
1093 2015 1136 2047 et
1158 2009 1385 2047 missarum
1409 2008 1607 2046 solennia
1624 2006 1750 2045 simili
1766 2018 1942 2057 quoque

303 2086 432 2117 cantu
452 2079 589 2130 festis
611 2080 765 2119 diebus
787 2080 1077 2119 celebramus,
1114 2079 1183 2118 Ad
1218 2081 1329 2118 haec
1366 2079 1591 2117 concionis
1626 2078 1793 2123 horam,
1830 2088 1942 2127 quae

303 2151 447 2189 statim
470 2164 494 2189 a
514 2151 697 2202 prandio
722 2157 829 2198 erat,
856 2156 899 2189 et
930 2151 1116 2203 proinde
1153 2152 1257 2189 satis
1280 2150 1554 2189 auditoribus
1584 2148 1877 2195 incommoda,
1901 2146 1943 2184 in

302 2223 560 2261 matutinum
582 2230 755 2274 tempus
773 2224 1086 2271 transtulimus,
1107 2223 1416 2261 consentiente
1435 2223 1644 2273 episcopo
1663 2223 1689 2259 ².
1714 2218 1943 2258 Dominica

301 2308 476 2345 quoque
512 2296 726 2345 proxima,
759 2308 871 2346 quae
899 2294 1037 2346 prima
1073 2300 1140 2333 est
1174 2295 1301 2332 huius
1342 2298 1521 2332 sanctae
1561 2291 1940 2343 quadragesimae,

302 2365 530 2404 doctrinae
549 2365 811 2404 christianae
830 2367 963 2405 lectio
982 2379 1005 2404 a
1021 2366 1286 2416 vespertinis
1309 2365 1455 2403 statim
1471 2363 1692 2415 precibus>
1712 2367 1759 2400 vt
1777 2362 1942 2399 Romae

302 2438 396 2475 fieri
427 2438 608 2485 assolet,
641 2438 683 2475 in
714 2438 879 2488 templo
911 2439 997 2475 hoc
1027 2443 1178 2475 nostro
1210 2437 1415 2475 inchoata
1448 2442 1514 2473 est
1541 2442 1573 2473 ὃ.
1605 2432 1943 2473 Concionatoris

302 2513 465 2555 autem,
504 2510 629 2547 simul
667 2515 711 2547 et
746 2510 941 2556 lectoris,
975 2522 1157 2547 munere
1193 2509 1387 2559 fungitur
1417 2508 1436 2532 b
1459 2508 1510 2544 D.
1537 2507 1796 2545 Lambertus
1817 2504 1845 2552 ⁸,
1870 2505 1945 2555 qui

302 2594 399 2619 cum
421 2581 601 2619 natione
623 2594 860 2632 germanus
889 2582 957 2628 sit,
996 2579 1147 2631 spiritu
1178 2580 1357 2618 feruens
1389 2585 1432 2616 et
1466 2577 1712 2616 eruditione
1744 2576 1939 2627 insigniS,

302 2666 389 2690 non
412 2653 614 2703 exiguos,
640 2655 735 2691 Deo
753 2654 948 2700 fauente,
973 2652 1014 2690 in
1036 2653 1196 2692 horrea
1212 2652 1430 2690 dominica
1452 2650 1617 2689 referet
1640 2649 1898 2700 manipulos.

355 2735 392 2772 3.
455 2725 554 2762 Non
576 2725 843 2763 immorabor
865 2725 937 2762 hic
956 2724 998 2762 in
1020 2723 1306 2762 recensendis
1342 2722 1423 2760 illis
1458 2735 1570 2773 quae
1600 2722 1643 2759 in
1675 2720 1939 2765 carceribus,

349 2924 367 2942 a
439 2917 585 2957 Prius!
608 2918 656 2952 ut
673 2916 855 2957 videtur,
877 2914 1145 2951 inchoabitur,
1202 2914 1266 2938 ——b
1302 2913 1437 2949 Prius
1465 2911 1675 2958 fungetur.

351 3075 358 3093 ¹
414 3072 476 3111 Cf.
496 3072 511 3108 Ι
533 3071 651 3113 Coa„
674 3070 746 3116 IX,
767 3070 823 3107 2‘2.

348 3134 361 3153 ²
414 3132 618 3169 Antonius
637 3131 743 3167 Brus
762 3131 811 3166 de
832 3129 1019 3175 Muglitz.

348 3193 361 3212 ⁸
413 3191 456 3229 P.
478 3191 725 3228 Lambertus
745 3190 876 3231 Auer,
897 3190 947 3225 de
967 3202 1045 3236 quo
1067 3189 1170 3234 vide,
1191 3188 1258 3233 sis,
1280 3187 1421 3232 Dmnz,
1453 3187 1763 3230 Geschichte...,
1791 3185 1821 3230 I,
1857 3185 1935 3222 108.
