2038 3400
351 233 421 273 274
817 235 1039 275 LITTERAE
1065 236 1421 283 QUAomMES'r-RES

307 338 467 387 ordiar,
493 340 537 377 vt
559 338 766 380 ordinem
788 339 986 390 aliquem
1006 337 1241 379 narrandi
1263 341 1409 379 tenere
1428 338 1615 390 possim,
1641 339 1742 378 loca
1771 338 1864 391 ipsa
1897 337 1939 377 in

302 410 458 460 quibus
481 411 634 450 Patres
654 412 831 463 pietatis
855 425 1002 463 opera,
1029 417 1072 450 et
1096 424 1148 450 ea
1169 411 1359 450 maxime
1381 423 1493 462 quae
1516 424 1571 449 ex
1606 411 1843 450 Societatis
1877 410 1937 448 in-

303 481 457 520 stituto
479 481 534 520 ad
557 495 635 521 eos
665 483 903 533 pertinent,
939 495 1153 522 exercere
1183 488 1493 530 consuescunt,
1522 484 1820 533 proponenda
1849 494 1938 522 esse

303 553 526 595 arbitror.
553 554 639 593 Illa
663 569 768 594 vero
791 561 890 594 sunt
911 555 1036 594 haec:
1062 555 1113 593 D.
1139 553 1289 593 Lazari
1310 554 1446 593 aedes
1467 555 1541 594 vbi
1563 559 1767 594 curantur
1797 555 1938 605 lepro—

303 629 349 676 si,
370 628 574 668 triremes
594 630 760 681 regiae,
786 640 935 666 carcer
956 630 1105 681 regius
1128 634 1172 668 et
1193 630 1313 668 Stae.
1338 629 1643 680 inquisitionis,
1666 630 1938 681 popularium

301 701 569 740 infirmorum
592 700 763 748 domus,
802 713 853 739 ac
888 700 1040 740 vltimo
1076 702 1177 741 loco
1213 701 1424 753 templum
1459 701 1599 740 nostri
1634 702 1827 754 collegii,
1862 713 1940 753 per

302 785 414 824 quae
436 785 575 824 vsque
597 772 651 810 ad
676 772 842 811 exitum
865 772 993 811 huius
1014 773 1275 812 narrationis
1297 777 1449 812 nostra
1468 773 1637 812 feretur
1661 774 1817 812 oratio.

356 856 392 884 2.
457 845 604 895 Quare
640 844 814 882 veniam
847 844 901 882 ad
924 857 977 883 ea
998 857 1111 895 quae
1141 845 1184 884 in
1218 845 1270 883 D.
1309 845 1459 883 Lazari
1495 858 1592 884 cum
1624 845 1809 896 leprosis
1844 850 1942 883 acta

303 921 415 954 sunt.
449 916 602 954 Genus
624 916 710 955 hoc
731 916 972 963 hominum,
997 917 1113 955 nosti
1133 917 1152 935 a
1170 916 1459 968 (popularium
1482 917 1596 955 enim
1620 919 1752 967 atque
1779 917 1942 968 vulga-

302 987 426 1027 rium
448 988 672 1027 hominum
694 988 736 1026 in
764 987 975 1027 similibus
997 990 1129 1027 rebus
1150 989 1290 1027 ferme
1311 989 1428 1027 idem
1447 995 1515 1028 est
1536 989 1665 1039 mos),
1689 989 1847 1040 vulgus
1868 1002 1942 1027 ne-

301 1059 440 1111 gligit,
465 1063 587 1098 arcet
610 1072 661 1098 ac
682 1059 808 1110 fugit,
832 1065 968 1108 metu,
993 1072 1092 1100 mea
1114 1059 1294 1111 quidem
1313 1059 1551 1108 sententia,
1576 1060 1731 1108 morbi,
1756 1059 1868 1098 adeo
1893 1066 1939 1099 vt

300 1132 341 1169 hi
363 1144 452 1170 non
487 1131 810 1170 consuetudine
831 1135 1001 1170 tanturn
1024 1137 1068 1170 et
1088 1130 1382 1170 familiaritate
1405 1137 1696 1183 cognatorum
1719 1136 1941 1170 veterum-

301 1215 386 1254 que
421 1204 661 1242 amicorum
698 1202 1008 1251 destituantur,
1047 1203 1126 1242 sed
1156 1203 1375 1242 interdum
1412 1203 1613 1243 doctrina
1643 1203 1850 1242 deficiant
1882 1209 1943 1241 at-

301 1288 385 1326 que
407 1275 731 1315 hortationibus
753 1275 807 1314 ad
829 1275 1123 1323 tolerantiam,
1148 1287 1261 1326 quae
1282 1275 1427 1323 facile,
1447 1276 1527 1314 nisi
1550 1274 1662 1314 adsit
1683 1276 1754 1327 qui
1772 1275 1942 1314 reficiat

303 1352 346 1386 et
378 1347 624 1395 confirmet,
649 1347 889 1386 leuioribus
919 1347 1061 1399 frangi
1095 1347 1319 1386 laboribus
1351 1361 1402 1386 ac
1434 1346 1653 1386 debilitari
1688 1348 1818 1386 solet.
1844 1346 1942 1396 Quo

302 1419 404 1466 fieri
427 1422 587 1471 potest,
626 1421 670 1459 vt
705 1432 932 1472 magnam
968 1419 1201 1459 iacturam
1234 1419 1556 1470 spiritualium
1589 1422 1722 1471 opum
1735 1419 1940 1472 faciant,

303 1504 416 1541 quas
432 1490 659 1542 patientia
683 1491 749 1530 vel
771 1492 1112 1542 compararent,
1135 1491 1203 1531 vel
1228 1493 1524 1542 comparatas
1546 1493 1798 1531 tuerentur.
1822 1489 1943 1540 Qua-

302 1577 351 1603 re
385 1577 439 1603 ne
472 1564 668 1614 vndique
691 1566 915 1616 pauperes
942 1565 1098 1611 essent,
1128 1576 1196 1611 ne,
1237 1563 1439 1615 inquam,
1479 1563 1687 1615 corporis
1721 1562 1859 1602 simul
1890 1577 1943 1602 ac

304 1635 452 1675 animi
473 1635 602 1675 bonis
621 1635 900 1687 indigerent,
924 1636 1081 1674 missus
1105 1640 1172 1674 est
1194 1635 1248 1673 ad
1272 1648 1350 1674 eos
1379 1634 1553 1687 quidam
1577 1648 1631 1673 ex
1661 1635 1839 1683 nostris,
1872 1635 1943 1684 qui

304 1708 598 1746 esurientibus
613 1719 771 1758 panem
786 1707 1028 1759 frangeret,
1047 1706 1090 1745 id
1104 1712 1186 1754 est,
1202 1707 1387 1745 verbum
1403 1707 1486 1745 Dei
1500 1711 1785 1758 proponeret.
1804 1707 1941 1744 Porro

301 1779 362 1818 illi
378 1779 568 1818 recreati
590 1783 689 1817 sunt
705 1791 793 1817 non
809 1783 979 1816 tantum
998 1779 1136 1816 verbo
1156 1778 1253 1825 Dei,
1273 1777 1392 1829 quod
1408 1777 1612 1829 perfecte
1630 1777 1798 1816 animos
1816 1777 1942 1815 mise-

303 1864 450 1890 rorum
472 1864 524 1890 ac
540 1849 831 1889 laborantium
850 1848 1282 1889 commemoratione
1299 1848 1569 1900 passionum
1590 1848 1766 1888 Christi
1783 1860 1938 1887 serua.-

304 1922 420 1962 toris
442 1922 549 1973 opti.
574 1922 733 1970 reficit,
757 1933 913 1960 verum
937 1921 1068 1960 etiam
1090 1920 1315 1959 hominum
1340 1926 1561 1959 conuentu
1585 1925 1716 1970 atque
1738 1919 1940 1970 frequen-

303 1995 377 2043 tia,
416 1994 489 2045 qui
525 2007 578 2033 eo
610 1994 838 2033 concionis
870 2006 1025 2032 caussa
1055 1992 1397 2032 conueniebant.
1431 1992 1622 2032 Curabat
1653 2004 1761 2030 uero
1794 1993 1940 2038 Pater,

303 2071 512 2117 quantum
535 2067 576 2104 in
612 2078 660 2104 se
697 2070 806 2113 erat,
844 2065 1041 2115 vtrisque
1080 2063 1351 2111 satisfacere,
1371 2063 1571 2114 leprosos
1592 2062 1647 2101 ad
1663 2062 1942 2102 tolerantiam

302 2139 552 2186 instituenS,
576 2138 770 2189 reliquos
792 2137 847 2176 ad
870 2136 1317 2175 commiserationem.
1344 2135 1580 2174 Interdum
1615 2134 1939 2174 commonebat.

303 2211 362 2251 At
395 2223 506 2251 uero
542 2223 644 2250 cum
674 2209 723 2249 in
753 2209 899 2249 medio
931 2221 1071 2248 cursu
1101 2209 1346 2247 reuocatus
1375 2207 1435 2246 sit
1467 2221 1493 2246 a
1517 2207 1566 2246 P.
1586 2205 1876 2257 prouinciali
1895 2205 1943 2244 in

305 2283 361 2322 D.
384 2282 528 2322 Rochi
551 2290 576 2330 ¹,
601 2295 715 2333 quae
732 2283 974 2333 praeterea
996 2282 1099 2320 acta
1121 2281 1228 2319 sunt
1249 2279 1306 2319 ab
1326 2292 1374 2318 eo
1396 2291 1488 2317 non
1510 2277 1671 2329 accepi.
1693 2278 1792 2316 Hoc
1807 2277 1943 2328 plane

303 2353 396 2394 scio
420 2353 681 2394 hominibus
698 2352 793 2392 illis
810 2365 948 2403 quam
966 2351 1042 2391 diu
1064 2351 1363 2391 concionatus
1379 2352 1456 2397 est,
1476 2362 1700 2402 magnum
1727 2348 1943 2400 fructum

307 2429 439 2478 atque
460 2426 705 2465 vtilitatem
727 2424 950 2464 attulisse.

358 2508 396 2546 3.
456 2498 597 2536 Venio
620 2509 736 2535 nunc
757 2496 810 2534 ad
834 2495 1037 2535 triremes
1059 2496 1216 2547 regias.
1240 2494 1386 2533 Multis
1407 2506 1513 2532 sane
1534 2494 1576 2532 in
1598 2494 1729 2532 rebus
1752 2493 1943 2532 cernitur

305 2574 467 2621 quanta
487 2570 543 2608 sit
564 2567 793 2608 doctrinae
816 2567 1078 2607 christianae
1101 2566 1167 2606 vis
1187 2566 1242 2605 ad
1263 2566 1432 2605 animos
1452 2570 1544 2603 tum
1565 2564 1619 2604 ad
1654 2565 1862 2604 virtutem
1892 2577 1944 2603 ac

307 2641 388 2680 Dei
411 2642 574 2680 cultum
605 2639 912 2692 impellendos,
935 2645 1027 2678 tum
1050 2653 1074 2678 a
1108 2639 1225 2678 vitiis
1247 2637 1553 2684 deducendos3
1578 2650 1729 2676 verum
1764 2637 1881 2676 nulla
1901 2636 1942 2674 in

305 2727 352 2752 re
388 2713 431 2752 id
465 2716 747 2764 perspectum
779 2711 913 2750 fuisse
948 2710 1136 2750 arbitror
1168 2711 1434 2759 euidentius,
1467 2724 1595 2763 quam
1617 2710 1659 2748 in
1682 2708 1942 2760 compeditis

353 2901 372 2920 ’Δ
422 2899 576 2939 Praec.
597 2908 637 2934 v.
655 2899 915 2944 praeposuit
932 2899 1028 2937 Pol.
1051 2904 1106 2936 vt.

356 3070 365 3089 ¹
418 3067 461 3104 Id
481 3071 554 3110 est,
574 3066 615 3103 in
635 3066 796 3103 domum
815 3065 1038 3113 professam
1058 3064 1385 3112 olissponensem,
1406 3062 1514 3100 Divo
1535 3061 1674 3099 Rocho
1695 3060 1882 3098 dicatam.
