2038 3400
430 244 629 284 310.-Ex
655 243 773 284 Foao
798 244 908 283 L1v11
934 245 980 282 20
1005 243 1370 282 NoVEMssms⁴1559
1600 246 1670 283 385

92 350 230 400 ipsum
266 350 439 401 cupiant
474 355 517 387 et
547 348 831 397 contendant,
865 349 996 387 etiam
1027 361 1153 399 quos,
1178 354 1224 386 ut
1254 350 1369 387 omni
1405 354 1504 386 sunt
1535 350 1712 399 impedi-

92 427 239 459 mento
262 421 400 467 liberi,
417 421 477 458 ita
497 420 796 458 admittendos
819 420 905 458 cito
929 419 1024 457 fore
1047 432 1288 470 speramus.

145 493 181 530 8.
240 493 337 530 Fuit
359 505 468 529 unus
488 491 530 529 in
552 492 604 540 ijs
626 505 735 542 quos
762 491 891 542 paulo
915 496 1015 528 ante
1047 490 1149 537 dixi,
1174 491 1246 540 qui
1266 490 1348 527 nisi
1378 503 1561 528 uxorem
1584 492 1715 528 habe-

96 569 176 609 ret,
203 575 249 600 se
273 569 520 601 curaturum
543 563 732 609 dicebat,
756 568 802 600 ut
834 562 888 600 ad
918 562 1189 600 Societatem
1221 562 1526 601 ascriberetur.
1558 563 1718 599 Annuit

92 634 184 671 eius
206 635 276 684 pio
300 633 521 672 desiderio
546 635 680 681 Deus,
701 638 831 684 atque
855 633 947 671 eius
970 645 1107 670 uxore
1130 645 1206 683 per
1228 638 1413 670 mortem
1437 632 1491 670 ad
1522 646 1569 671 se
1592 646 1719 671 reuo-

91 711 201 752 cata,
225 705 405 743 liberam
428 706 467 743 ei
487 705 744 756 perficiendi
767 705 874 752 eius,
899 704 1015 755 quod
1046 709 1091 741 ut
1113 703 1343 754 aliquando
1368 709 1519 755 optare
1542 704 1717 754 inspira-

91 782 170 823 rat,
195 776 447 815 facultatem
469 776 605 814 dedit.
631 777 669 813 ls
691 776 822 827 igitur
845 775 899 813 de
922 775 1125 812 mandato
1149 775 1198 812 T.
1233 776 1280 813 R.
1315 777 1362 814 P.
1387 776 1499 813 istuc
1524 777 1543 794 ²*
1564 776 1718 813 missus

92 852 173 885 est.
199 847 428 886 Credimus
452 859 549 885 eum
572 860 649 897 pro
673 861 751 884 usu
781 847 800 871 b
822 859 950 896 quem
972 846 1120 892 habet,
1144 846 1185 883 in
1204 846 1441 884 earundem
1458 847 1718 884 tractatione

90 919 238 957 utilem
261 920 302 957 in
324 919 451 956 uinea
469 917 641 956 Domini
657 919 752 956 fore
772 925 797 956 ¹.
819 919 916 956 Hoc
934 918 1026 955 eius
1043 918 1257 967 ingressu,
1276 922 1367 956 tum
1385 918 1457 963 illi,
1478 924 1568 956 tum
1587 918 1718 956 etiam

91 990 279 1040 collegio
303 1002 327 1027 a
349 990 534 1027 Domino
558 990 804 1028 consultum
823 993 866 1026 et
887 989 1108 1038 prouisum
1128 995 1208 1026 est.
1229 989 1338 1027 Nam
1355 995 1530 1039 praeter
1548 990 1719 1027 uineam

91 1066 134 1098 et
156 1061 319 1111 aliquot
342 1066 487 1098 terrae
508 1061 662 1111 iugera
681 1061 783 1099 huic
805 1059 994 1110 collegio
1013 1058 1241 1109 applicata,
1261 1060 1581 1111 supellectilem
1599 1073 1718 1098 suam

90 1132 393 1179 domesticam,
426 1132 705 1179 frumentum,
746 1133 906 1179 oleum,
939 1131 1086 1169 uinum
1118 1131 1308 1170 tradidit.
1347 1132 1540 1180 Quarum
1576 1144 1719 1170 rerum

92 1204 282 1242 omnium
317 1203 404 1241 hoc
437 1203 612 1254 quidem
648 1216 764 1242 anno
801 1203 1060 1241 difficultate
1091 1203 1410 1241 laborabamus.
1436 1203 1557 1240 Alius
1590 1203 1719 1241 etiam

89 1281 264 1326 praeter
286 1287 414 1326 quam
435 1274 553 1326 quod
574 1275 733 1313 bonam
755 1275 1037 1325 pecuniarum
1070 1288 1295 1322 summam,
1328 1287 1455 1326 quam
1473 1279 1623 1312 mutuo
1647 1274 1720 1312 de-

93 1346 218 1385 derat
241 1347 448 1399 collegio,
472 1347 653 1394 remisit,
677 1347 793 1385 aliud
827 1347 930 1385 nihil
952 1347 993 1385 in
1015 1348 1129 1386 uotis
1151 1348 1299 1393 habet,
1332 1359 1459 1396 quam
1492 1352 1537 1384 ut
1563 1360 1717 1397 nepos,

92 1431 221 1469 quern
243 1432 320 1469 pro
343 1420 430 1458 filio
462 1419 610 1464 habet,
635 1419 905 1457 Societatem
940 1419 1225 1470 ingrediatur,
1249 1424 1294 1455 ut
1327 1418 1470 1456 omnia
1501 1431 1577 1456 sua
1606 1419 1720 1456 bona

89 1490 278 1541 collegio
302 1492 450 1542 legare
471 1492 625 1541 possit3
643 1503 754 1541 quae
771 1491 947 1541 quidem
965 1491 1018 1528 ad
1035 1503 1244 1528 summam
1263 1489 1479 1527 accedunt
1497 1489 1627 1528 duum
1646 1491 1720 1528 mi-

90 1562 192 1600 lium
209 1574 441 1600 aureorum
464 1568 747 1601 scutatorum.
772 1562 819 1600 Id
842 1575 948 1600 uero
971 1575 1109 1613 puero
1138 1563 1211 1609 illi,
1238 1562 1418 1612 egregia
1445 1574 1549 1599 sane
1571 1562 1718 1600 indole

89 1633 306 1683 praedito,
331 1639 374 1672 et
396 1646 419 1670 a
441 1634 666 1672 Societate
688 1647 774 1671 non
797 1633 956 1681 alieno,
983 1633 1135 1672 sedulo
1160 1633 1330 1672 suadet.

142 1715 180 1753 9.
240 1704 287 1741 ln
307 1705 491 1755 gratiam
516 1705 645 1743 etiarn
667 1705 930 1743 reducendis
952 1705 1185 1752 nonnullis,
1218 1706 1290 1756 qui
1311 1705 1589 1753 dissiderent,
1622 1718 1718 1743 nos-

89 1782 254 1813 trorum
277 1788 411 1826 opera
445 1789 548 1814 usus
580 1782 645 1814 est
676 1777 905 1823 Dominus,
930 1782 973 1814 et
996 1777 1076 1814 hac
1097 1777 1166 1814 uia
1187 1777 1360 1827 quidem
1396 1777 1508 1815 inter
1541 1783 1719 1815 caetera

90 1848 287 1886 sublatae
308 1853 405 1885 sunt
429 1848 672 1885 simultates
694 1846 907 1898 quaedam
930 1848 1073 1898 magni
1097 1848 1324 1895 momenti,
1347 1860 1458 1898 quae
1482 1847 1535 1886 ad
1558 1861 1718 1899 graues

87 1920 332 1958 inimicitias
353 1933 451 1959 cum
474 1921 707 1958 multorum
730 1919 995 1959 detrimento
1019 1927 1220 1971 spectare
1238 1920 1511 1958 uidebantur.
1530 1922 1715 1959 Visitata

90 1997 188 2028 sunt
211 1992 356 2039 etiam,
380 2005 458 2042 pro
481 1992 717 2030 Societatis
739 2004 878 2039 more,
899 1992 1164 2030 monasteria
1181 2004 1399 2030 sacrarum
1422 1992 1652 2043 virginum,
1675 1998 1717 2031 et

91 2063 381 2110 xenodochia,
405 2069 536 2113 atque
566 2063 741 2101 habitae
777 2062 942 2113 aliquot
977 2063 1215 2101 conciones
1237 2066 1277 2101 in
1312 2063 1425 2109 foro,
1455 2076 1622 2101 summo
1646 2076 1718 2101 au-

89 2134 298 2172 dientium
321 2147 531 2172 consursu
553 2139 683 2184 atque
717 2134 847 2172 etiam
882 2135 1104 2185 applausu.
1131 2135 1258 2173 Domi
1294 2147 1417 2180 uero,
1443 2134 1544 2172 dum
1575 2135 1717 2173 nullus

91 2211 157 2243 est
178 2207 250 2256 qui
270 2207 311 2243 in
333 2207 496 2257 templo
519 2210 669 2244 nostro
707 2205 1008 2253 concionetur,
1032 2207 1277 2244 institutum
1301 2212 1431 2244 estut
1454 2207 1610 2244 diebus
1631 2207 1716 2244 fes-

89 2278 143 2315 tis
174 2277 227 2315 ab
248 2290 333 2316 uno
364 2277 544 2315 fratrum
564 2277 799 2328 parabolae
833 2278 1119 2328 euangelicae
1154 2277 1443 2328 explicentur,
1469 2283 1512 2316 et
1544 2283 1715 2316 sancto-

137 2456 155 2475 a
205 2455 356 2494 Praec.
379 2467 417 2493 v.
439 2461 575 2502 supra
591 2467 697 2494 vers.
751 2463 816 2487 -b
838 2469 988 2494 rerum.

138 2640 146 2659 ¹
199 2637 375 2675 Videtur
393 2636 455 2673 hic
473 2636 596 2673 fuisse
615 2636 825 2683 Philippus
846 2636 963 2680 Biffio,
985 2638 1099 2682 cuius
1118 2638 1317 2674 adventus
1339 2638 1378 2674 in
1398 2638 1559 2674 domum
1589 2650 1716 2673 roma-

89 2712 183 2735 nam
201 2698 292 2734 Soc.
309 2696 407 2743 Jesu
426 2701 643 2732 annotatur
661 2696 700 2732 in
719 2697 803 2733 eod.
827 2697 953 2733 Rom.
972 2696 1054 2734 169
1071 2696 1247 2743 (Regist.
1269 2698 1392 2734 novit.
1418 2697 1646 2742 1556-1668)
1667 2698 1716 2733 ad

91 2759 196 2795 diem
230 2758 243 2792 l
277 2754 518 2793 Novembris
551 2755 653 2793 1559.
687 2756 732 2793 In
761 2756 847 2792 cod.
878 2757 1006 2793 Rom.
1039 2755 1141 2799 781³,
1169 2770 1206 2793 n.
1238 2757 1292 2801 17,
1321 2757 1480 2803 scripsit
1502 2756 1715 2794 Polancus:

94 2817 203 2854 «Alli
234 2816 256 2853 8
282 2816 319 2852 di
346 2813 512 2852 Genaro
546 2815 635 2852 1560
664 2815 697 2852 si
728 2816 873 2853 mando
905 2815 960 2851 M.
993 2815 1151 2862 Philipo
1177 2817 1226 2853 de
1258 2815 1370 2853 Forli
1400 2816 1440 2852 al
1468 2816 1641 2862 collegio
1668 2817 1716 2852 de

91 2877 239 2914 Forli.»
260 2876 304 2913 In
324 2878 443 2914 catal.
464 2876 628 2922 collegii
647 2875 803 2913 foroliv.
825 2875 921 2911 anni
943 2875 1032 2912 1560
1050 2875 1104 2920 (in
1122 2876 1209 2912 eod.
1237 2876 1322 2913 cod.
1344 2889 1387 2912 n.
1418 2875 1486 2912 224
1500 2877 1551 2920 ν.)
1578 2888 1715 2912 recen-

90 2941 202 2973 setur
219 2936 324 2973 inter
343 2937 596 2985 coadjutores
615 2936 862 2983 temporales
880 2934 941 2970 his
960 2935 1108 2971 verbis:
1132 2934 1210 2972 ‹M.
1233 2934 1420 2982 Philippo
1445 2934 1565 2971 Bitio.
1588 2934 1640 2971 V.
1664 2934 1713 2970 R.

92 2996 170 3033 l'ha
197 2996 439 3039 conosciuto,
469 3010 490 3033 e
521 3009 592 3042 per
618 2996 751 3042 gratia
770 2995 835 3032 del
855 2993 896 3031 S.
920 2998 941 3030 e
960 2995 1065 3032 assai
1085 2996 1182 3031 vtile
1202 3009 1224 3032 a
1243 3001 1386 3041 questo
1406 2995 1579 3040 collegio
1599 3007 1671 3041 per·
1690 2994 1716 3030 li

92 3055 251 3092 seruicii
271 3056 522 3103 temporali.»

234 3139 397 3164 anrmxu
416 3138 774 3172 QUAoumnsvnns.—T.
796 3138 848 3164 VI.
1542 3140 1576 3165 25
