2038 3400
570 323 919 360 232.-LAURET0
949 321 1087 359 1FEB,
1120 322 1209 359 1559
1611 323 1657 360 63

84 419 150 460 rei
177 418 492 459 enormitatem
528 419 698 457 veniam
731 420 784 456 ab
817 431 869 456 eo
901 418 1135 469 impetrare
1168 426 1185 443 a
1223 431 1311 456 non
1350 421 1544 468 possent,
1577 432 1702 468 quam

80 492 261 542 primum
289 496 440 528 noster
463 493 510 530 R.
546 492 591 528 P.
617 496 764 529 rector
790 496 794 514 ¹
820 503 898 541 pro
920 489 1003 528 illis
1025 502 1184 539 rogare
1209 489 1415 539 cepisset,
1439 490 1609 539 plenam
1641 503 1705 528 ve-

81 563 206 601 niam
226 562 492 612 impetrauit.

133 645 169 673 2.
229 632 491 682 principissa
512 635 669 673 Melfae
692 633 830 684 pridie
852 646 979 684 quarn
1001 634 1086 671 huc
1106 632 1375 683 perueniret,
1400 644 1530 669 vnum
1555 644 1608 669 ex
1631 645 1706 670 no-

80 706 235 746 bilibus
266 708 319 746 ad
346 710 431 747 hoc
467 706 718 753 destinauit,
743 712 789 744 vt
811 705 1091 744 sacerdotem
1119 705 1174 743 de
1193 705 1420 744 Societate
1437 709 1705 755 prepararet,

80 778 151 828 qui
182 778 262 816 sibi
289 792 312 817 a
343 778 695 818 confessionibus
727 789 825 815 esse
847 782 1015 828 posset3
1040 781 1082 814 et
1106 781 1151 814 vt
1173 775 1322 826 quanti
1351 780 1489 814 totam
1512 774 1707 812 Societa-

78 857 167 888 tem
188 849 317 888 faciat
339 850 652 895 manifestaret,
677 847 804 887 nobis
826 852 991 886 certam
1014 846 1221 897 aliquam
1244 859 1363 897 spem
1384 844 1583 896 erigendi
1603 844 1707 882 noui

81 920 256 972 collegii
275 921 295 946 b
317 921 507 971 reliquit.

131 1001 169 1038 3.
230 992 440 1030 Dominus
462 1003 637 1042 quoque
660 990 903 1041 Groperius
926 996 938 1013 ²
961 994 1004 1027 et
1026 989 1096 1027 alii
1118 988 1321 1039 permulti
1349 999 1534 1038 magnae
1556 986 1707 1025 autho-

79 1063 216 1101 ritatis
239 1062 319 1101 viri
340 1065 406 1113 (vt
427 1063 601 1101 interim
623 1062 677 1100 de
699 1061 1067 1100 numerosissimis
1089 1059 1360 1098 diuersarum
1383 1059 1608 1097 nationum
1641 1070 1707 1096 ca-

79 1134 214 1171 teruis
231 1134 334 1172 nihil
366 1134 571 1182 scribam)
593 1132 830 1171 Societatis
852 1138 1030 1169 nostrae
1052 1131 1165 1169 fama
1188 1136 1230 1169 et
1253 1129 1475 1169 desiderio
1498 1129 1701 1180 permoti,
1726 1182 1738 1185 ,ι

79 1208 330 1242 nostrorum
362 1217 496 1255 opera
525 1205 567 1242 in
590 1202 943 1242 confessionibus
974 1207 1073 1240 sunt
1105 1201 1184 1240 vsi.
1218 1201 1340 1239 Multi
1363 1200 1493 1239 etiam
1523 1212 1707 1251 magnae

80 1275 356 1314 authoritatis
380 1281 423 1313 et
440 1275 682 1313 sanctitatis
700 1274 781 1313 viri
798 1279 886 1312 tam
909 1275 1132 1313 seculares
1150 1285 1278 1322 quam
1299 1270 1496 1323 religiosi
1510 1284 1589 1321 pro
1609 1283 1710 1309 con-

79 1345 173 1384 silio
202 1358 346 1384 rerum
377 1344 643 1397 agendarum
671 1357 839 1396 proque
872 1351 992 1384 certa
1019 1345 1162 1396 aliqua
1190 1344 1309 1382 vitae
1337 1342 1626 1381 instructione
1657 1342 1710 1380 ad

79 1430 158 1455 nos
185 1417 439 1468 frequenter
470 1418 708 1465 confluunt,
738 1430 922 1468 quorum
952 1416 1032 1467 piis
1060 1415 1290 1454 desideriis
1321 1420 1441 1453 tanta
1470 1413 1634 1464 pietate
1667 1421 1712 1452 et

80 1489 321 1527 animorum
344 1488 648 1528 consolatione
670 1488 819 1527 annuit
840 1489 976 1534 Deus,
1001 1493 1046 1525 vt
1068 1488 1339 1538 inposterum
1361 1499 1409 1524 se
1432 1494 1448 1511 ⁰
1469 1486 1643 1536 quietos
1661 1498 1711 1523 ac

81 1560 254 1598 adiutos
276 1560 516 1600 inueniant
540 1573 593 1599 ac
615 1561 921 1599 confiteantur.

135 1643 174 1680 4.
233 1632 425 1670 Fuerunt
455 1637 602 1670 tamen
623 1631 819 1670 nonnulli
846 1636 1077 1682 apostatae
1102 1636 1145 1668 et
1167 1630 1238 1668 alii
1267 1629 1428 1680 publici
1451 1636 1494 1668 et
1525 1630 1708 1668 infames

78 1707 340 1752 peccatores
361 1703 432 1753 qui
454 1702 622 1753 spiritui
643 1702 811 1753 gratiae
833 1702 924 1753 (qui
943 1715 1021 1752 per
1048 1707 1225 1740 nostros
1246 1701 1527 1751 loquebatur)
1558 1705 1709 1739 contu-

80 1775 253 1812 meliam
288 1774 529 1813 inferentes
561 1780 603 1812 et
638 1775 680 1812 in
711 1787 788 1813 sua
824 1772 1121 1812 obstinatione
1151 1773 1456 1824 persistentes,
1493 1784 1709 1823 nunquam

81 1845 210 1884 animi
236 1845 430 1896 quietem
451 1846 650 1884 inuenire
679 1850 918 1896 potuerunt
939 1856 1169 1895 quousque
1196 1843 1373 1882 tandem
1397 1844 1511 1882 sanis
1539 1843 1711 1893 acquie-

80 1923 256 1958 scentes
288 1917 478 1956 consiliis
500 1930 547 1956 se
578 1917 723 1956 denuo
756 1930 873 1956 nouo
892 1917 1118 1968 religionis
1149 1922 1255 1955 voto
1284 1916 1356 1954 vel
1378 1915 1571 1953 melioris
1593 1914 1709 1952 vitae

82 1989 425 2027 commutatione
447 1994 617 2040 gratum
640 1989 736 2028 Deo
761 1989 1020 2039 obsequium
1044 1988 1322 2026 exibuerunt.
1347 1986 1610 2025 Huiusmodi
1640 1999 1710 2024 au-

80 2065 170 2099 tem
198 2066 494 2111 apostatarum
524 2073 731 2099 numerus
758 2061 831 2112 qui
860 2065 1111 2099 nostrorum
1141 2071 1276 2110 opera
1305 2058 1359 2096 ad
1388 2058 1607 2109 propriam
1638 2058 1709 2095 vel

80 2132 134 2170 ad
155 2132 383 2171 meliorem
404 2133 665 2184 religionem
687 2138 786 2171 sunt
807 2132 990 2179 reuersi,
1015 2130 1228 2170 maximus
1249 2130 1344 2177 fuit,
1378 2130 1431 2167 ab
1454 2142 1508 2167 eo
1539 2141 1710 2180 preser-

81 2204 156 2242 tim
178 2210 379 2255 tempore
402 2217 487 2254 quo
512 2203 819 2242 sanctissimini
848 2202 1067 2254 pontificis
1098 2201 1237 2240 nostri
1268 2200 1451 2239 decreto
1483 2204 1710 2251 apostatae

83 2287 234 2312 omnes
261 2274 316 2313 ad
350 2275 579 2313 meliorem
610 2280 803 2313 mentem
839 2273 983 2312 redire
1015 2273 1094 2311 sub
1128 2272 1284 2323 poenis
1317 2277 1360 2309 et
1389 2271 1582 2310 censuris
1613 2277 1712 2309 sunt

82 2346 224 2384 coacti
252 2345 280 2384 ³.
300 2346 454 2386 Solent
476 2346 589 2384 enim
607 2345 856 2385 huiusmodi
874 2351 917 2384 et
934 2346 1004 2384 alii
1022 2344 1244 2396 desperati
1260 2343 1342 2381 viri
1359 2343 1412 2380 ad
1429 2344 1541 2381 hanc
1556 2343 1711 2381 almam

84 2417 315 2456 ecclesiam
346 2424 549 2468 tanquam
580 2417 634 2456 ad
655 2419 838 2467 asyllum
858 2422 901 2455 et
922 2417 977 2455 ad
994 2418 1285 2456 certissimum
1304 2430 1476 2456 suarum
1495 2415 1712 2454 calamita-

80 2496 169 2527 tum
194 2489 411 2540 refugium
429 2489 618 2540 vndique
643 2502 908 2528 commeare.
930 2489 1073 2537 Quem
1101 2490 1214 2527 enim
1231 2502 1318 2528 non
1342 2489 1485 2527 trahat
1503 2485 1711 2525 effusissi-

84 2573 151 2599 ma
172 2560 244 2599 illa
264 2561 443 2612 reginae
473 2561 694 2599 caelorum
716 2560 856 2611 pietas
889 2573 941 2598 ac
975 2559 1276 2599 misericordia
1297 2573 1409 2610 quae
1443 2559 1544 2597 sola
1578 2557 1709 2596 vniccz

132 2759 150 2776 a
218 2763 297 2788 non
315 2751 596 2798 impetrarent.
651 2753 716 2776 —b
786 2751 825 2787 in
844 2763 917 2787 sua
935 2750 1101 2787 ditione.
1155 2758 1219 2775 ——0
1286 2749 1421 2796 plane.

133 2958 141 2976 ¹
196 2955 239 2992 P.
258 2953 465 2992 Oliverius
483 2953 719 2991 Manareus.

132 3016 145 3035 ²
194 3014 302 3051 Vide
321 3027 422 3060 sup„
440 3027 533 3061 pag.
557 3014 613 3052 18.

131 3075 144 3094 ⁸
196 3074 316 3111 Bulla
338 3074 451 3110 Pauli
471 3074 532 3110 IV
554 3074 795 3120 Postquam
815 3073 970 3111 dt'vz‘na
992 3074 1164 3110 bonitas
1182 3072 1243 3117 (20
1268 3072 1350 3119 Jul.
1382 3072 1497 3115 1558).
1528 3071 1607 3116 Cf„
1640 3071 1716 3107 Po-

86 3133 206 3170 lcmci
225 3134 470 3179 Complem„
491 3132 521 3174 Ι,
548 3133 627 3169 181.
