2038 3400
361 264 432 304 562
828 265 1048 304 LITTERAE
1075 264 1435 312 QUADmMESTREs

316 371 380 408 sio
403 370 520 409 Patri
542 370 763 421 Baptistae
785 371 961 410 nomine
987 372 1121 410 totius
1145 370 1396 417 Societatis,
1421 381 1473 408 ac
1494 368 1654 408 deinde
1678 369 1806 408 Pater
1828 368 1945 407 idem

319 443 477 480 obtulit
510 442 733 481 fundatori
764 443 827 491 (ut
863 443 1100 481 Societatis
1122 455 1217 480 mos
1242 442 1326 491 est)
1349 454 1523 480 ceream
1546 439 1785 480 candelam.
1811 440 1951 489 9113111

317 514 390 552 1110
411 515 537 552 flexis
558 514 746 565 genibus
769 527 936 552 summa
958 527 1054 552 cum
1078 513 1331 551 reuerentia
1353 512 1560 563 suscepit.
1594 512 1746 550 Finitis
1778 511 1953 550 tandem

318 585 488 623 actibus
504 586 703 636 publicis,
719 586 805 637 qui,
825 592 871 624 ut
888 585 1087 637 praedita
1103 584 1193 633 [sic]
1214 588 1307 622 rata
1325 590 1488 630 essent,
1508 584 1855 634 requirebantur,
1869 583 1954 621 itur

318 656 372 694 ad
393 656 633 708 prandium.
661 657 790 707 Quod
813 658 1046 708 religiosus
1068 657 1152 694 iste
1174 656 1306 694 1101110
1329 655 1537 706 religiose
1561 654 1797 693 admodum
1817 655 1954 693 homi-

317 729 445 767 nibus
465 736 698 780 parauerat
720 730 952 781 religiosis.
987 729 1091 767 Tale
1124 740 1311 778 namque
1342 727 1437 774 fuit,
1471 733 1517 765 ut
1553 728 1594 765 in
1631 740 1684 765 eo
1720 727 1953 778 pauperies

318 802 506 839 maxime
542 802 777 847 reluceret,
815 814 897 838 1100
933 806 1080 838 13111011
1116 800 1259 837 10011111
1296 799 1485 850 aliquem
1524 798 1689 836 habere
1727 797 1953 835 videretur

321 878 513 924 egestas.
539 873 645 911 Post
663 872 917 923 prandium
939 883 1187 911 conuenere
1209 883 1361 910 omnes
1379 868 1622 909 Societatis
1640 869 1802 908 Patres
1817 868 1955 907 simul

320 957 422 984 cum
436 944 695 996 fundatore
712 947 751 984 et
768 943 957 995 reliquis
973 943 1275 982 secularibus.
1299 941 1531 981 Orinnt'ztr
1547 940 1792 992 colloquia.
1815 940 1954 989 Quae,

320 1016 403 1055 etsi
436 1029 528 1055 non
563 1016 748 1055 omnino
780 1016 1014 1067 religiosa,
1057 1030 1110 1055 ne
1141 1017 1250 1055 esset
1282 1014 1562 1061 indecorum,
1600 1014 1649 1052 in
1683 1012 1956 1065 religiosam

320 1090 486 1135 tamen,
505 1087 659 1139 potius
681 1101 818 1138 quam
839 1088 888 1126 in
908 1089 1161 1127 secularem
1183 1086 1474 1127 declinabant
1505 1084 1812 1125 alacritatem.
1848 1086 1957 1123 Tan-

323 1160 422 1198 dem
443 1162 656 1211 vergente
679 1159 749 1200 die
771 1168 788 1186 a
809 1161 951 1211 quiuis
973 1161 1013 1197 in
1036 1159 1210 1210 propria
1232 1159 1433 1197 recessit.

373 1241 411 1278 3.
472 1232 702 1270 Dominica
729 1233 866 1282 prima
897 1232 1113 1282 sequenti,
1152 1230 1409 1282 compositis
1440 1235 1679 1281 utcumque
1715 1229 1847 1268 rebus
1883 1229 1957 1267 do-

322 1303 516 1342 mesticis
552 1304 606 1342 ad
646 1318 770 1342 usum
806 1303 924 1342 vitae
963 1303 1241 1352 necessarijS,
1281 1303 1580 1341 conuertimur
1619 1301 1673 1339 ad
1711 1301 1952 1352 proximos.

322 1375 633 1414 Conuocamus
666 1376 874 1427 populum
906 1376 1231 1414 circumeuntes
1267 1375 1404 1414 calles
1429 1373 1464 1420 b,
1497 1374 1643 1425 pueris
1675 1373 1958 1424 congregatis

323 1452 368 1486 et
400 1446 552 1486 ordine
587 1453 710 1486 recto
746 1448 1074 1498 praeeuntibus,
1112 1460 1198 1485 uno
1234 1447 1409 1485 interim
1443 1445 1616 1484 illorum
1652 1444 1957 1482 tintinabulum

321 1521 538 1572 pulsante.
564 1520 841 1558 Reuertimur
863 1521 904 1558 in
933 1520 1169 1571 collegium
1197 1524 1412 1566 nostrum,
1443 1519 1515 1556 ubi
1548 1519 1676 1556 Pater
1707 1527 1853 1555 rector
1884 1529 1959 1567 po-

321 1593 468 1644 pulum
491 1593 711 1639 salutauit,
737 1598 781 1631 et
802 1593 1047 1630 institutum
1069 1597 1268 1630 nostrum
1291 1604 1342 1630 ac
1362 1591 1578 1629 aduentus
1611 1602 1785 1628 causam
1818 1589 1959 1627 breui-

323 1670 391 1702 ter
414 1665 632 1715 exposuit.
657 1664 795 1712 Cujus
817 1663 976 1702 deinde
999 1664 1119 1701 iussu
1142 1665 1271 1701 Pater
1294 1663 1401 1701 alius
1432 1662 1561 1711 hujus
1584 1660 1759 1711 collegij
1785 1660 1959 1698 concio-

323 1749 423 1774 nem
458 1736 578 1783 fecit,
615 1748 700 1786 qua
722 1735 967 1773 summatim
991 1741 1035 1773 et
1057 1734 1319 1786 compendio
1343 1733 1532 1784 quodam
1556 1737 1693 1771 totam
1716 1731 1959 1770 doctrinam

324 1808 602 1846 christianam
632 1808 901 1858 perstrinxit,
939 1808 1117 1846 aliciens
1157 1807 1365 1858 populum
1404 1806 1458 1844 ad
1495 1805 1694 1844 eiusdem
1734 1804 1960 1843 doctrinae

325 1879 607 1929 desyderium
629 1880 821 1917 simulet
844 1879 1050 1918 studium.
1085 1879 1217 1929 911οἀ
1252 1879 1294 1917 111
1329 1877 1512 1929 regione
1548 1877 1630 1915 hac
1666 1882 1733 1914 est
1768 1875 1961 1927 apprime

323 1952 637 1990 necessarium.
672 1952 892 2002 Deinceps
936 1964 1044 1990 vero
1069 1951 1249 2001 singulis
1271 1950 1365 1988 fere
1388 1949 1558 1997 diebus,
1584 1949 1715 1987 etiam
1736 1947 1959 1999 profestiS,

325 2023 488 2061 adeunt
508 2023 647 2061 nostri
667 2024 868 2074 proxima
894 2025 992 2062 loca
1020 2023 1264 2061 doctrinam
1296 2021 1574 2061 christianam
1604 2033 1769 2071 pueros
1801 2019 1962 2058 docen-

325 2101 407 2142 tes,
433 2100 476 2134 et
497 2096 668 2134 festiuis
691 2096 846 2134 diebus
869 2096 1100 2147 euangelia
1123 2099 1400 2146 exponentes
1424 2095 1553 2133 etiam
1576 2092 1811 2131 maioribus
1841 2097 1958 2130 natu.

326 2169 372 2206 In
392 2168 478 2206 hoc
500 2169 661 2219 pariter
682 2169 1048 2220 quadragesimali
1073 2175 1273 2218 tempore
1295 2167 1483 2205 habetur
1514 2166 1556 2203 in
1585 2168 1738 2203 nostro
1771 2163 1961 2214 collegio

325 2240 379 2278 ad
400 2240 607 2291 populum
638 2241 793 2279 concio
824 2241 933 2279 feria
963 2247 1117 2291 quarta
1154 2246 1197 2278 et
1233 2243 1373 2278 sexta.
1412 2239 1466 2276 Et
1502 2237 1697 2275 mirabile
1733 2241 1800 2274 est
1835 2248 1962 2286 quam

325 2317 495 2350 attente
530 2324 746 2362 pauperes
782 2313 1017 2363 agricolae,
1057 2311 1314 2363 postpositis
1345 2309 1552 2361 operibus
1585 2322 1639 2346 ex
1661 2308 1817 2359 quibus
1840 2307 1962 2345 victi-

326 2389 433 2431 tant,
458 2384 642 2422 verbum
666 2384 747 2422 Dei
769 2384 960 2424 audiant.
986 2384 1051 2422 Fit
1075 2384 1207 2422 etiam
1230 2396 1400 2421 sacrum
1422 2382 1464 2420 in
1485 2386 1637 2419 nostro
1665 2379 1854 2430 collegio
1881 2379 1962 2417 sin-

326 2456 438 2508 gulis
461 2456 616 2494 diebus
639 2469 807 2494 summo
831 2469 971 2494 mane.
999 2456 1129 2505 Quod
1161 2454 1346 2493 subinde
1377 2453 1499 2492 audit
1531 2452 1670 2491 omnis
1704 2452 1797 2490 fere
1828 2462 1962 2501 popu-

325 2529 405 2567 lus.
432 2529 537 2566 Post
558 2527 676 2578 quod
698 2529 993 2578 unusquisque
1017 2528 1231 2578 reliquum
1254 2527 1466 2577 temporis
1488 2526 1530 2563 in
1562 2525 1643 2562 Dei
1679 2524 1896 2562 honorem
1920 2524 1963 2558 et

326 2613 484 2652 magno
509 2612 605 2638 cum
627 2598 788 2650 gaudio
811 2600 1074 2649 necessarijs
1096 2600 1216 2638 vitae
1239 2598 1431 2650 negotiis
1453 2595 1681 2648 impendit.

377 2683 417 2720 4.
479 2672 640 2710 Curant
662 2671 799 2709 nostri
822 2672 1024 2722 exemplo
1048 2684 1126 2709 suo
1149 2671 1390 2721 parrochos
1412 2669 1623 2708 inducere
1647 2672 1693 2705 ut
1716 2665 1853 2704 uerbo
1879 2664 1961 2703 Dei

326 2746 500 2790 vacent,
525 2740 768 2780 doctrinam
786 2743 1063 2781 christianam
1081 2741 1278 2793 quotidie
1295 2742 1531 2788 inculcent,
1554 2745 1598 2777 et
1614 2738 1783 2777 festiuis
1806 2737 1961 2775 saltem

327 2815 497 2863 diebus,
536 2814 753 2865 euangelij
786 2827 962 2853 sensum
992 2815 1154 2865 populo
1186 2818 1446 2865 proponant.
1470 2810 1605 2862 911οᾶ
1635 2815 1681 2848 ut
1712 2815 1861 2861 agant,
1896 2820 1964 2846 ro-

327 2893 432 2939 gant
454 2895 470 2913 0
491 2888 644 2935 nostri,
674 2886 927 2934 admonent,
967 2887 1217 2934 obsecrant,
1252 2891 1296 2924 et
1322 2890 1553 2936 torpentes
1587 2882 1791 2922 modeste
1823 2881 1962 2919 incre-

376 3082 396 3100 a
439 3074 513 3111 sub
531 3084 716 3121 vespera.
749 3073 812 3098 —b
836 3072 955 3109 vicos.
1008 3080 1072 3098 -c
1101 3072 1193 3119 Seq.
1216 3075 1365 3118 rogant
1384 3069 1510 3108 delet.
