2038 3400
492 269 777 308 &OQ-Gemma
811 270 854 306 15
878 268 1140 306 SEPTEMBRlS
1171 268 1258 304 1559
1566 268 1636 302 315

821 457 935 508 300

616 599 930 645 MICHAEL
964 599 1126 644 SPEs'

547 742 688 767 GENUA
720 731 762 767 15>
784 741 1035 767 SEPOEMBRIS
1065 730 1154 766 1559
1186 732 1207 764 ¹.

68 850 156 888 1-4.
182 850 441 901 Religiosae
458 849 754 900 perfectionis
783 848 985 887 studitam
1018 848 1135 887 inter
1164 847 1311 886 socios
1341 849 1443 898 piae
1471 848 1688 887 sodalita-

143 914 360 954 tis.-—5·6.
384 916 580 954 Frzicfzis
606 917 1004 954 sacramentorzmz
1026 915 1149 964 capud
1170 913 1309 952 viros.
1327 914 1414 952 ἢ7.
1441 915 1548 953 Hem
1571 916 1690 963 apud

144 974 353 1029 feminas.
372 979 463 1018 —8.
490 979 839 1030 Disciptclornm
863 979 909 1018 in
930 979 1097 1018 litteris
1128 982 1167 1017 et
1199 979 1326 1017 bonis
1356 979 1560 1018 moribus
1586 984 1690 1028 pro-

139 1059 341 1097 gressus.
357 1045 442 1084 —9.
470 1045 687 1096 Corporis
712 1044 886 1084 Christi
922 1044 1147 1083 transitus
1163 1047 1245 1094 sper
1267 1044 1510 1096 collegium
1535 1044 1690 1083 multis

144 1112 426 1151 carminibus
462 1111 932 1151 cohonestatus—10„
970 1110 1078 1150 Alia
1119 1110 1334 1150 caritatis
1370 1110 1540 1163 officia
1574 1122 1688 1161 erga

142 1177 392 1228 proximos.

122 1314 154 1341 1.
206 1306 233 1352 †
251 1303 340 1354 Jhs.
365 1302 650 1351 Aldlmodum
673 1302 768 1341 R‚d‘³
798 1302 839 1340 in
857 1304 967 1353 Xpo.
991 1303 1134 1340 Pater.
1156 1303 1245 1340 Pax
1269 1301 1363 1352 Xpi.
1386 1303 1493 1340 Cum
1511 1301 1615 1338 alias
1637 1300 1690 1338 de

69 1374 291 1412 literarum
313 1372 469 1424 studijs
492 1375 696 1423 omnique
718 1375 888 1412 ratione
911 1374 1158 1412 scholarum
1181 1380 1427 1411 nostrarum
1451 1372 1612 1411 certior
1636 1374 1692 1410 sis

66 1445 221 1492 factus,
258 1443 361 1483 nihil
397 1445 479 1482 iam
502 1445 647 1482 denuo
671 1444 725 1482 de
758 1445 823 1482 his
859 1443 1053 1483 scribere
1090 1445 1262 1491 attinet3
1298 1444 1557 1495 praesertim
1594 1457 1688 1482 cum

65 1516 179 1554 nulla
214 1516 328 1554 faeta
359 1517 413 1554 sit
442 1516 702 1562 immutati03
737 1515 895 1553 eodem
928 1516 1041 1554 enim
1064 1528 1149 1565 quo
1183 1522 1441 1566 coeperunt,
1475 1515 1689 1554 curriculo

64 1587 318 1626 felicissime
340 1589 359 1606 ’ἀ
379 1586 639 1638 procedunt.
665 1588 774 1625 Nam
799 1592 843 1625 et
865 1586 1256 1637 compositionibus
1289 1593 1332 1624 et
1364 1587 1528 1625 crebris
1550 1585 1692 1637 dispu-

64 1659 302 1697 tationibus
324 1658 657 1709 diligentissime
680 1671 726 1696 se
751 1664 978 1706 exercent,
1003 1659 1074 1709 qui
1097 1671 1143 1696 se
1166 1659 1292 1696 nobis
1316 1658 1582 1696 erudiendos
1605 1663 1687 1695 tra-

67 1729 285 1777 diderunt,
311 1736 354 1767 et
382 1731 584 1768 rhetores
605 1730 856 1780 praecipue,
880 1730 952 1781 qui
981 1736 1157 1780 praeter
1189 1742 1443 1768 communes
1476 1729 1713 1779 composi--

66 1803 225 1848 tiones,
263 1801 443 1852 singulis
477 1801 631 1838 diebus
667 1799 860 1839 sabbatis
889 1801 1080 1851 singulas
1110 1801 1272 1838 habent
1305 1800 1542 1838 orationes.
1577 1800 1690 1838 Con-

65 1872 215 1911 ciones
237 1885 427 1924 quoque,
452 1885 563 1923 quae
586 1872 815 1911 dominicis
837 1872 1019 1923 alijsque
1037 1873 1161 1911 festis
1183 1872 1336 1910 diebus
1358 1872 1509 1910 haberi
1531 1873 1689 1918 solent,

66 1943 403 1982 continuantur
437 1956 524 1981 non
564 1944 703 1981 solum
739 1944 781 1981 in
816 1948 967 1981 nostro
1010 1944 1188 1990 sacello,
1232 1943 1310 1981 sed
1350 1943 1389 1981 in
1430 1943 1524 1992 alijs
1561 1942 1691 1980 etiam

67 2015 270 2064 ecclesijs
293 2028 390 2053 cum
414 2027 571 2065 magno
594 2013 769 2065 pietatis
791 2014 934 2053 fructu
955 2015 990 2061 t³3
1014 2013 1092 2052 sed
1115 2015 1302 2052 maxime
1324 2015 1365 2052 in
1396 2027 1447 2052 ea
1468 2013 1690 2052 hominum

68 2087 283 2124 societate
306 2098 418 2136 quae
448 2091 644 2123 nostrum
676 2086 883 2124 sacellum
915 2086 1179 2137 frequentat,
1204 2098 1255 2124 ac
1285 2085 1399 2136 apud
1433 2099 1513 2123 nos
1536 2084 1690 2122 diebus

65 2155 187 2195 festis
211 2158 305 2195 tota
327 2156 396 2196 die
419 2155 520 2208 agit
543 2163 574 2202 0;
597 2169 693 2194 nam
716 2157 759 2194 in
777 2169 829 2194 ea
849 2162 1025 2207 praeter
1047 2157 1347 2195 assiduitatem
1371 2156 1690 2194 communionis

69 2226 390 2273 eucharistiae,
425 2240 538 2277 qnae
569 2226 861 2266 concionibus
886 2227 1175 2278 potissimum
1211 2241 1238 2266 a
1262 2228 1399 2266 Patre
1420 2230 1577 2266 nostro
1602 2240 1690 2266 rec-

69 2300 165 2338 tore
186 2304 198 2322 ‘²
221 2297 390 2337 habitis
407 2300 624 2348 paratur,
650 2304 749 2336 sunt
783 2298 954 2349 plurimi
975 2299 1045 2349 qui
1069 2299 1161 2337 sola
1191 2298 1353 2336 Christi
1374 2298 1497 2336 uerbi
1519 2298 1561 2335 ui
1588 2299 1688 2340 acti.

67 2374 111 2408 et
134 2375 284 2408 uestes
308 2375 351 2407 et
374 2375 478 2408 uota
494 2369 734 2420 relligionis
755 2382 923 2407 summo
942 2368 1162 2408 desiderio
1186 2370 1226 2407 in
1244 2370 1373 2408 horas
1396 2370 1688 2420 expostulant,

69 2455 93 2479 a
114 2441 269 2491 quibus
304 2440 432 2491 paulo
462 2444 563 2477 ante
594 2440 723 2478 alieni
752 2453 930 2491 prorsus
962 2447 1099 2488 erant,
1132 2453 1183 2478 ac
1212 2453 1348 2492 prope
1380 2440 1687 2478 abhorrebant.

67 2512 200 2564 Atqui
234 2518 279 2550 ut
317 2523 409 2550 rem
443 2524 618 2550 omnem
653 2513 887 2551 ostendam
909 2513 943 2559 d,
966 2526 1096 2551 unum
1131 2518 1205 2551 aut
1240 2513 1425 2551 alterum
1457 2525 1511 2550 ex
1547 2512 1692 2550 multis

111 2688 131 2709 a
182 2689 366 2727 feliciter.
420 2691 485 2716 —b
506 2690 719 2727 habentur.
773 2696 836 2715 -c
857 2688 1113 2726 familiariter
1132 2693 1332 2728 versatur.
1398 2690 1465 2715 —d
1487 2701 1536 2726 ex
1554 2688 1691 2735 paucis

67 2749 147 2786 alia
166 2749 431 2794 colligantur.

118 2908 125 2927 ¹
178 2905 239 2943 Ex
254 2910 413 2951 autogr.
435 2906 473 2942 in
493 2905 581 2942 cod.
608 2904 720 2942 Med.
754 2905 819 2950 75,
848 2903 889 2942 ff.
922 2904 977 2949 13,
1008 2904 1061 2949 14;
1091 2904 1201 2951 prius
1226 2903 1310 2947 398,
1337 2903 1420 2942 399.
1448 2903 1489 2940 A
1517 2903 1693 2941 Polanco

70 2965 206 3003 multis
224 2964 263 3001 in
283 2964 380 3002 locis
399 2964 627 3008 emendata,
648 2969 691 3001 ut
710 2965 749 3001 in
769 2969 904 3001 annot.
925 2969 1110 3011 apparet.

116 3025 129 3046 ²
178 3023 223 3061 P.
244 3022 405 3071 Gaspar
423 3022 586 3061 Loarte.
609 3023 715 3060 Vide
734 3036 839 3070 quae
858 3024 907 3060 de
941 3024 1015 3060 hae
1050 3023 1264 3060 sodalitate
1299 3023 1486 3060 dicuntur
1527 3023 1566 3059 in
1589 3021 1692 3061 Lz‘tt.

72 3082 318 3133 QuadrIm.‚
334 3082 389 3128 V,
411 3082 489 3126 127,
510 3082 690 3129 290-291,
706 3083 788 3129 499,
807 3082 889 3120 628.
