<?xml version="1.0" encoding="UTF-8"?>
<!DOCTYPE html PUBLIC "-//W3C//DTD XHTML 1.0 Transitional//EN"
    "http://www.w3.org/TR/xhtml1/DTD/xhtml1-transitional.dtd">
<html xmlns="http://www.w3.org/1999/xhtml" xml:lang="en" lang="en">
 <head>
  <title>
</title>
<meta http-equiv="Content-Type" content="text/html;charset=utf-8" />
  <meta name='ocr-system' content='tesseract 3.04.00' />
  <meta name='ocr-capabilities' content='ocr_page ocr_carea ocr_par ocr_line ocrx_word'/>
</head>
<body>
  <div class='ocr_page' id='page_1' title='image "./litteraequadrime18lain_0577.png"; bbox 0 0 2038 3400; ppageno 0'>
   <div class='ocr_carea' id='block_1_1' title="bbox 529 240 1661 280">
    <p class='ocr_par' dir='ltr' id='par_1_1' title="bbox 529 240 1661 280">
     <span class='ocr_line' id='line_1_1' title="bbox 529 240 1661 280; baseline 0 -1"><span class='ocrx_word' id='word_1_1' title='bbox 529 241 893 280; x_wconf 75' lang='lat' dir='ltr'>354.—BELM0NTE</span> <span class='ocrx_word' id='word_1_2' title='bbox 918 241 964 278; x_wconf 82' lang='lat'>26</span> <span class='ocrx_word' id='word_1_3' title='bbox 990 240 1150 278; x_wconf 82' lang='lat' dir='ltr'><strong>MARTH</strong></span> <span class='ocrx_word' id='word_1_4' title='bbox 1179 242 1268 278; x_wconf 77' lang='lat'>1560</span> <span class='ocrx_word' id='word_1_5' title='bbox 1592 243 1661 279; x_wconf 73' lang='lat'>559</span> 
     </span>
    </p>
   </div>
   <div class='ocr_carea' id='block_1_2' title="bbox 92 343 1720 1178">
    <p class='ocr_par' dir='ltr' id='par_1_2' title="bbox 92 343 1718 1035">
     <span class='ocr_line' id='line_1_2' title="bbox 92 343 1710 393; baseline 0 -11"><span class='ocrx_word' id='word_1_6' title='bbox 92 344 312 382; x_wconf 85' lang='lat' dir='ltr'>Exercitia</span> <span class='ocrx_word' id='word_1_7' title='bbox 340 343 434 381; x_wconf 85' lang='lat' dir='ltr'>fere</span> <span class='ocrx_word' id='word_1_8' title='bbox 466 355 518 380; x_wconf 90' lang='lat' dir='ltr'>ea</span> <span class='ocrx_word' id='word_1_9' title='bbox 546 347 696 380; x_wconf 89' lang='lat' dir='ltr'>nostra</span> <span class='ocrx_word' id='word_1_10' title='bbox 726 349 839 390; x_wconf 79' lang='lat' dir='ltr'>sunt,</span> <span class='ocrx_word' id='word_1_11' title='bbox 871 355 1054 393; x_wconf 90' lang='lat' dir='ltr'>quorum</span> <span class='ocrx_word' id='word_1_12' title='bbox 1085 343 1282 393; x_wconf 89' lang='lat' dir='ltr'>superius</span> <span class='ocrx_word' id='word_1_13' title='bbox 1313 343 1580 381; x_wconf 73' lang='lat' dir='ltr'>mentionem</span> <span class='ocrx_word' id='word_1_14' title='bbox 1608 344 1710 393; x_wconf 77' lang='lat' dir='ltr'>fecj3</span> 
     </span>
     <span class='ocr_line' id='line_1_3' title="bbox 93 413 1711 465; baseline 0 -12"><span class='ocrx_word' id='word_1_15' title='bbox 93 415 146 453; x_wconf 88' lang='lat' dir='ltr'>ad</span> <span class='ocrx_word' id='word_1_16' title='bbox 168 415 377 453; x_wconf 88' lang='lat' dir='ltr'>maiorem</span> <span class='ocrx_word' id='word_1_17' title='bbox 398 426 505 452; x_wconf 88' lang='lat' dir='ltr'>uero</span> <span class='ocrx_word' id='word_1_18' title='bbox 528 415 569 452; x_wconf 91' lang='lat' dir='ltr'>in</span> <span class='ocrx_word' id='word_1_19' title='bbox 601 414 751 464; x_wconf 90' lang='lat' dir='ltr'>spiritu</span> <span class='ocrx_word' id='word_1_20' title='bbox 774 420 818 452; x_wconf 88' lang='lat' dir='ltr'>et</span> <span class='ocrx_word' id='word_1_21' title='bbox 851 413 1087 452; x_wconf 89' lang='lat' dir='ltr'>vocatione</span> <span class='ocrx_word' id='word_1_22' title='bbox 1118 418 1269 452; x_wconf 87' lang='lat' dir='ltr'>nostra</span> <span class='ocrx_word' id='word_1_23' title='bbox 1298 427 1578 464; x_wconf 84' lang='lat' dir='ltr'>progressum</span> <span class='ocrx_word' id='word_1_24' title='bbox 1614 420 1711 465; x_wconf 80' lang='lat' dir='ltr'>post</span> 
     </span>
     <span class='ocr_line' id='line_1_4' title="bbox 94 483 1712 536; baseline 0.001 -13"><span class='ocrx_word' id='word_1_25' title='bbox 94 486 230 524; x_wconf 89' lang='lat' dir='ltr'>lectas</span> <span class='ocrx_word' id='word_1_26' title='bbox 261 486 435 536; x_wconf 93' lang='lat' dir='ltr'>regulas</span> <span class='ocrx_word' id='word_1_27' title='bbox 466 497 736 533; x_wconf 82' lang='lat' dir='ltr'>communes,</span> <span class='ocrx_word' id='word_1_28' title='bbox 769 484 1119 524; x_wconf 87' lang='lat' dir='ltr'>Constitutiones</span> <span class='ocrx_word' id='word_1_29' title='bbox 1154 483 1237 523; x_wconf 90' lang='lat' dir='ltr'>iam</span> <span class='ocrx_word' id='word_1_30' title='bbox 1260 498 1427 523; x_wconf 89' lang='lat' dir='ltr'>summo</span> <span class='ocrx_word' id='word_1_31' title='bbox 1451 498 1547 524; x_wconf 88' lang='lat' dir='ltr'>cum</span> <span class='ocrx_word' id='word_1_32' title='bbox 1570 486 1712 524; x_wconf 85' lang='lat' dir='ltr'>fructu</span> 
     </span>
     <span class='ocr_line' id='line_1_5' title="bbox 94 554 1710 607; baseline 0.001 -13"><span class='ocrx_word' id='word_1_33' title='bbox 94 557 289 607; x_wconf 77' lang='lat' dir='ltr'>praelegi</span> <span class='ocrx_word' id='word_1_34' title='bbox 311 561 496 607; x_wconf 78' lang='lat' dir='ltr'>coeptae</span> <span class='ocrx_word' id='word_1_35' title='bbox 528 562 641 594; x_wconf 85' lang='lat' dir='ltr'>sunt.</span> <span class='ocrx_word' id='word_1_36' title='bbox 666 557 874 607; x_wconf 81' lang='lat' dir='ltr'>Linguam</span> <span class='ocrx_word' id='word_1_37' title='bbox 905 557 1213 607; x_wconf 79' lang='lat' dir='ltr'>germanicam,</span> <span class='ocrx_word' id='word_1_38' title='bbox 1237 556 1309 607; x_wconf 87' lang='lat' dir='ltr'>qui</span> <span class='ocrx_word' id='word_1_39' title='bbox 1332 554 1424 594; x_wconf 85' lang='lat' dir='ltr'>eius</span> <span class='ocrx_word' id='word_1_40' title='bbox 1447 556 1576 594; x_wconf 88' lang='lat' dir='ltr'>rudes</span> <span class='ocrx_word' id='word_1_41' title='bbox 1598 564 1710 604; x_wconf 82' lang='lat' dir='ltr'>sunt,</span> 
     </span>
     <span class='ocr_line' id='line_1_6' title="bbox 95 626 1714 675; baseline 0 -9"><span class='ocrx_word' id='word_1_42' title='bbox 95 628 323 666; x_wconf 82' lang='lat' dir='ltr'>addiscere</span> <span class='ocrx_word' id='word_1_43' title='bbox 364 626 555 665; x_wconf 82' lang='lat' dir='ltr'>student.</span> <span class='ocrx_word' id='word_1_44' title='bbox 595 629 641 665; x_wconf 89' lang='lat' dir='ltr'>In</span> <span class='ocrx_word' id='word_1_45' title='bbox 682 627 949 675; x_wconf 85' lang='lat' dir='ltr'>obedientia,</span> <span class='ocrx_word' id='word_1_46' title='bbox 986 627 1230 665; x_wconf 89' lang='lat' dir='ltr'>humilitate</span> <span class='ocrx_word' id='word_1_47' title='bbox 1267 633 1311 664; x_wconf 93' lang='lat' dir='ltr'>et</span> <span class='ocrx_word' id='word_1_48' title='bbox 1344 627 1469 665; x_wconf 86' lang='lat' dir='ltr'>firma</span> <span class='ocrx_word' id='word_1_49' title='bbox 1504 629 1714 666; x_wconf 84' lang='lat' dir='ltr'>charitate</span> 
     </span>
     <span class='ocr_line' id='line_1_7' title="bbox 97 698 1716 750; baseline 0 -13"><span class='ocrx_word' id='word_1_50' title='bbox 97 698 359 745; x_wconf 85' lang='lat' dir='ltr'>exercenda,</span> <span class='ocrx_word' id='word_1_51' title='bbox 384 698 523 748; x_wconf 83' lang='lat' dir='ltr'>sedulj</span> <span class='ocrx_word' id='word_1_52' title='bbox 547 704 645 736; x_wconf 84' lang='lat' dir='ltr'>sunt</span> <span class='ocrx_word' id='word_1_53' title='bbox 669 711 835 746; x_wconf 85' lang='lat' dir='ltr'>omnes;</span> <span class='ocrx_word' id='word_1_54' title='bbox 860 699 1044 750; x_wconf 85' lang='lat' dir='ltr'>operarij</span> <span class='ocrx_word' id='word_1_55' title='bbox 1070 698 1281 736; x_wconf 90' lang='lat' dir='ltr'>duntaxat</span> <span class='ocrx_word' id='word_1_56' title='bbox 1301 698 1447 749; x_wconf 85' lang='lat' dir='ltr'>plures</span> <span class='ocrx_word' id='word_1_57' title='bbox 1465 698 1716 737; x_wconf 83' lang='lat' dir='ltr'>desideran-</span> 
     </span>
     <span class='ocr_line' id='line_1_8' title="bbox 96 769 1715 821; baseline 0.001 -14"><span class='ocrx_word' id='word_1_58' title='bbox 96 776 179 816; x_wconf 88' lang='lat' dir='ltr'>tur,</span> <span class='ocrx_word' id='word_1_59' title='bbox 202 770 336 821; x_wconf 89' lang='lat' dir='ltr'>quiin</span> <span class='ocrx_word' id='word_1_60' title='bbox 372 769 619 820; x_wconf 89' lang='lat' dir='ltr'>colligenda</span> <span class='ocrx_word' id='word_1_61' title='bbox 649 784 792 808; x_wconf 88' lang='lat' dir='ltr'>messe</span> <span class='ocrx_word' id='word_1_62' title='bbox 824 777 911 808; x_wconf 88' lang='lat' dir='ltr'>tam</span> <span class='ocrx_word' id='word_1_63' title='bbox 942 771 1097 821; x_wconf 89' lang='lat' dir='ltr'>ampla,</span> <span class='ocrx_word' id='word_1_64' title='bbox 1131 781 1269 821; x_wconf 87' lang='lat' dir='ltr'>eaque</span> <span class='ocrx_word' id='word_1_65' title='bbox 1300 770 1342 808; x_wconf 91' lang='lat' dir='ltr'>in</span> <span class='ocrx_word' id='word_1_66' title='bbox 1373 770 1590 808; x_wconf 85' lang='lat' dir='ltr'>dominica</span> <span class='ocrx_word' id='word_1_67' title='bbox 1620 771 1715 808; x_wconf 91' lang='lat' dir='ltr'>hor-</span> 
     </span>
     <span class='ocr_line' id='line_1_9' title="bbox 97 839 1718 887; baseline 0.001 -9"><span class='ocrx_word' id='word_1_68' title='bbox 97 853 172 878; x_wconf 88' lang='lat' dir='ltr'>rea</span> <span class='ocrx_word' id='word_1_69' title='bbox 200 840 442 887; x_wconf 83' lang='lat' dir='ltr'>inferenda,</span> <span class='ocrx_word' id='word_1_70' title='bbox 480 840 774 879; x_wconf 84' lang='lat' dir='ltr'>auxiliatrices</span> <span class='ocrx_word' id='word_1_71' title='bbox 814 854 965 879; x_wconf 89' lang='lat' dir='ltr'>manus</span> <span class='ocrx_word' id='word_1_72' title='bbox 1003 841 1160 879; x_wconf 87' lang='lat' dir='ltr'>ferant.</span> <span class='ocrx_word' id='word_1_73' title='bbox 1195 839 1467 881; x_wconf 79' lang='lat' dir='ltr'>Confidimus</span> <span class='ocrx_word' id='word_1_74' title='bbox 1502 848 1649 879; x_wconf 84' lang='lat' dir='ltr'>autem</span> <span class='ocrx_word' id='word_1_75' title='bbox 1678 843 1718 879; x_wconf 90' lang='lat' dir='ltr'>in</span> 
     </span>
     <span class='ocr_line' id='line_1_10' title="bbox 99 913 1717 964; baseline 0.001 -14"><span class='ocrx_word' id='word_1_76' title='bbox 99 914 209 951; x_wconf 90' lang='lat' dir='ltr'>Dno.</span> <span class='ocrx_word' id='word_1_77' title='bbox 252 913 433 950; x_wconf 90' lang='lat' dir='ltr'>aliorum</span> <span class='ocrx_word' id='word_1_78' title='bbox 474 913 761 962; x_wconf 89' lang='lat' dir='ltr'>collegiorum</span> <span class='ocrx_word' id='word_1_79' title='bbox 800 913 1106 951; x_wconf 87' lang='lat' dir='ltr'>abundantiam</span> <span class='ocrx_word' id='word_1_80' title='bbox 1144 917 1339 951; x_wconf 87' lang='lat' dir='ltr'>nostram</span> <span class='ocrx_word' id='word_1_81' title='bbox 1378 913 1490 952; x_wconf 88' lang='lat' dir='ltr'>hanc</span> <span class='ocrx_word' id='word_1_82' title='bbox 1528 913 1717 964; x_wconf 88' lang='lat' dir='ltr'>inopiam</span> 
     </span>
     <span class='ocr_line' id='line_1_11' title="bbox 100 984 669 1035; baseline 0 -13"><span class='ocrx_word' id='word_1_83' title='bbox 100 984 356 1035; x_wconf 85' lang='lat' dir='ltr'>propediem</span> <span class='ocrx_word' id='word_1_84' title='bbox 381 985 669 1035; x_wconf 86' lang='lat' dir='ltr'>expleturam.</span> 
     </span>
    </p>

    <p class='ocr_par' dir='ltr' id='par_1_3' title="bbox 99 1055 1720 1178">
     <span class='ocr_line' id='line_1_12' title="bbox 178 1055 1720 1094; baseline 0 -1"><span class='ocrx_word' id='word_1_85' title='bbox 178 1056 271 1093; x_wconf 92' lang='lat' dir='ltr'>Tua</span> <span class='ocrx_word' id='word_1_86' title='bbox 292 1056 463 1093; x_wconf 88' lang='lat' dir='ltr'>interim</span> <span class='ocrx_word' id='word_1_87' title='bbox 486 1055 588 1093; x_wconf 70' lang='lat' dir='ltr'>R.tia</span> <span class='ocrx_word' id='word_1_88' title='bbox 610 1055 804 1094; x_wconf 83' lang='lat' dir='ltr'>infirmos</span> <span class='ocrx_word' id='word_1_89' title='bbox 825 1056 906 1094; x_wconf 86' lang='lat' dir='ltr'>hos</span> <span class='ocrx_word' id='word_1_90' title='bbox 928 1068 1104 1094; x_wconf 88' lang='lat' dir='ltr'>suorum</span> <span class='ocrx_word' id='word_1_91' title='bbox 1125 1055 1313 1094; x_wconf 88' lang='lat' dir='ltr'>filiorum</span> <span class='ocrx_word' id='word_1_92' title='bbox 1341 1060 1524 1093; x_wconf 89' lang='lat' dir='ltr'>conatus</span> <span class='ocrx_word' id='word_1_93' title='bbox 1558 1056 1720 1094; x_wconf 87' lang='lat' dir='ltr'>sacrifi-</span> 
     </span>
     <span class='ocr_line' id='line_1_13' title="bbox 99 1126 1720 1178; baseline 0 -13"><span class='ocrx_word' id='word_1_94' title='bbox 99 1127 177 1175; x_wconf 85' lang='lat' dir='ltr'>cijs</span> <span class='ocrx_word' id='word_1_95' title='bbox 201 1131 243 1164; x_wconf 90' lang='lat' dir='ltr'>et</span> <span class='ocrx_word' id='word_1_96' title='bbox 266 1126 535 1165; x_wconf 87' lang='lat' dir='ltr'>orationibus</span> <span class='ocrx_word' id='word_1_97' title='bbox 557 1127 840 1165; x_wconf 81' lang='lat' dir='ltr'>sanctissimis</span> <span class='ocrx_word' id='word_1_98' title='bbox 868 1139 1149 1178; x_wconf 81' lang='lat' dir='ltr'>promouere,</span> <span class='ocrx_word' id='word_1_99' title='bbox 1175 1132 1219 1165; x_wconf 91' lang='lat' dir='ltr'>et</span> <span class='ocrx_word' id='word_1_100' title='bbox 1239 1132 1421 1178; x_wconf 86' lang='lat' dir='ltr'>paterna</span> <span class='ocrx_word' id='word_1_101' title='bbox 1443 1140 1547 1165; x_wconf 88' lang='lat' dir='ltr'>cura</span> <span class='ocrx_word' id='word_1_102' title='bbox 1569 1139 1720 1165; x_wconf 89' lang='lat' dir='ltr'>eorum</span> 
     </span>
    </p>
   </div>
   <div class='ocr_carea' id='block_1_3' title="bbox 99 1198 1720 1250">
    <p class='ocr_par' dir='ltr' id='par_1_4' title="bbox 99 1198 1720 1250">
     <span class='ocr_line' id='line_1_14' title="bbox 99 1198 1720 1250; baseline -0.001 -13"><span class='ocrx_word' id='word_1_103' title='bbox 99 1198 437 1237; x_wconf 86' lang='lat' dir='ltr'>necessitatibus</span> <span class='ocrx_word' id='word_1_104' title='bbox 472 1210 702 1236; x_wconf 88' lang='lat' dir='ltr'>sucurrere</span> <span class='ocrx_word' id='word_1_105' title='bbox 739 1198 957 1250; x_wconf 88' lang='lat' dir='ltr'>dignetur.</span> <span class='ocrx_word' id='word_1_106' title='bbox 997 1199 1212 1248; x_wconf 90' lang='lat' dir='ltr'>Monachij</span> <span class='ocrx_word' id='word_1_107' title='bbox 1250 1209 1299 1237; x_wconf 88' lang='lat'>22</span> <span class='ocrx_word' id='word_1_108' title='bbox 1335 1198 1476 1247; x_wconf 89' lang='lat' dir='ltr'>Martij</span> <span class='ocrx_word' id='word_1_109' title='bbox 1509 1199 1581 1236; x_wconf 88' lang='lat' dir='ltr'>A.0</span> <span class='ocrx_word' id='word_1_110' title='bbox 1607 1199 1720 1246; x_wconf 86' lang='lat'>1560.</span> 
     </span>
    </p>
   </div>
   <div class='ocr_carea' id='block_1_4' title="bbox 101 1270 1617 1362">
    <p class='ocr_par' dir='ltr' id='par_1_5' title="bbox 101 1270 1617 1362">
     <span class='ocr_line' id='line_1_15' title="bbox 101 1270 641 1317; baseline 0 -9"><span class='ocrx_word' id='word_1_111' title='bbox 101 1272 148 1308; x_wconf 84' lang='lat' dir='ltr'>R.</span> <span class='ocrx_word' id='word_1_112' title='bbox 175 1271 224 1308; x_wconf 90' lang='lat' dir='ltr'>T.</span> <span class='ocrx_word' id='word_1_113' title='bbox 248 1270 360 1308; x_wconf 88' lang='lat' dir='ltr'>filius</span> <span class='ocrx_word' id='word_1_114' title='bbox 382 1270 424 1308; x_wconf 89' lang='lat' dir='ltr'>in</span> <span class='ocrx_word' id='word_1_115' title='bbox 447 1270 641 1317; x_wconf 87' lang='lat' dir='ltr'>Christo,</span> 
     </span>
     <span class='ocr_line' id='line_1_16' title="bbox 1030 1324 1617 1362; baseline 0 0"><span class='ocrx_word' id='word_1_116' title='bbox 1030 1324 1333 1362; x_wconf 79' lang='lat' dir='ltr'><strong>THEODORICUS</strong></span> <span class='ocrx_word' id='word_1_117' title='bbox 1364 1324 1562 1362; x_wconf 78' lang='lat' dir='ltr'>CANrans</span> <span class='ocrx_word' id='word_1_118' title='bbox 1594 1325 1617 1361; x_wconf 88' lang='lat'>¹.</span> 
     </span>
    </p>
   </div>
   <div class='ocr_carea' id='block_1_5' title="bbox 183 1431 1283 1483">
    <p class='ocr_par' dir='ltr' id='par_1_6' title="bbox 183 1431 1283 1483">
     <span class='ocr_line' id='line_1_17' title="bbox 183 1431 1283 1483; baseline 0.002 -15"><span class='ocrx_word' id='word_1_119' title='bbox 183 1431 537 1480; x_wconf 77' lang='lat' dir='ltr'>Quadrimestres</span> <span class='ocrx_word' id='word_1_120' title='bbox 560 1432 734 1482; x_wconf 91' lang='lat' dir='ltr'>collegij</span> <span class='ocrx_word' id='word_1_121' title='bbox 759 1432 1081 1470; x_wconf 90' lang='lat' dir='ltr'>monachiensis</span> <span class='ocrx_word' id='word_1_122' title='bbox 1102 1432 1283 1483; x_wconf 89' lang='lat' dir='ltr'>primae.</span> 
     </span>
    </p>
   </div>
   <div class='ocr_carea' id='block_1_6' title="bbox 104 1502 1727 1625">
    <p class='ocr_par' dir='ltr' id='par_1_7' title="bbox 104 1502 1727 1625">
     <span class='ocr_line' id='line_1_18' title="bbox 181 1502 1727 1551; baseline 0.001 -11"><span class='ocrx_word' id='word_1_123' title='bbox 181 1502 366 1542; x_wconf 78' lang='lat' dir='ltr'>Polanci</span> <span class='ocrx_word' id='word_1_124' title='bbox 386 1515 541 1541; x_wconf 81' lang='lat' dir='ltr'>manu.</span> <span class='ocrx_word' id='word_1_125' title='bbox 566 1504 822 1543; x_wconf 89' lang='lat' dir='ltr'>Emendata.</span> <span class='ocrx_word' id='word_1_126' title='bbox 846 1504 954 1542; x_wconf 76' lang='lat' dir='ltr'>Alia</span> <span class='ocrx_word' id='word_1_127' title='bbox 975 1517 1131 1543; x_wconf 80' lang='lat' dir='ltr'>mauu.</span> <span class='ocrx_word' id='word_1_128' title='bbox 1167 1505 1263 1542; x_wconf 77' lang='lat' dir='ltr'>M.ta</span> <span class='ocrx_word' id='word_1_129' title='bbox 1292 1517 1317 1542; x_wconf 92' lang='lat' dir='ltr'>a</span> <span class='ocrx_word' id='word_1_130' title='bbox 1338 1505 1540 1551; x_wconf 87' lang='lat' dir='ltr'>Genoua,</span> <span class='ocrx_word' id='word_1_131' title='bbox 1578 1515 1613 1551; x_wconf 79' lang='lat'>13</span> <span class='ocrx_word' id='word_1_132' title='bbox 1645 1504 1727 1542; x_wconf 93' lang='lat' dir='ltr'>Na-</span> 
     </span>
     <span class='ocr_line' id='line_1_19' title="bbox 104 1574 834 1625; baseline 0.003 -14"><span class='ocrx_word' id='word_1_133' title='bbox 104 1574 209 1624; x_wconf 86' lang='lat' dir='ltr'>poli‚</span> <span class='ocrx_word' id='word_1_134' title='bbox 237 1585 272 1621; x_wconf 83' lang='lat'>13</span> <span class='ocrx_word' id='word_1_135' title='bbox 296 1575 483 1625; x_wconf 87' lang='lat' dir='ltr'>Spagna,</span> <span class='ocrx_word' id='word_1_136' title='bbox 513 1587 553 1624; x_wconf 77' lang='lat'>43</span> <span class='ocrx_word' id='word_1_137' title='bbox 577 1576 772 1622; x_wconf 87' lang='lat' dir='ltr'>Francia,</span> <span class='ocrx_word' id='word_1_138' title='bbox 802 1587 834 1613; x_wconf 91' lang='lat' dir='ltr'>I.</span> 
     </span>
    </p>
   </div>
   <div class='ocr_carea' id='block_1_7' title="bbox 521 1808 1316 1980">
    <p class='ocr_par' dir='ltr' id='par_1_8' title="bbox 521 1808 1316 1980">
     <span class='ocr_line' id='line_1_20' title="bbox 862 1808 975 1859; baseline 0 0"><span class='ocrx_word' id='word_1_139' title='bbox 862 1808 975 1859; x_wconf 76' lang='lat'>354</span> 
     </span>
     <span class='ocr_line' id='line_1_21' title="bbox 521 1933 1316 1980; baseline 0.003 -2"><span class='ocrx_word' id='word_1_140' title='bbox 521 1933 572 1978; x_wconf 80' lang='lat' dir='ltr'>P.</span> <span class='ocrx_word' id='word_1_141' title='bbox 613 1933 878 1980; x_wconf 69' lang='lat' dir='ltr'>PETRUS</span> <span class='ocrx_word' id='word_1_142' title='bbox 917 1933 1316 1980; x_wconf 83' lang='lat' dir='ltr'>SEVILLANO</span> 
     </span>
    </p>
   </div>
   <div class='ocr_carea' id='block_1_8' title="bbox 596 2046 1231 2084">
    <p class='ocr_par' dir='ltr' id='par_1_9' title="bbox 596 2046 1231 2084">
     <span class='ocr_line' id='line_1_22' title="bbox 596 2046 1231 2084; baseline 0.003 -2"><span class='ocrx_word' id='word_1_143' title='bbox 596 2057 817 2083; x_wconf 74' lang='lat' dir='ltr'>BELMONTE</span> <span class='ocrx_word' id='word_1_144' title='bbox 843 2046 888 2083; x_wconf 84' lang='lat'>26</span> <span class='ocrx_word' id='word_1_145' title='bbox 915 2057 1061 2083; x_wconf 74' lang='lat' dir='ltr'>MARTu</span> <span class='ocrx_word' id='word_1_146' title='bbox 1089 2047 1180 2084; x_wconf 82' lang='lat'>1560</span> <span class='ocrx_word' id='word_1_147' title='bbox 1205 2047 1231 2084; x_wconf 79' lang='lat'>².</span> 
     </span>
    </p>
   </div>
   <div class='ocr_carea' id='block_1_9' title="bbox 111 2148 1731 2200">
    <p class='ocr_par' dir='ltr' id='par_1_10' title="bbox 111 2148 1731 2200">
     <span class='ocr_line' id='line_1_23' title="bbox 111 2148 1731 2200; baseline 0.001 -11"><span class='ocrx_word' id='word_1_148' title='bbox 111 2151 337 2200; x_wconf 71' lang='lat' dir='ltr'>Prospera</span> <span class='ocrx_word' id='word_1_149' title='bbox 365 2148 624 2188; x_wconf 73' lang='lat' dir='ltr'>valetudine</span> <span class='ocrx_word' id='word_1_150' title='bbox 659 2150 852 2187; x_wconf 75' lang='lat' dir='ltr'>utuntur</span> <span class='ocrx_word' id='word_1_151' title='bbox 882 2161 1047 2196; x_wconf 81' lang='lat' dir='ltr'>omues,</span> <span class='ocrx_word' id='word_1_152' title='bbox 1083 2162 1170 2188; x_wconf 83' lang='lat' dir='ltr'>uuo</span> <span class='ocrx_word' id='word_1_153' title='bbox 1201 2152 1378 2200; x_wconf 76' lang='lat' dir='ltr'>excepto</span> <span class='ocrx_word' id='word_1_154' title='bbox 1414 2151 1463 2190; x_wconf 85' lang='lat' dir='ltr'>F.</span> <span class='ocrx_word' id='word_1_155' title='bbox 1501 2150 1731 2190; x_wconf 82' lang='lat' dir='ltr'>Ramirez.</span> 
     </span>
    </p>
   </div>
   <div class='ocr_carea' id='block_1_10' title="bbox 192 2214 1737 2321">
    <p class='ocr_par' dir='ltr' id='par_1_11' title="bbox 192 2214 1737 2321">
     <span class='ocr_line' id='line_1_24' title="bbox 193 2214 1737 2267; baseline -0.001 -12"><span class='ocrx_word' id='word_1_156' title='bbox 193 2216 451 2255; x_wconf 76' lang='lat' dir='ltr'>Concursus</span> <span class='ocrx_word' id='word_1_157' title='bbox 473 2216 532 2253; x_wconf 80' lang='lat' dir='ltr'>ad</span> <span class='ocrx_word' id='word_1_158' title='bbox 553 2214 796 2261; x_wconf 72' lang='lat' dir='ltr'>contiones,</span> <span class='ocrx_word' id='word_1_159' title='bbox 822 2217 881 2253; x_wconf 81' lang='lat' dir='ltr'>ad</span> <span class='ocrx_word' id='word_1_160' title='bbox 900 2217 1207 2262; x_wconf 76' lang='lat' dir='ltr'>sacramenta,</span> <span class='ocrx_word' id='word_1_161' title='bbox 1242 2218 1301 2254; x_wconf 80' lang='lat' dir='ltr'>ad</span> <span class='ocrx_word' id='word_1_162' title='bbox 1328 2217 1525 2255; x_wconf 78' lang='lat' dir='ltr'>scholas.</span> <span class='ocrx_word' id='word_1_163' title='bbox 1567 2216 1737 2267; x_wconf 74' lang='lat' dir='ltr'>Templi</span> 
     </span>
     <span class='ocr_line' id='line_1_25' title="bbox 192 2281 454 2321; baseline -0.004 0"><span class='ocrx_word' id='word_1_164' title='bbox 192 2281 454 2321; x_wconf 75' lang='lat' dir='ltr'>exstructio.</span> 
     </span>
    </p>
   </div>
   <div class='ocr_carea' id='block_1_11' title="bbox 115 2399 1738 2665">
    <p class='ocr_par' dir='ltr' id='par_1_12' title="bbox 115 2399 1738 2665">
     <span class='ocr_line' id='line_1_26' title="bbox 193 2399 1733 2451; baseline -0.001 -13"><span class='ocrx_word' id='word_1_165' title='bbox 193 2403 221 2451; x_wconf 86' lang='lat'><strong>†</strong></span> <span class='ocrx_word' id='word_1_166' title='bbox 250 2400 335 2438; x_wconf 90' lang='lat' dir='ltr'>Ihs.</span> <span class='ocrx_word' id='word_1_167' title='bbox 360 2401 460 2450; x_wconf 88' lang='lat' dir='ltr'>Muy</span> <span class='ocrx_word' id='word_1_168' title='bbox 482 2399 579 2438; x_wconf 56' lang='grc' dir='ltr'>ΚΦ)</span> <span class='ocrx_word' id='word_1_169' title='bbox 610 2412 663 2437; x_wconf 90' lang='lat' dir='ltr'>en</span> <span class='ocrx_word' id='word_1_170' title='bbox 683 2400 795 2450; x_wconf 90' lang='lat' dir='ltr'>Xpo.</span> <span class='ocrx_word' id='word_1_171' title='bbox 821 2400 893 2437; x_wconf 73' lang='lat' dir='ltr'>Re</span> <span class='ocrx_word' id='word_1_172' title='bbox 924 2400 984 2437; x_wconf 92' lang='lat' dir='ltr'>La</span> <span class='ocrx_word' id='word_1_173' title='bbox 1004 2399 1150 2450; x_wconf 88' lang='lat' dir='ltr'>gracia</span> <span class='ocrx_word' id='word_1_174' title='bbox 1172 2413 1199 2450; x_wconf 91' lang='lat' dir='ltr'><strong>y</strong></span> <span class='ocrx_word' id='word_1_175' title='bbox 1219 2412 1298 2450; x_wconf 89' lang='lat' dir='ltr'>paz</span> <span class='ocrx_word' id='word_1_176' title='bbox 1320 2399 1375 2438; x_wconf 89' lang='lat' dir='ltr'>de</span> <span class='ocrx_word' id='word_1_177' title='bbox 1402 2401 1506 2450; x_wconf 90' lang='lat' dir='ltr'>Jesu</span> <span class='ocrx_word' id='word_1_178' title='bbox 1536 2400 1611 2437; x_wconf 90' lang='lat' dir='ltr'>X.⁰</span> <span class='ocrx_word' id='word_1_179' title='bbox 1640 2412 1733 2437; x_wconf 90' lang='lat' dir='ltr'>nro.</span> 
     </span>
     <span class='ocr_line' id='line_1_27' title="bbox 120 2470 1738 2522; baseline -0.001 -12"><span class='ocrx_word' id='word_1_180' title='bbox 120 2472 209 2510; x_wconf 88' lang='lat' dir='ltr'>S.0r</span> <span class='ocrx_word' id='word_1_181' title='bbox 230 2484 306 2509; x_wconf 89' lang='lat' dir='ltr'>sea</span> <span class='ocrx_word' id='word_1_182' title='bbox 327 2472 514 2522; x_wconf 86' lang='lat' dir='ltr'>siempre</span> <span class='ocrx_word' id='word_1_183' title='bbox 538 2484 591 2509; x_wconf 90' lang='lat' dir='ltr'>en</span> <span class='ocrx_word' id='word_1_184' title='bbox 613 2471 652 2509; x_wconf 90' lang='lat' dir='ltr'>el</span> <span class='ocrx_word' id='word_1_185' title='bbox 675 2472 883 2509; x_wconf 87' lang='lat' dir='ltr'>continuo</span> <span class='ocrx_word' id='word_1_186' title='bbox 906 2471 1029 2509; x_wconf 86' lang='lat' dir='ltr'>fauor</span> <span class='ocrx_word' id='word_1_187' title='bbox 1053 2485 1079 2521; x_wconf 89' lang='lat' dir='ltr'>y</span> <span class='ocrx_word' id='word_1_188' title='bbox 1100 2471 1229 2520; x_wconf 88' lang='lat' dir='ltr'>ajuda</span> <span class='ocrx_word' id='word_1_189' title='bbox 1250 2470 1304 2509; x_wconf 91' lang='lat' dir='ltr'>de</span> <span class='ocrx_word' id='word_1_190' title='bbox 1326 2472 1376 2509; x_wconf 91' lang='lat' dir='ltr'>V.</span> <span class='ocrx_word' id='word_1_191' title='bbox 1403 2472 1449 2509; x_wconf 87' lang='grc' dir='ltr'>Ρ.</span> <span class='ocrx_word' id='word_1_192' title='bbox 1476 2472 1677 2509; x_wconf 90' lang='lat' dir='ltr'>Estamos</span> <span class='ocrx_word' id='word_1_193' title='bbox 1699 2472 1738 2508; x_wconf 84' lang='lat' dir='ltr'>al</span> 
     </span>
     <span class='ocr_line' id='line_1_28' title="bbox 115 2543 1737 2595; baseline -0.001 -13"><span class='ocrx_word' id='word_1_194' title='bbox 115 2549 321 2595; x_wconf 88' lang='lat' dir='ltr'>presente</span> <span class='ocrx_word' id='word_1_195' title='bbox 352 2556 406 2581; x_wconf 90' lang='lat' dir='ltr'>en</span> <span class='ocrx_word' id='word_1_196' title='bbox 429 2548 523 2581; x_wconf 90' lang='lat' dir='ltr'>este</span> <span class='ocrx_word' id='word_1_197' title='bbox 556 2543 745 2593; x_wconf 88' lang='lat' dir='ltr'>collegio</span> <span class='ocrx_word' id='word_1_198' title='bbox 776 2543 907 2580; x_wconf 85' lang='lat' dir='ltr'>todos</span> <span class='ocrx_word' id='word_1_199' title='bbox 930 2555 1012 2581; x_wconf 89' lang='lat' dir='ltr'>con</span> <span class='ocrx_word' id='word_1_200' title='bbox 1033 2543 1156 2581; x_wconf 86' lang='lat' dir='ltr'>salud</span> <span class='ocrx_word' id='word_1_201' title='bbox 1180 2549 1370 2594; x_wconf 84' lang='lat' dir='ltr'>excepto</span> <span class='ocrx_word' id='word_1_202' title='bbox 1396 2543 1435 2581; x_wconf 90' lang='lat' dir='ltr'>el</span> <span class='ocrx_word' id='word_1_203' title='bbox 1467 2543 1566 2581; x_wconf 90' lang='lat' dir='ltr'>Hr.0</span> <span class='ocrx_word' id='word_1_204' title='bbox 1586 2543 1737 2592; x_wconf 86' lang='lat' dir='ltr'>Ramy-</span> 
     </span>
     <span class='ocr_line' id='line_1_29' title="bbox 120 2613 1737 2665; baseline -0.002 -12"><span class='ocrx_word' id='word_1_205' title='bbox 120 2628 208 2662; x_wconf 89' lang='lat' dir='ltr'>rez,</span> <span class='ocrx_word' id='word_1_206' title='bbox 249 2628 333 2665; x_wconf 90' lang='lat' dir='ltr'>que</span> <span class='ocrx_word' id='word_1_207' title='bbox 370 2615 424 2652; x_wconf 88' lang='lat' dir='ltr'>de</span> <span class='ocrx_word' id='word_1_208' title='bbox 464 2614 572 2653; x_wconf 87' lang='lat' dir='ltr'>cada</span> <span class='ocrx_word' id='word_1_209' title='bbox 610 2614 680 2652; x_wconf 87' lang='lat' dir='ltr'>dia</span> <span class='ocrx_word' id='word_1_210' title='bbox 710 2626 793 2652; x_wconf 79' lang='lat' dir='ltr'>van</span> <span class='ocrx_word' id='word_1_211' title='bbox 823 2615 913 2652; x_wconf 76' lang='lat' dir='ltr'>mas</span> <span class='ocrx_word' id='word_1_212' title='bbox 943 2613 1147 2652; x_wconf 89' lang='lat' dir='ltr'>adelante</span> <span class='ocrx_word' id='word_1_213' title='bbox 1179 2628 1251 2652; x_wconf 91' lang='lat' dir='ltr'>sus</span> <span class='ocrx_word' id='word_1_214' title='bbox 1289 2613 1653 2665; x_wconf 70' lang='lat' dir='ltr'>indispusiciones</span> <span class='ocrx_word' id='word_1_215' title='bbox 1685 2613 1737 2650; x_wconf 87' lang='lat' dir='ltr'>de</span> 
     </span>
    </p>
   </div>
   <div class='ocr_carea' id='block_1_12' title="bbox 118 2685 1739 2808">
    <p class='ocr_par' dir='ltr' id='par_1_13' title="bbox 118 2685 1739 2808">
     <span class='ocr_line' id='line_1_30' title="bbox 118 2685 1739 2737; baseline -0.002 -13"><span class='ocrx_word' id='word_1_216' title='bbox 118 2687 391 2733; x_wconf 80' lang='lat' dir='ltr'>melancolia3</span> <span class='ocrx_word' id='word_1_217' title='bbox 415 2699 441 2736; x_wconf 92' lang='lat' dir='ltr'>y</span> <span class='ocrx_word' id='word_1_218' title='bbox 477 2698 530 2723; x_wconf 91' lang='lat' dir='ltr'>en</span> <span class='ocrx_word' id='word_1_219' title='bbox 564 2686 631 2723; x_wconf 90' lang='lat' dir='ltr'>los</span> <span class='ocrx_word' id='word_1_220' title='bbox 667 2685 911 2735; x_wconf 74' lang='lat' dir='ltr'>exercicios</span> <span class='ocrx_word' id='word_1_221' title='bbox 948 2685 1101 2724; x_wconf 84' lang='lat' dir='ltr'>solitos</span> <span class='ocrx_word' id='word_1_222' title='bbox 1133 2699 1178 2725; x_wconf 90' lang='lat' dir='ltr'>se</span> <span class='ocrx_word' id='word_1_223' title='bbox 1209 2685 1403 2737; x_wconf 90' lang='lat' dir='ltr'>procede</span> <span class='ocrx_word' id='word_1_224' title='bbox 1435 2685 1625 2735; x_wconf 88' lang='lat' dir='ltr'>siempre</span> <span class='ocrx_word' id='word_1_225' title='bbox 1658 2697 1739 2722; x_wconf 92' lang='lat' dir='ltr'>con</span> 
     </span>
     <span class='ocr_line' id='line_1_31' title="bbox 119 2756 1737 2808; baseline -0.001 -14"><span class='ocrx_word' id='word_1_226' title='bbox 119 2756 537 2807; x_wconf 89' lang='lat' dir='ltr'>aprovechamjento</span> <span class='ocrx_word' id='word_1_227' title='bbox 560 2756 615 2794; x_wconf 90' lang='lat' dir='ltr'>de</span> <span class='ocrx_word' id='word_1_228' title='bbox 637 2756 698 2794; x_wconf 91' lang='lat' dir='ltr'>las</span> <span class='ocrx_word' id='word_1_229' title='bbox 720 2757 853 2795; x_wconf 89' lang='lat' dir='ltr'>almas</span> <span class='ocrx_word' id='word_1_230' title='bbox 870 2770 894 2794; x_wconf 89' lang='lat' dir='ltr'>a</span> <span class='ocrx_word' id='word_1_231' title='bbox 913 2757 1055 2808; x_wconf 90' lang='lat' dir='ltr'>glorja</span> <span class='ocrx_word' id='word_1_232' title='bbox 1075 2756 1129 2795; x_wconf 92' lang='lat' dir='ltr'>de</span> <span class='ocrx_word' id='word_1_233' title='bbox 1151 2757 1204 2795; x_wconf 91' lang='lat' dir='ltr'>N.</span> <span class='ocrx_word' id='word_1_234' title='bbox 1229 2757 1317 2795; x_wconf 81' lang='lat' dir='ltr'>S.0r</span> <span class='ocrx_word' id='word_1_235' title='bbox 1338 2757 1402 2795; x_wconf 89' lang='lat' dir='ltr'>En</span> <span class='ocrx_word' id='word_1_236' title='bbox 1423 2757 1489 2795; x_wconf 90' lang='lat' dir='ltr'>los</span> <span class='ocrx_word' id='word_1_237' title='bbox 1510 2768 1737 2795; x_wconf 85' lang='lat' dir='ltr'>sermones</span> 
     </span>
    </p>
   </div>
   <div class='ocr_carea' id='block_1_13' title="bbox 118 2827 1737 2879">
    <p class='ocr_par' dir='ltr' id='par_1_14' title="bbox 118 2827 1737 2879">
     <span class='ocr_line' id='line_1_32' title="bbox 118 2827 1737 2879; baseline -0.001 -13"><span class='ocrx_word' id='word_1_238' title='bbox 118 2840 202 2878; x_wconf 92' lang='lat' dir='ltr'>que</span> <span class='ocrx_word' id='word_1_239' title='bbox 226 2840 279 2866; x_wconf 88' lang='lat' dir='ltr'>en</span> <span class='ocrx_word' id='word_1_240' title='bbox 299 2834 476 2866; x_wconf 87' lang='lat' dir='ltr'>nuestra</span> <span class='ocrx_word' id='word_1_241' title='bbox 498 2828 666 2879; x_wconf 89' lang='lat' dir='ltr'>yglesia</span> <span class='ocrx_word' id='word_1_242' title='bbox 687 2841 734 2866; x_wconf 91' lang='lat' dir='ltr'>se</span> <span class='ocrx_word' id='word_1_243' title='bbox 757 2828 1007 2875; x_wconf 63' lang='lat' dir='ltr'>continuam</span> <span class='ocrx_word' id='word_1_244' title='bbox 1032 2827 1087 2866; x_wconf 92' lang='lat' dir='ltr'>de</span> <span class='ocrx_word' id='word_1_245' title='bbox 1110 2827 1218 2866; x_wconf 88' lang='lat' dir='ltr'>cada</span> <span class='ocrx_word' id='word_1_246' title='bbox 1238 2828 1308 2866; x_wconf 83' lang='lat' dir='ltr'>dia</span> <span class='ocrx_word' id='word_1_247' title='bbox 1335 2841 1390 2879; x_wconf 88' lang='lat' dir='ltr'>ay</span> <span class='ocrx_word' id='word_1_248' title='bbox 1411 2830 1501 2866; x_wconf 81' lang='lat' dir='ltr'>mas</span> <span class='ocrx_word' id='word_1_249' title='bbox 1524 2841 1737 2867; x_wconf 85' lang='lat' dir='ltr'>concurso</span> 
     </span>
    </p>
   </div>
   <div class='ocr_carea' id='block_1_14' title="bbox 168 2989 1439 3097">
    <p class='ocr_par' dir='ltr' id='par_1_15' title="bbox 168 2989 1439 3097">
     <span class='ocr_line' id='line_1_33' title="bbox 168 2989 1298 3037; baseline 0.001 -11"><span class='ocrx_word' id='word_1_250' title='bbox 168 2991 177 3011; x_wconf 91' lang='lat'>¹</span> <span class='ocrx_word' id='word_1_251' title='bbox 228 2989 275 3026; x_wconf 90' lang='grc' dir='ltr'>Β.</span> <span class='ocrx_word' id='word_1_252' title='bbox 297 2989 408 3027; x_wconf 88' lang='lat' dir='ltr'>Petri</span> <span class='ocrx_word' id='word_1_253' title='bbox 428 2989 583 3027; x_wconf 87' lang='lat' dir='ltr'>Canisii</span> <span class='ocrx_word' id='word_1_254' title='bbox 603 3003 651 3027; x_wconf 80' lang='lat' dir='ltr'>ex</span> <span class='ocrx_word' id='word_1_255' title='bbox 671 2994 784 3036; x_wconf 86' lang='lat' dir='ltr'>patre</span> <span class='ocrx_word' id='word_1_256' title='bbox 803 2989 942 3032; x_wconf 79' lang='lat' dir='ltr'>frater,</span> <span class='ocrx_word' id='word_1_257' title='bbox 963 2990 1128 3037; x_wconf 85' lang='lat' dir='ltr'>collegii</span> <span class='ocrx_word' id='word_1_258' title='bbox 1147 2996 1298 3028; x_wconf 88' lang='lat' dir='ltr'>rector.</span> 
     </span>
     <span class='ocr_line' id='line_1_34' title="bbox 169 3048 1439 3097; baseline 0 -11"><span class='ocrx_word' id='word_1_259' title='bbox 169 3049 182 3068; x_wconf 88' lang='lat'>²</span> <span class='ocrx_word' id='word_1_260' title='bbox 232 3048 293 3086; x_wconf 80' lang='lat' dir='ltr'>Ex</span> <span class='ocrx_word' id='word_1_261' title='bbox 311 3054 470 3096; x_wconf 87' lang='lat' dir='ltr'>autogr.</span> <span class='ocrx_word' id='word_1_262' title='bbox 491 3050 531 3086; x_wconf 93' lang='lat' dir='ltr'>in</span> <span class='ocrx_word' id='word_1_263' title='bbox 549 3049 684 3086; x_wconf 85' lang='lat' dir='ltr'>codiee</span> <span class='ocrx_word' id='word_1_264' title='bbox 703 3049 831 3095; x_wconf 81' lang='lat' dir='ltr'>Hisp.</span> <span class='ocrx_word' id='word_1_265' title='bbox 855 3049 922 3093; x_wconf 80' lang='lat'>97,</span> <span class='ocrx_word' id='word_1_266' title='bbox 946 3049 961 3086; x_wconf 93' lang='lat'>1</span> <span class='ocrx_word' id='word_1_267' title='bbox 982 3048 1066 3095; x_wconf 75' lang='lat' dir='ltr'>fol..</span> <span class='ocrx_word' id='word_1_268' title='bbox 1087 3062 1125 3086; x_wconf 89' lang='lat' dir='ltr'>n.</span> <span class='ocrx_word' id='word_1_269' title='bbox 1146 3049 1206 3093; x_wconf 84' lang='lat'>85;</span> <span class='ocrx_word' id='word_1_270' title='bbox 1227 3051 1339 3097; x_wconf 91' lang='lat' dir='ltr'>prius</span> <span class='ocrx_word' id='word_1_271' title='bbox 1357 3048 1439 3086; x_wconf 70' lang='lat'>245.</span> 
     </span>
    </p>
   </div>
  </div>
 </body>
</html>
