2038 3400
526 251 867 290 323.—LAURET0
897 251 911 288 i
936 250 1137 298 JANUARn
1168 252 1256 288 1560
1588 253 1657 289 433

702 320 713 337 θ

82 355 390 392 adolescentes
410 359 500 391 tres
521 353 911 403 praesentauimus‚
935 365 1045 403 quos
1067 352 1348 403 moguntinus
1378 354 1607 403 episcopus
1632 355 1638 371 ¹
1662 354 1703 390 in

82 427 335 476 theologico
359 425 502 463 studio
525 425 639 475 apud
660 438 739 463 nos
761 425 863 471 alet,
897 430 943 462 vt
976 437 1128 461 eorum
1161 436 1294 474 opera
1329 425 1369 460 in
1406 437 1481 461 sua
1519 424 1706 461 ecclesia

82 502 179 546 post
212 502 369 534 vtatur.
407 497 453 533 In
483 495 786 534 conseruanda
807 494 1020 545 religione
1042 495 1224 545 diligens
1248 501 1329 541 est,
1356 499 1398 531 et
1420 495 1461 531 in
1485 495 1704 531 fundando

84 567 288 617 collegio,
327 572 372 604 vt
407 579 551 617 spero,
590 580 744 616 parcus
779 580 865 604 non
907 566 1001 603 erit.
1046 565 1204 604 Scribit
1238 566 1365 603 nobis
1406 566 1707 614 popardiensis

83 644 231 689 pastor
262 643 275 662 2
306 637 623 688 archiepiscopi
646 639 914 676 treuerensis
935 641 948 659 ³
969 638 1144 675 nomine
1167 637 1315 674 literas
1337 634 1389 673 ad
1412 637 1463 673 D.
1488 636 1706 674 Canisium

83 716 254 760 paratas
276 718 295 735 a
316 710 465 757 tuisse,
498 710 653 760 quibus
684 709 909 748 vocandus
942 713 1059 746 esset
1095 708 1338 754 Treuerim,
1372 712 1418 744 vt
1449 707 1590 745 locum
1624 708 1710 745 col-

84 781 200 831 legio
224 786 370 831 aptum
394 780 595 831 eligeret,
621 786 664 818 et
686 779 740 818 de
764 780 955 818 coeteris
978 779 1198 829 requisitis
1221 791 1317 816 cum
1338 777 1532 827 principe
1556 783 1710 815 tracta-

84 856 165 889 ret.
207 852 463 901 [Tumultus]
488 852 506 876 b
527 864 605 902 per
634 852 884 890 haereticos
908 851 1126 888 excitatus
1147 849 1307 887 auxilio
1331 849 1476 886 diuino
1518 849 1711 886 sublatus

87 928 152 960 est
173 925 200 960 ⁴.
226 923 328 960 Eius
350 923 558 961 authores
580 923 813 973 proscripti
834 928 947 960 sunt.
973 922 1175 961 Consulis
1203 920 1423 967 catholici,
1457 921 1529 971 qui
1559 920 1711 958 aduer-

85 1007 157 1032 sus
180 994 394 1044 collegam
418 999 461 1031 et
483 994 576 1032 eius
598 993 890 1032 adhaerentes
911 993 1118 1043 populum
1140 992 1181 1029 in
1213 991 1429 1042 religione
1465 991 1714 1029 orthodoxa

87 1071 139 1103 et·
159 1065 246 1103 fide
277 1065 472 1115 episcopi
503 1065 798 1111 conseruauit,
831 1065 944 1102 filius
974 1063 1106 1102 hodie
1136 1068 1288 1101 noster
1321 1062 1550 1100 conuictor
1572 1062 1713 1100 factus

89 1141 169 1175 est.
208 1138 331 1175 Haec
364 1149 435 1175 res
471 1137 506 1174 si
541 1150 637 1175 cum
673 1136 929 1188 moguntino
966 1136 1302 1186 treuerensique
1338 1133 1561 1180 succedat,
1599 1133 1715 1171 haud

87 1207 217 1246 dubie
242 1208 504 1246 coloniensis
526 1208 821 1258 archipraesul
842 1207 855 1225 5
877 1207 931 1245 ad
960 1207 1076 1245 idem
1109 1205 1414 1257 expectabitur
1436 1212 1466 1243 0.
1493 1204 1713 1253 Quantum

87 1284 233 1317 autem
264 1279 476 1317 aduersus
505 1279 756 1317 haereticos
786 1278 1116 1316 fundamentum
1148 1276 1464 1316 catholicorum
1497 1277 1592 1323 erit,
1626 1282 1716 1314 tres

91 1349 417 1388 ecclesiasticos
456 1351 674 1401 principes
715 1351 935 1388 electores
982 1349 1291 1388 SOCIETATI
1331 1348 1589 1386 aedificasse
1631 1348 1716 1386 col-

90 1422 224 1473 legia?
254 1422 474 1473 Rogamus
504 1422 652 1472 itaque
684 1423 730 1459 R.
769 1422 811 1459 P.
846 1422 895 1459 T.
930 1426 976 1458 vt
1006 1421 1072 1459 his
1097 1420 1364 1471 principibus
1387 1425 1430 1458 et
1451 1419 1716 1458 Germaniae

91 1495 332 1532 clementer
354 1494 510 1532 adesse
531 1494 656 1532 velis.
681 1494 940 1532 Curabimus
963 1505 1060 1531 cum
1083 1494 1213 1530 Patre
1230 1492 1422 1539 Canisio‚
1447 1498 1495 1529 vt
1515 1492 1719 1530 inchoata

90 1565 383 1615 perficiantur,
423 1570 466 1602 et
499 1565 656 1603 fratres
686 1578 766 1602 nos
803 1564 1060 1614 colligemus
1092 1568 1136 1601 et
1171 1564 1213 1601 in
1243 1563 1381 1601 literis
1416 1562 1717 1613 religioneque

88 1636 380 1674 instituemus.
422 1637 585 1674 Verum
626 1636 823 1674 exactius
869 1635 1134 1673 erudiendos
1179 1640 1223 1672 et
1273 1634 1549 1673 exercendos
1593 1636 1719 1672 vobis

89 1707 447 1745 transmittemus.
470 1705 644 1758 [Preces
660 1707 866 1757 postulat
881 1707 921 1745 et
937 1706 1036 1744 vale
1053 1705 1194 1754 dicit]
1217 1706 1445 1752 Coloniae,
1466 1718 1578 1743 anno
1602 1706 1715 1754 1560.

857 1847 969 1898 323

480 1953 538 1999 P.
589 1953 1009 1999 RAPHAEL
1064 1953 1337 1999 RIERA

591 2058 787 2085 LAURETO
817 2048 832 2084 1
857 2058 1056 2096 jANUARn
1086 2047 1175 2084 1560
1201 2048 1225 2083 ⁶.

97 2133 130 2170 1.
164 2131 296 2170 Aeris
332 2130 632 2178 inclementia,
668 2131 784 2171 socii
818 2131 965 2181 aliqui
1003 2130 1096 2170 alio
1136 2131 1408 2183 migrantes,
1450 2145 1542 2171 non
1575 2133 1723 2170 solam

177 2197 392 2244 Laureio,
415 2198 490 2236 sed
512 2196 620 2234 aliis
640 2196 778 2236 etiam
799 2196 962 2236 vicinis
985 2196 1160 2248 oppidis
1193 2197 1433 2247 spirituali
1462 2198 1723 2248 adjumento

169 2261 380 2313 fuerant.
401 2261 479 2300 —2.
505 2262 569 2301 De
589 2261 821 2301 sociorum
844 2262 890 2300 in
911 2262 1079 2302 litteris
1108 2265 1147 2301 et
1177 2262 1425 2301 virtutibus
1454 2265 1720 2314 progressu.

179 2327 243 2366 De
264 2340 421 2366 reram
442 2328 798 2366 Zanretanarnm
818 2330 956 2366 statu.

158 2439 192 2467 Ι.
251 2431 279 2478 †
309 2428 461 2467 Gratia
482 2435 527 2467 et
546 2442 630 2480 pax
651 2430 721 2468 X.i
759 2429 838 2468 Vix
868 2431 1049 2468 tandem
1074 2431 1176 2479 post
1206 2430 1376 2467 malias
1407 2428 1726 2468 distractiones

100 2513 152 2538 ex
185 2500 391 2538 locorum
426 2512 668 2550 rerumque
708 2499 1038 2539 mutationibus
1078 2503 1354 2548 contractas,
1394 2502 1640 2538 admodum
1671 2500 1724 2537 R.

150 2636 170 2655 ²²
220 2642 384 2682 paratus
406 2646 483 2672 ms.
538 2637 603 2661 —b
625 2636 810 2673 Lacuna
830 2637 875 2672 in
895 2645 974 2672 ms.
1030 2643 1094 2661 -0
1115 2635 1186 2673 Sic
1204 2645 1281 2672 ms.
1300 2640 1380 2681 pro
1400 2635 1641 2672 excitabitur
1663 2634 1721 2678 (P).

214 2761 363 2798 Daniel
382 2760 559 2798 Brendel
580 2761 629 2796 de
650 2760 876 2807 Homburg.

215 2821 360 2858 Petrus
378 2819 413 2857 F
416 2820 507 2857 ahe.

215 2880 389 2926 Joannes
408 2880 456 2915 de
477 2878 598 2915 Petra
618 2879 712 2922 (von
730 2879 802 2915 der
821 2878 998 2926 Leyen).

215 2939 279 2976 Cf.
302 2938 655 2983 BRAUNSBERGER,
677 2937 730 2974 Β.
753 2937 877 2975 Petri
899 2938 1063 2974 Canz'sii
1079 2939 1215 2983 epist„
1237 2937 1286 2980 ΙΙ,
1306 2938 1388 2974 533.

209 2997 387 3044 joannes
405 2996 649 3034 Gebhardus
667 3010 690 3034 a
710 2997 925 3034 Mansfeld.

217 3057 279 3094 Ex
297 3057 483 3103 originali
502 3057 678 3103 (autogr.
699 3057 729 3101 Ρ)
748 3057 787 3093 in
815 3057 898 3093 cod.
931 3057 1056 3093 Rom.
1086 3056 1230 3099 12624,
1261 3055 1302 3092 ff.
1331 3056 1389 3099 83,
1418 3055 1477 3100 843
1512 3054 1620 3100 prius
1650 3054 1728 3091 163.

251 3141 414 3167 Lauinam
434 3141 838 3174 Qummmusnms.—T0M.
861 3141 913 3166 VI.
1559 3136 1593 3161 28

151 2823 166 3077 Φωρωιῦ
154 2764 159 2782 ¹-
