2038 3400
481 276 893 315 294.——In‹;oi.s'rADio
924 276 937 312 1
971 276 1230 313 SsvTuMssffls
1261 277 1350 313 1559
1615 277 1681 314 317

108 380 183 431 gij,
220 385 266 418 ut
300 380 342 417 hi
371 386 461 417 tum
497 380 690 430 virgines
724 379 808 427 [ibi]
831 380 850 398 a
872 379 1100 417 conclusas
1136 379 1453 425 consolatione,
1487 384 1576 416 tum
1599 380 1730 429 ipsius

108 451 191 488 loci
231 451 435 501 populum
471 449 594 498 uerbj
627 450 707 498 Dej
740 449 1068 500 praedicatione
1104 449 1359 487 reficerent.
1402 449 1507 486 Tam
1553 454 1729 487 sanctae

108 522 238 572 igitur
264 521 464 572 petitionj
488 521 757 559 satisfactum
789 526 870 567 est,
903 533 986 558 nec
1016 521 1109 557 sine
1141 520 1322 571 copioso
1345 521 1503 566 fructu,
1528 520 1731 570 quemad-

109 592 285 631 modum
307 598 496 630 testatae
533 598 630 630 sunt
653 593 855 643 ingentes
877 591 1113 643 gratiarum
1135 592 1349 639 actioneS,
1375 597 1418 629 et
1440 592 1522 629 alia
1552 592 1731 642 gratitu-

107 662 216 701 dinis
238 676 288 702 ac
308 663 591 714 benignitatis
622 670 879 714 argumenta
911 662 1175 701 clarissima
1204 663 1365 701 nostris
1389 662 1600 709 exhibita,
1623 677 1732 713 quos

107 733 236 773 etiam
259 733 312 772 ad
334 747 381 772 se
403 735 526 783 breuj
556 734 699 772 redire
722 735 866 772 multis
896 734 1098 785 precibus
1130 733 1469 781 contenderunt,
1502 735 1654 772 beatas
1685 748 1731 773 se

106 805 201 843 fore
218 804 540 855 praedicantes
561 806 594 852 b,
620 805 654 843 si
672 806 741 843 uel
765 819 895 843 unum
913 805 968 843 de
990 810 1140 843 nostra
1161 805 1388 843 Societate
1412 805 1613 843 obtinere
1635 818 1732 856 pos-

106 883 218 924 sent,
242 877 315 927 qui
348 877 451 926 ipsis
473 875 688 915 continno
710 876 903 923 adesset,
937 889 988 914 ac
1017 889 1173 927 panem
1197 877 1481 927 euangelicae
1505 877 1731 915 doctrinae

105 947 341 998 frangeret.
368 946 482 995 Quin
505 954 549 985 et
569 947 668 985 illae
691 947 884 998 uirgines
907 960 1058 986 omnes
1081 949 1140 985 ad
1164 960 1299 986 mmm
1321 948 1465 986 cordis
1488 948 1551 997 suj
1576 961 1733 987 arcana

105 1024 386 1069 aperuerunt,
411 1031 496 1056 uno
521 1031 596 1058 ore
619 1018 884 1057 affirmantes
916 1026 947 1065 0,
971 1024 1146 1069 praeter
1178 1032 1321 1066 unam,
1345 1031 1457 1070 quae
1489 1025 1579 1056 tum
1611 1032 1730 1057 suam

105 1089 147 1127 in
168 1090 285 1128 uitae
307 1102 472 1140 genere
504 1095 709 1140 suscepto
741 1088 1077 1128 inconstantiam
1108 1089 1314 1140 prodidit,
1341 1095 1383 1127 et
1407 1090 1462 1128 ob
1497 1088 1539 1127 id
1571 1102 1732 1128 coeno-

105 1160 176 1198 bio
199 1160 381 1211 depulsa
401 1161 598 1199 recessit,
623 1160 774 1210 Itaque
797 1159 908 1198 duae
932 1173 986 1199 ex
1022 1160 1119 1208 illis,
1143 1173 1249 1211 quas
1272 1160 1470 1200 Christus
1494 1161 1628 1211 elegit
1652 1161 1730 1199 sibi

106 1244 301 1282 sponsas,
324 1232 405 1282 piis
433 1232 609 1269 Patrum
646 1230 1026 1269 exhortationibus
1047 1237 1275 1282 permotae
1299 1237 1398 1270 sunt
1419 1231 1473 1270 ad
1494 1232 1731 1282 professio-

105 1315 204 1341 nem
235 1308 349 1340 stato
378 1307 579 1353 tempore
609 1302 870 1349 faciendam,
905 1303 1020 1340 vnde
1057 1315 1203 1341 rursus
1239 1303 1350 1341 duos
1391 1316 1445 1341 ex
1476 1304 1561 1342 hoc
1601 1304 1732 1342 colle-

104 1374 176 1423 gio
199 1374 404 1423 accersirj
429 1378 707 1412 curauerunt.

162 1455 221 1483 11.
282 1446 346 1483 De
369 1445 569 1496 collegiis
589 1444 818 1482 fundandis
840 1445 882 1482 in
904 1445 1155 1492 Germania,
1179 1445 1262 1483 iarn
1286 1446 1390 1484 alias
1419 1445 1635 1484 intellexit
1657 1451 1732 1485 tua

105 1518 363 1570 paternitas3
404 1518 490 1556 hoc
529 1521 695 1555 tantum
736 1516 849 1556 addo
891 1518 1146 1567 episcopum
1187 1521 1487 1566 eystetensem
1531 1524 1538 1542 ¹
1580 1518 1731 1567 (distat

105 1595 251 1628 autem
286 1589 442 1638 Eystet
472 1587 742 1638 Ingolstadio
778 1588 915 1626 tribus
938 1587 1175 1626 miliaribus
1197 1587 1478 1639 germanicis)
1501 1601 1598 1627 cum
1622 1589 1718 1627 Η.ᾱο

104 1663 150 1699 P.
189 1659 449 1699 Prouinciali
483 1660 567 1697 iam
602 1665 831 1707 tractasse,
866 1665 912 1697 ut
934 1660 1093 1697 habeat
1125 1659 1361 1710 collegium
1382 1660 1424 1697 in
1446 1659 1635 1710 quodam
1658 1672 1729 1698 va-

103 1745 185 1770 cuo
208 1731 490 1770 monasterio.
516 1731 617 1768 Eius
646 1731 949 1781 suffraganeus
971 1735 984 1754 “²
1006 1736 1073 1768 est
1090 1730 1327 1768 Societatis
1349 1730 1524 1768 intimus
1547 1731 1726 1778 amicus,

104 1802 175 1853 quj
200 1801 482 1852 conqueritur
503 1801 620 1852 quod
649 1801 788 1840 nostri
814 1814 901 1839 non
924 1801 1106 1839 ueniunt
1126 1802 1308 1852 amplius
1330 1801 1349 1825 d
1371 1800 1425 1839 ad
1447 1813 1595 1840 sacros
1618 1801 1730 1840 ordi-

102 1885 180 1911 nes
203 1872 520 1924 suscipiendos‚
545 1872 660 1910 vnde
683 1872 854 1911 cuidam
877 1885 931 1910 ex
949 1873 1110 1910 nostris
1134 1872 1334 1910 Patribus
1356 1871 1480 1920 dixit,
1504 1874 1629 1912 uelut
1648 1873 1730 1911 im-

98 1946 366 1994 properans,
391 1956 439 1981 se
462 1944 606 1992 uererj
644 1955 698 1981 ne
721 1949 901 1994 propter
923 1956 1043 1981 suam
1065 1944 1355 1982 rusticitatem
1377 1943 1420 1982 id
1441 1944 1531 1982 fiat.
1555 1944 1623 1982 Ad
1644 1945 1730 1982 hoc

105 2020 147 2052 et
169 2014 223 2052 ad
239 2015 321 2053 alia
343 2013 488 2053 officia
521 2015 682 2053 nostris
705 2006 956 2053 exhibenda
991 2027 1090 2052 sese
1115 2014 1247 2052 offert
1267 2015 1566 2065 paratissimus
1588 2016 1729 2054 bonus

103 2098 255 2124 senex.

160 2169 219 2196 12.
299 2157 560 2195 placuerunt
580 2157 660 2207 piis
683 2162 727 2194 et
748 2156 891 2195 doctis
915 2156 1016 2194 uiris
1038 2157 1192 2194 literae
1215 2170 1269 2194 ex
1292 2157 1501 2207 Hispania
1523 2162 1565 2195 et
1587 2157 1730 2196 Gallia

103 2227 157 2266 ad
183 2241 263 2266 nos
299 2229 473 2275 missae,
506 2228 547 2265 in
582 2227 737 2278 quibus
772 2229 985 2278 agebatur
1021 2226 1075 2265 de
1111 2228 1206 2265 zelo
1242 2229 1483 2279 principum
1518 2229 1730 2268 aduersus

103 2300 255 2338 hostes
286 2300 530 2338 catholicae
564 2299 705 2349 fiidej.
745 2300 986 2338 Placebunt
1016 2299 1194 2337 indubie
1231 2306 1275 2338 et
1310 2301 1464 2339 literae
1505 2302 1727 2349 indianae,

103 2384 209 2422 quas
230 2372 299 2409 Rs
321 2372 368 2409 P.
392 2370 670 2422 prouincialis
693 2370 806 2421 apud
836 2384 883 2409 se
915 2372 1062 2417 habet,
1096 2377 1142 2408 ut
1172 2372 1293 2421 prelo
1325 2372 1587 2411 mandentur
1610 2386 1728 2411 cum-

101 2442 249 2492 primis
284 2441 471 2480 licuerit.
512 2442 686 2488 [Preces
715 2442 949 2492 postztlat.]
990 2442 1245 2493 Ingolstadij
1283 2443 1337 2480 ad
1374 2443 1592 2483 Calendas
1623 2445 1725 2495 Sep·

101 2512 282 2550 tembris
307 2521 421 2562 1559.

181 2583 245 2620 Ex
267 2583 576 2622 commissione
598 2584 645 2621 R.
672 2584 718 2622 P.
743 2583 942 2622 rectoris.
967 2584 1016 2621 T.
1042 2585 1088 2622 R.
1116 2585 1162 2622 P.
1186 2584 1388 2636 indignus
1411 2598 1565 2624 seruus

1111 2672 1344 2712 Dommcns
1376 2673 1546 2712 Mamm
1575 2674 1604 2712 ’.

148 2772 167 2791 ²²
219 2772 288 2808 Sic
302 2777 450 2818 apogr.
504 2772 569 2797 —b
589 2771 878 2818 praedicabant
897 2772 1086 2816 virgines.
1136 2779 1197 2797 *0
1218 2785 1261 2808 se
1279 2773 1385 2809 velle
1405 2774 1443 2809 in
1461 2773 1647 2810 inchoato
1663 2774 1727 2810 dei

102 2831 269 2879 seruitio
287 2842 540 2878 permanere.
596 2831 661 2856 „d
683 2831 731 2867 ad
752 2843 855 2868 eum.

150 2964 158 2981 ¹
212 2960 472 2998 Eberhardus
491 2961 540 2997 ab
560 2959 787 2997 Himheim.

149 3021 162 3040 ²
213 3019 275 3057 Cf.
298 3019 398 3056 Lz'tt.
419 3019 668 3066 Quadrim„
692 3019 744 3065 V,
765 3019 848 3056 606.

148 3081 161 3101 ⁸
212 3078 256 3115 P.
279 3078 470 3125 Lanoyus
489 3079 649 3124 collegii
679 3080 1005 3125 ingolstadiensis
1032 3085 1176 3123 rector,
1206 3081 1245 3116 in
1273 3080 1554 3117 informatione
1582 3080 1626 3115 ‘24
1656 3080 1722 3126 ju>
