2038 3400
567 335 955 373 242.-V1N00130NA·
986 336 1029 371 14
1054 336 1157 372 FER.
1189 336 1278 372 1559
1645 336 1691 373 89

109 451 217 477 vero
250 439 319 476 hic
341 444 464 476 actus
497 439 696 481 oratione
727 450 889 488 graeca
919 436 1276 487 argumentisque
1306 444 1349 474 et
1381 437 1737 487 responsionibus

107 522 271 560 graeco
309 509 518 547 idiomate
553 508 750 547 formatis
785 507 1044 545 terminatus
1079 506 1174 554 fuit,
1213 507 1537 546 succinentibus
1572 509 1613 545 in
1653 510 1736 546 fine

108 579 231 618 suaui
252 579 443 617 melodia
462 580 609 630 pueris
630 579 842 629 psalmum
866 578 929 616 Te
953 579 1093 616 Deum
1122 578 1361 615 laudamus.

165 662 224 689 10.
279 652 372 701 Jam
402 649 519 701 quod
541 650 595 688 ad
617 649 929 700 discipulorum
951 649 1160 699 pietatem
1183 650 1355 695 attinet,
1390 662 1474 699 ego
1510 649 1639 696 illam,
1673 656 1736 687 vt-

106 727 208 773 pote
241 722 459 769 eximiam,
492 721 668 759 minime
700 720 1055 759 dissimulandam
1077 732 1256 758 censeo.
1283 720 1398 769 Quid
1430 720 1543 758 enim
1574 721 1737 758 fameli-

106 805 184 831 cae
206 791 425 831 iuuentuti
454 792 632 842 grauius
654 805 781 843 quam
812 792 854 829 in
886 792 1083 829 ciborum
1114 791 1338 829 affluentia
1369 792 1545 842 genium
1568 791 1737 829 defrau-

106 864 231 902 dare?
252 864 306 901 Et
326 869 472 902 tamen
495 863 826 914 magnanimiter
847 863 919 901 hic
940 862 1091 900 videas
1121 863 1234 900 filios
1257 875 1410 901 carnes
1432 876 1456 900 a
1485 863 1737 913 parentibus

108 937 309 974 obtrusas
337 947 564 985 respuere,
589 934 690 972 dum
723 946 871 972 earum
904 946 1025 972 esum
1047 939 1171 971 vetat
1191 934 1311 972 Stae.
1347 934 1586 971 ecclessiae
1616 946 1737 983 prae-

106 1011 296 1057 ceptum.
316 1007 526 1057 Juuantur
544 1011 691 1043 autem
713 1018 810 1043 curn
826 1003 975 1055 primis
996 1005 1189 1043 lectione
1208 1005 1435 1043 doctrinae
1458 1005 1735 1051 christianae,

1161 1075 1168 1094 ¹
1219 1075 1456 1127 praelegit,
1498 1076 1737 1114 minoribus

107 1090 235 1127 quam
270 1076 520 1115 maiusculis
559 1076 735 1127 quidem
775 1076 826 1114 D.
865 1074 1137 1115 Christianus

104 1152 251 1186 autem
273 1146 344 1186 alii
375 1160 430 1185 ex
460 1147 681 1185 tratribus.
706 1148 888 1186 Sacrum
918 1146 1115 1197 quotidie
1147 1146 1342 1193 audiunt,
1367 1147 1632 1185 confitentur
1655 1147 1736 1184 sin-

105 1219 217 1270 gulis
252 1218 495 1269 quibusque
541 1218 781 1265 mensibus;
821 1217 1016 1255 nonnulli
1048 1218 1178 1256 etiam
1215 1217 1404 1268 saepius,
1436 1216 1661 1268 plaerique
1693 1223 1736 1255 et

106 1290 460 1328 communionem
501 1302 667 1327 sacram
703 1288 986 1338 frequentare
1026 1292 1232 1339 pergunt3
1271 1288 1500 1326 dominicis
1536 1294 1579 1326 et
1614 1288 1737 1326 festis

107 1360 263 1400 diebus
285 1361 545 1400 concionem
569 1365 612 1398 et
634 1361 874 1399 lectionem
897 1373 1080 1407 sacram,
1104 1373 1216 1411 quae
1237 1361 1280 1398 in
1302 1361 1466 1411 templo
1498 1366 1650 1399 nostro
1672 1361 1734 1403 fit,

104 1433 186 1471 alia
206 1445 382 1484 quoque
405 1432 551 1470 diuina
582 1432 727 1470 officia
750 1445 904 1470 omnes
925 1431 1077 1470 audire
1106 1432 1264 1470 solent.
1290 1432 1399 1471 Sunt
1422 1432 1553 1470 etiam
1574 1432 1647 1482 qui
1676 1431 1735 1470 in-

103 1510 269 1543 stanter
299 1504 426 1542 nobis
447 1515 495 1541 se
526 1503 767 1554 adiungere
797 1501 1068 1550 desiderent,
1094 1503 1172 1541 sed
1201 1503 1432 1554 explorare
1462 1503 1580 1553 prius
1614 1502 1734 1553 spiri-

104 1581 195 1614 tum
217 1581 261 1614 et
292 1574 582 1614 constantiam
612 1574 795 1613 istorum
826 1575 1011 1613 voluere
1034 1575 1202 1622 Patres,
1227 1580 1274 1612 vt
1304 1575 1472 1613 facilius
1494 1575 1653 1613 deinde
1676 1576 1735 1613 iu-

108 1647 199 1685 uari
218 1647 403 1697 possint,
428 1651 472 1684 et
492 1644 534 1683 in
556 1646 716 1684 sanctis
738 1646 912 1684 interim
934 1644 1015 1696 ipsi
1037 1651 1238 1684 crescant
1260 1645 1506 1684 desideriis.

160 1728 219 1756 11.
280 1718 344 1755 Ex
375 1716 572 1755 studiosa
601 1717 698 1764 hac,
733 1722 777 1754 et
798 1729 906 1755 vere
938 1716 1173 1755 christiana
1203 1715 1445 1755 iuuentutis
1478 1715 1603 1755 nobis
1635 1730 1734 1755 con-

103 1788 298 1828 creditae
319 1789 609 1836 institutione,
644 1793 794 1827 sancta
815 1788 1001 1839 quadam
1022 1788 1317 1826 aemulatione
1349 1793 1515 1826 motum
1539 1787 1735 1827 credide-

100 1861 179 1898 rim
218 1859 519 1910 magistratum
559 1859 863 1906 viennensem,
901 1864 948 1896 vt
988 1858 1173 1905 reiecto,
1211 1871 1341 1909 quem
1381 1864 1483 1898 ante
1522 1860 1734 1910 habuerat

100 1932 210 1969 haec
240 1931 410 1978 ciuitas,
443 1931 690 1969 scholarum
721 1930 1019 1977 moderatore,
1054 1935 1099 1968 vt
1130 1934 1336 1968 constans
1366 1931 1600 1969 multorum
1622 1931 1736 1969 fama

102 2006 194 2039 erat
228 2009 262 2048 ἃ,
292 2001 537 2048 haeretico,
571 2001 700 2039 alium
733 2001 995 2039 catholicum
1028 2007 1072 2039 et
1103 2005 1329 2051 spectatae
1366 2001 1483 2039 vitae
1520 2001 1659 2040 virum
1696 2002 1734 2040 ei

104 2072 338 2124 subrogari
359 2072 534 2110 curarit.

158 2153 218 2182 12.
278 2141 508 2181 Exhibitus
538 2148 772 2194 praeterea
801 2143 880 2181 fuit
902 2143 1058 2182 diebus
1084 2144 1193 2191 istis,
1217 2144 1373 2195 quibus
1395 2157 1419 2182 a
1449 2144 1603 2183 studiis
1633 2150 1733 2186 ante

99 2214 462 2265 quadragesimae
494 2213 662 2253 initium
693 2214 977 2262 feriabantur,
1015 2213 1215 2266 dialogus
1246 2215 1420 2265 quidam
1444 2217 1490 2253 P.
1515 2215 1669 2263 Frusii,
1692 2216 1734 2256 in

98 2298 184 2337 quo
224 2285 535 2324 bacchicorum
570 2285 851 2324 incommoda
885 2286 1099 2324 festorum
1138 2286 1254 2324 facili
1294 2286 1485 2325 carmine
1520 2286 1731 2338 depingit.

97 2358 215 2396 Intra
252 2357 448 2407 priuatos
480 2357 673 2407 parietes
709 2369 857 2395 coram
892 2357 1114 2408 discipulis
1150 2363 1193 2395 et
1224 2358 1463 2396 amicorum
1500 2358 1731 2404 nonnullis,

98 2442 185 2467 non
206 2429 299 2467 sine
329 2429 498 2479 lepore,
533 2427 733 2466 oratione
755 2427 797 2465 in
828 2427 1125 2467 detestatione
1157 2429 1540 2468 bacchanaliorum
1562 2431 1733 2481 perpul-

101 2502 205 2539 chra
230 2500 471 2550 praemissa
489 2500 524 2546 b,
549 2499 759 2537 recitatus
783 2500 876 2538 suit.
902 2500 1040 2538 Affuit
1070 2506 1218 2538 autem
1247 2501 1360 2538 inter
1383 2501 1492 2539 alios
1516 2506 1560 2538 et
1582 2502 1733 2545 consul

100 2571 303 2618 ciuitatis,
327 2571 400 2620 qui
421 2583 499 2609 sua
519 2572 602 2609 hac
621 2572 872 2621 praesentia
893 2584 978 2621 quo
1003 2584 1108 2623 erga
1134 2585 1215 2610 nos
1239 2578 1282 2610 et
1303 2572 1563 2623 religionem
1586 2574 1733 2610 catho-

99 2643 227 2681 licam
257 2643 311 2681 sit
341 2641 502 2689 animo,
535 2643 639 2681 satis
668 2640 924 2690 declarauit3
957 2643 1154 2694 quamuis
1183 2657 1270 2682 non
1301 2643 1514 2682 minorem
1537 2643 1733 2683 eiusdem

98 2713 373 2766 integerrimi
393 2713 525 2752 animi
545 2714 612 2752 sui
633 2714 1000 2765 significationem
1022 2714 1148 2753 aliam
1169 2727 1257 2754 non
1278 2716 1338 2754 ita
1357 2715 1526 2766 pridem
1544 2715 1731 2762 dederit,

101 2784 274 2836 quando
297 2785 467 2824 scilicet
496 2797 650 2824 carnes
670 2786 846 2836 publice
868 2784 1046 2823 diuendi
1066 2786 1209 2824 vetuit
1230 2787 1272 2825 in
1300 2786 1451 2839 vigilia
1470 2787 1733 2838 purificatio-

151 2959 170 2978 ὃ
209 2952 238 2988 5
254 2962 322 2988 vv.
341 2952 545 2998 praeced.
568 2955 614 2989 in
633 2963 771 2998 marg.
824 2953 891 2978 —b
938 2953 964 2990 6
981 2964 1046 2990 vv.
1064 2958 1221 2999 praec..
1244 2955 1288 2990 in
1309 2965 1449 2999 marg.
1468 2954 1698 2999 superiori.

149 3119 158 3138 ¹
211 3118 258 3155 Ρ.
280 3118 539 3155 Christianus
559 3117 716 3156 Rivius.
739 3117 1098 3163 BRAUNSBERGER,
1119 3119 1194 3156 loc.
1216 3120 1299 3161 cit.‚
1319 3119 1421 3161 304⁶,
1441 3119 1524 3157 317.
