2038 3400
626 624 1136 720 wlffino

149 962 212 998 De
240 960 483 997 litterarum
507 959 901 1009 Quadrimestrium
931 966 1099 1006 natura,
1133 961 1314 998 materia
1344 967 1386 999 et
1418 960 1519 1008 fine,
1553 961 1696 1012 deque

68 1044 218 1070 earum
239 1031 440 1078 utilitate,
461 1031 648 1069 diximus
668 1032 710 1069 in
732 1032 1003 1082 praefatione
1026 1031 1079 1069 ad
1098 1033 1184 1069 vol.
1205 1033 1241 1070 V
1263 1033 1416 1070 harum
1436 1033 1694 1081 litterarum,

70 1116 214 1153 neque
239 1116 347 1152 opus
370 1103 450 1140 erit
473 1114 526 1140 ea
545 1102 615 1140 hic
637 1102 782 1140 denuo
805 1108 1026 1152 repetere.
1047 1105 1111 1141 De
1135 1103 1338 1141 editionis
1356 1117 1463 1141 vero
1486 1104 1697 1142 methodo

69 1186 209 1224 pauca
238 1173 464 1220 addemus,
497 1179 673 1224 praeter
704 1187 755 1211 ea
785 1186 896 1224 quae
924 1174 1086 1212 ibidem
1107 1188 1205 1225 pag.
1229 1176 1307 1212 XX
1329 1188 1420 1225 sqq.
1445 1174 1560 1213 dicta
1583 1183 1697 1214 sunt.

34 1237 37 1242 ¹
149 1245 206 1283 Ut
236 1243 443 1283 brevitati
471 1245 815 1292 consuleremus,
851 1245 1073 1283 omisimus
1102 1257 1233 1296 saepe
1261 1246 1382 1283 initio
1417 1247 1698 1297 epistolarum

69 1316 301 1354 exordium
321 1317 374 1354 ab
397 1317 649 1354 auctoribus
671 1317 895 1366 scriptum;
920 1321 964 1353 et
985 1317 1027 1354 in
1048 1317 1142 1367 ipso
1164 1322 1290 1354 textu
1313 1317 1467 1367 aliqua,
1491 1332 1601 1368 quae
1626 1320 1700 1356 ini-

69 1401 151 1425 nus
173 1388 294 1425 utilia
322 1388 416 1425 visa
447 1393 560 1434 sunt,
594 1399 891 1438 summamque
922 1400 1067 1425 rerum
1100 1388 1356 1426 omissarum
1386 1389 1557 1436 litteriS,
1588 1403 1698 1440 quae

70 1457 241 1496 italicae
264 1457 480 1505 dicuntur,
504 1459 616 1496 inter
638 1459 927 1509 parentheses
949 1460 1184 1509 quadratos
1207 1461 1452 1499 clausimus.

150 1531 258 1569 Cum
282 1542 435 1567 omnes
456 1529 548 1568 fere
573 1529 785 1580 epistolae
809 1531 855 1568 P.
881 1530 1045 1578 Lainio,
1064 1532 1315 1581 praeposito
1334 1533 1529 1582 generali
1551 1532 1701 1570 Socie-

70 1602 187 1648 tatis,
221 1601 455 1652 inscriptae
487 1600 585 1648 sint,
618 1602 694 1639 has
724 1602 1032 1652 inscriptiones
1062 1601 1103 1639 in
1134 1603 1218 1640 fine
1248 1604 1531 1653 epistolarum
1560 1604 1702 1642 omisi-

73 1686 182 1719 mus,
209 1685 370 1723 easque
394 1674 531 1710 solum
556 1673 879 1722 exscripsimUS,
903 1673 1076 1724 quando
1099 1675 1226 1712 alicui
1253 1675 1337 1721 alii,
1362 1689 1403 1713 v.
1430 1688 1466 1713 c.
1492 1677 1700 1723 Polanco,

71 1745 246 1782 litterae
286 1745 594 1782 inscribuntur.
633 1745 783 1794 Itaque
820 1743 991 1794 quando
1032 1746 1074 1783 in
1108 1746 1193 1782 fine
1231 1745 1511 1795 epistolarum
1546 1747 1703 1784 nullius

72 1815 368 1865 inscriptionis
390 1815 553 1853 mentio
576 1815 638 1861 fit,
663 1828 835 1865 semper
856 1815 1041 1866 intelligi
1059 1815 1191 1853 debet
1211 1816 1439 1867 epistolam
1462 1818 1509 1855 P.
1534 1817 1701 1864 Lainio,

73 1892 148 1924 aut
168 1887 420 1937 praeposito
443 1884 639 1937 generali
660 1887 907 1936 inscriptam
932 1899 1045 1924 esse.

154 1959 210 1996 Ut
229 1957 317 2006 jam
339 1958 380 1995 in
402 1958 489 1995 vol.
514 1957 799 2007 praecedenti
819 1957 1016 2004 fecimus,
1051 1959 1296 1996 curavimus
1326 1959 1379 1996 ad
1416 1960 1579 1997 calcem
1617 1960 1704 2009 epi-

73 2030 282 2067 stolarum
305 2029 446 2078 aliqua
463 2028 517 2066 de
541 2041 688 2066 earum
711 2029 964 2066 auctoribus
986 2041 1225 2079 apponere3
1248 2043 1332 2067 non
1353 2042 1406 2068 eo
1424 2030 1598 2080 quidem
1618 2031 1704 2068 ani-

73 2114 160 2147 mo,
185 2106 231 2137 ut
253 2100 387 2137 totius
409 2100 527 2137 vitae
551 2101 810 2138 curriculum
833 2100 1025 2138 auctoris
1046 2100 1351 2148 indicaremus,
1382 2102 1460 2139 sed
1491 2108 1537 2139 ut
1567 2115 1706 2152 pauca

74 2177 257 2217 tantum,
292 2171 384 2208 sive
417 2184 470 2208 ex
503 2171 817 2221 antiquioribus
850 2172 1076 2221 catalogis,
1111 2173 1203 2209 sive
1234 2185 1287 2210 ex
1311 2173 1596 2223 scriptoribus
1618 2174 1705 2211 col-

76 2243 328 2293 ligeremus,
353 2241 468 2279 unde
497 2243 689 2279 auctoris
717 2246 852 2289 aetas,
887 2243 1123 2281 Societatis
1155 2250 1341 2294 tempus,
1373 2245 1544 2282 indoles
1576 2246 1706 2283 etiam

79 2315 222 2363 aliquo
255 2314 385 2351 niodo
417 2314 733 2359 innotesceret3
764 2315 1007 2364 pleniorem
1035 2316 1225 2353 auctoris
1252 2317 1450 2354 notitiam
1473 2317 1706 2367 bibliogra-

75 2386 219 2435 phiam
242 2385 466 2435 scripturis
488 2385 800 2435 relinquentes.
826 2386 888 2423 Ea
908 2392 1052 2424 tamen
1080 2399 1189 2437 quae
1223 2388 1493 2438 apponimus,
1528 2389 1706 2427 confidi-

79 2470 174 2494 mus
204 2457 313 2502 fore,
348 2462 393 2493 ut
423 2469 510 2493 non
541 2458 710 2507 ingrata
740 2458 824 2494 sint
845 2458 1099 2504 lectoribus,
1123 2471 1266 2509 neque
1287 2461 1544 2509 plerumque
1566 2461 1617 2498 iis
1635 2460 1707 2509 qui

80 2528 442 2578 bibliographiam
467 2528 667 2578 scripturi
690 2533 803 2574 sunt,
828 2529 1007 2566 inutilia.

158 2600 306 2649 Usque
328 2598 381 2636 ad
404 2598 594 2636 medium
616 2611 772 2636 annum
799 2600 916 2647 1560,
941 2600 1114 2649 quando
1138 2601 1325 2648 LainiuS,
1359 2602 1550 2640 Polanco
1575 2603 1706 2640 comi-

79 2676 124 2708 te
145 2670 187 2707 in
208 2669 407 2715 Galliam,
432 2674 530 2718 post
553 2669 808 2707 Tridentum
830 2671 967 2716 venit,
991 2671 1164 2709 litterae
1186 2671 1530 2722 quadrimestres
1548 2686 1601 2710 ex
1624 2674 1706 2711 sin-

80 2741 193 2791 gulis
215 2739 444 2778 domiciliis
467 2741 700 2778 Societatis
724 2742 902 2778 Romam
926 2740 1225 2789 mittebantur,
1250 2746 1295 2779 ut
1317 2742 1417 2780 inde
1439 2744 1704 2794 apographa,

77 2814 174 2862 plus
195 2812 335 2849 minus
358 2811 605 2858 emendata,
629 2812 670 2849 in
692 2812 938 2862 provincias
969 2814 1313 2851 remitterentur.
1348 2814 1472 2862 „Quae
1505 2815 1707 2853 emenda-

75 2884 221 2921 tiones
250 2884 506 2932 plerumque
537 2896 562 2920 a
590 2884 779 2921 Polanco
808 2885 986 2931 fiebant,
1011 2890 1099 2922 tum
1124 2891 1168 2922 ut
1191 2886 1312 2923 stilus
1336 2887 1581 2937 elegantior
1605 2899 1705 2925 eva-

79 2954 222 3000 deret,
256 2959 344 2991 tum
382 2958 427 2990 ut
458 2953 599 3003 aliqua
628 2954 808 3002 inutilia,
841 2957 912 2993 vel
942 2955 1057 2994 forte
1090 2957 1228 2994 minus
1260 2957 1498 3007 prudenter
1530 2959 1705 3007 scripta,

78 3031 399 3064 resecarentur.
425 3024 744 3076 Nonnunquam
768 3027 897 3064 etiam
918 3028 1231 3066 omittebantur
1253 3030 1291 3066 in
1316 3029 1503 3066 romanis
1526 3042 1706 3079 apogra-

1215 3178 1224 3196 ἱ
