2038 3400
341 244 412 282 820
824 243 1043 280 LITTERAE
1069 242 1426 288 QUADRIMESTRES

296 351 508 388 exhibere
543 350 660 388 licet.
683 349 794 387 Nam
815 361 903 386 non
924 348 984 385 ita
1002 347 1172 398 pridem
1199 347 1321 385 venit
1351 346 1405 384 ad
1434 345 1650 397 quendam
1675 358 1729 383 ex
1763 350 1925 384 nostris

296 423 449 460 mulier
471 435 495 460 a
516 422 671 473 viginti
692 421 813 459 annis
834 433 923 458 non
945 419 1149 457 confessa
1171 419 1227 457 ob
1254 418 1443 457 inmania
1471 418 1686 469 quaedam
1708 418 1922 464 schelera,

294 507 407 545 quae
428 495 656 545 propalare
676 507 764 531 non
786 492 990 539 audebat,
1015 491 1229 542 siquidem
1251 496 1425 541 praeter
1446 491 1528 529 alia
1548 490 1770 540 proprjum
1790 490 1924 528 filium

297 566 537 605 occiderat.
570 567 698 604 Nunc
727 578 835 603 vero
868 578 922 602 ex
944 563 1095 602 intimo
1128 563 1263 601 corde
1286 576 1383 601 cum
1415 563 1602 600 maxima
1622 562 1925 601 lachrimarum

296 639 499 677 vbertate
522 638 776 689 generalem
796 637 904 674 fecit
926 635 1269 682 confessionem,
1294 648 1345 673 ac
1366 635 1585 672 salubrem
1615 634 1804 673 libenter
1825 647 1925 685 qua-

295 710 541 760 lencunque
574 708 921 747 satisfactionem
943 706 1206 758 explendam
1228 706 1436 757 suscepit.
1462 707 1517 744 M.
1542 706 1798 743 Franciscus
1820 707 1925 745 Cos-

296 788 418 820 terus
440 782 482 819 in
503 782 696 819 lectione
730 792 854 817 sacra
885 778 1015 816 etiam
1053 778 1217 829 optime
1249 791 1326 815 suo
1359 791 1539 816 munere
1575 777 1783 828 fungitur.
1816 778 1924 814 Tan—

295 858 365 891 tus
388 853 549 903 ubique
571 853 698 890 huius
721 851 899 901 collegii
919 851 1052 901 longe
1075 849 1251 899 lateque
1276 848 1384 887 odor
1406 848 1678 895 diffunditur,
1698 854 1745 886 vt
1767 853 1854 886 tam
1871 860 1925 886 ex

295 926 526 977 superiori,
550 937 680 976 quam
702 922 897 961 inferiori
920 922 1157 961 Germania
1177 917 1369 972 vndiq'ue
1391 920 1445 958 ad
1466 934 1546 959 nos
1578 921 1815 968 confluant,
1839 933 1924 971 quo

294 998 420 1036 simul
441 996 590 1035 literas
613 1009 711 1034 cum
741 995 908 1046 pietate
936 993 1166 1042 jmbibant.
1199 993 1296 1031 Nee
1316 1000 1335 1018 a
1355 993 1413 1031 illi
1436 1005 1527 1040 sua,
1559 1006 1703 1043 neque
1725 1005 1806 1030 nos
1827 1005 1926 1030 nos-

294 1075 361 1108 tra
382 1083 459 1121 spe
480 1070 681 1108 fallimur.
710 1066 884 1105 Plurimi
907 1067 1123 1105 ecclesiae
1145 1065 1327 1116 praelati
1349 1065 1450 1103 dum
1467 1071 1666 1104 nostrum
1683 1064 1926 1103 studiorum

296 1143 494 1181 ordinem
516 1139 885 1187 animaduertunt‚
912 1140 1113 1178 certatim
1143 1138 1303 1177 fratres
1324 1139 1396 1176 vel
1427 1143 1616 1189 nepotes
1647 1150 1750 1176 suos
1771 1138 1825 1176 ad
1845 1150 1926 1176 nos

294 1213 515 1252 destinant
535 1214 570 1251 b.

348 1298 385 1335 3.
446 1285 514 1323 Ad
548 1285 654 1323 alias
683 1283 806 1322 binas
837 1284 972 1322 aedes
1001 1283 1218 1331 venimus,
1252 1295 1358 1333 quas
1394 1282 1678 1320 conuictores
1708 1293 1805 1319 curn
1836 1281 1925 1332 qui-

294 1358 475 1396 busdam
495 1357 848 1408 preceptoribus,
881 1356 953 1407 qui
983 1355 1239 1406 diligentem
1270 1355 1477 1405 ipsorum·
1494 1366 1641 1392 curam
1668 1358 1842 1404 gerunt,
1866 1353 1926 1390 in-

294 1431 459 1469 colunt.
484 1431 602 1468 Inter
624 1430 705 1467 hos
726 1428 896 1479 plurimi
919 1433 1019 1466 sunt
1040 1426 1410 1466 nobilissimorum
1442 1426 1635 1464 virorum
1655 1425 1747 1474 filij,
1771 1425 1926 1475 quibus

294 1502 416 1540 hisce
439 1501 594 1539 diebus
617 1501 702 1538 duo
723 1513 777 1538 ex
798 1500 979 1538 Francia
994 1512 1098 1550 prae
1117 1499 1310 1537 coeteris
1327 1498 1585 1536 nobilissimi
1602 1497 1795 1535 adiuncti
1811 1502 1924 1534 sunt.

295 1574 350 1611 Hi
374 1586 526 1611 omnes
558 1585 656 1610 cum
686 1572 892 1610 fratribus
922 1571 1086 1609 nostris
1116 1569 1372 1621 vespertino
1407 1575 1451 1608 et
1480 1569 1693 1607 matutino
1724 1573 1926 1618 tempore

296 1645 567 1683 orationibus
606 1644 877 1682 incumbunt.
917 1644 1147 1692 Nunquam
1183 1642 1292 1680 citra
1325 1646 1637 1692 preceptorum
1672 1640 1926 1678 facultatem

296 1717 486 1767 collegio
511 1715 814 1767 egrediuntur,
846 1715 929 1753 nisi
958 1714 1077 1765 quod
1098 1714 1252 1761 semel,
1276 1713 1349 1751 vbi
1370 1725 1473 1750 aura
1494 1712 1626 1750 fuerit
1647 1711 1849 1763 propitia,
1873 1711 1927 1749 ad

295 1802 473 1840 campos
504 1787 683 1826 ludendi
714 1787 856 1838 gratia
882 1785 1240 1837 progrediuntur.
1275 1786 1463 1824 Maxima
1492 1797 1590 1836 pars
1622 1783 1803 1834 singulis
1833 1783 1926 1821 fere

295 1860 549 1911 septimanis
584 1860 836 1906 confitetur,
863 1864 907 1897 et
930 1857 1224 1897 communicat
1255 1858 1324 1896 die
1357 1857 1603 1904 Dominico‚
1628 1856 1714 1905 alij,
1740 1860 1786 1894 vt
1808 1855 1928 1893 mini-

295 1947 427 1980 mum,
453 1932 626 1971 decimo
650 1931 801 1982 quinto
824 1944 999 1982 quoque
1022 1930 1093 1968 die
1116 1937 1133 1955 e
1153 1942 1303 1981 parem
1325 1930 1367 1967 in
1391 1928 1645 1968 confitendo
1670 1933 1714 1966 et
1737 1940 1927 1965 commu-

294 2004 480 2043 nicando
510 2003 720 2055 pietatem
743 2003 970 2041 exhibent.
996 2000 1198 2040 Modeste
1216 2014 1267 2039 ac
1287 2001 1469 2051 pacifice
1492 1999 1727 2038 admodum
1745 1998 1858 2037 inter
1880 2010 1927 2035 se

295 2076 463 2123 viuunt,
488 2081 535 2114 vt
556 2076 629 2126 qui
650 2088 737 2113 non
758 2079 915 2112 noscet
939 2087 1016 2111 eos
1034 2073 1426 2112 diuersissimarum
1446 2084 1544 2110 esse
1567 2072 1806 2117 nationum,
1831 2082 1927 2121 ger-

296 2161 447 2186 manos
481 2147 640 2185 fratres
663 2158 762 2184 esse
784 2145 1015 2193 iudicaret;
1039 2151 1185 2183 tantus
1208 2150 1275 2182 est
1299 2157 1451 2182 eorum
1468 2156 1589 2181 amor
1612 2148 1657 2181 et
1678 2141 1929 2180 reuerentia

298 2232 403 2271 erga
424 2224 729 2270 preceptore5‚
765 2223 809 2255 vt
831 2217 913 2255 illis
943 2216 1177 2255 videantur
1207 2217 1324 2254 votis
1347 2215 1547 2254 obstricti
1580 2227 1695 2253 esse.
1721 2215 1929 2252 Extranei

296 2291 492 2328 similiter
514 2303 612 2328 cum
634 2290 842 2327 intraneis
864 2289 1041 2340 pietatis
1072 2288 1217 2327 studio
1250 2293 1525 2334 concertant3
1548 2300 1647 2325 nam
1678 2290 1722 2324 et
1743 2286 1801 2324 illi
1824 2298 1928 2335 quo—

296 2362 402 2400 tidie
425 2375 522 2400 cum
545 2362 723 2413 reliquis
754 2362 922 2399 deuote
953 2373 1123 2399 sacrum
1153 2360 1349 2407 audiunt,
1382 2365 1635 2398 nostrorum
1667 2358 1929 2396 modestiam

296 2447 348 2473 ac
368 2448 538 2472 morum
562 2434 816 2472 comitatem
839 2433 1080 2483 suspiciunt
1102 2445 1152 2471 ac
1182 2431 1420 2470 imitantur.
1456 2431 1578 2469 Multi
1610 2430 1723 2468 enim
1753 2433 1929 2480 praeter

296 2507 489 2557 reliquos
526 2519 579 2543 ex
602 2504 699 2552 illis,
724 2511 906 2543 naturae
942 2504 1120 2542 dotibus
1153 2517 1240 2541 non
1273 2503 1557 2541 mediocriter
1588 2501 1799 2552 insignes,
1831 2513 1929 2551 pro-

296 2578 602 2630 pensissimum
624 2578 788 2615 habent
818 2577 872 2614 ad
902 2577 1176 2615 Societatem
1198 2576 1402 2622 animum,
1426 2587 1611 2625 quorum
1633 2573 1807 2624 quidam
1830 2576 1929 2610 sunt

298 2663 353 2688 ex
374 2650 613 2688 Germania
635 2649 878 2699 superiore,
902 2648 1097 2686 nonnulli
1117 2660 1172 2685 ex
1195 2646 1466 2697 Lotoringia,
1491 2645 1560 2694 alij
1587 2658 1641 2683 ex
1664 2643 1859 2690 Geldria‚
1886 2647 1929 2680 et

298 2721 547 2768 Brabantia,
572 2732 658 2757 non
679 2720 806 2770 pauci
836 2720 908 2770 qui
939 2719 1115 2768 vltronij
1138 2719 1377 2769 impulsore
1400 2717 1563 2768 Spiritu
1590 2716 1753 2754 Sancto
1776 2715 1830 2753 ad
1851 2715 1928 2752 So-

298 2792 471 2831 cietatis
490 2792 739 2841 jnstitutum
770 2792 976 2841 aspirant.
1003 2792 1196 2829 Cauetur
1220 2789 1334 2827 enim
1365 2800 1645 2839 summopere
1676 2799 1731 2825 ne
1759 2786 1853 2838 quis
1875 2786 1928 2823 ad

297 2865 382 2902 hoc
405 2862 787 2902 exhortationibus
809 2863 989 2900 alicuius
1010 2862 1303 2912 pertrahatur.
1338 2861 1435 2899 Hoc
1465 2859 1772 2911 quadrimestri
1803 2857 1927 2896 multi

298 3030 302 3034 ’
342 3016 362 3035 a
406 3015 594 3053 obscure
612 3016 848 3051 exaratum
867 3014 913 3049 in
933 3023 1012 3050 ms.
1068 3013 1133 3037 —b
1157 3011 1346 3048 Obscura
1364 3021 1480 3047 exar.
1503 3011 1550 3046 in
1570 3020 1650 3046 ms.
1705 3016 1768 3034 —0
1788 3008 1925 3045 Prius

294 3075 469 3123 singulis
487 3074 713 3122 quindenis.
