2038 3400
367 258 438 295 600
836 257 1056 295 LITTERAE
1088 257 1441 303 QUADRIMESTRES

318 367 400 408 ter,
440 374 493 399 ex
531 362 768 400 menstruis
804 361 956 407 literis,
981 372 1093 411 quae
1130 360 1169 397 in
1192 360 1257 397 his
1288 361 1532 398 summatim
1563 359 1949 410 quadrimestribus

319 434 762 483 comprehendemus,
806 433 940 470 Paulo
978 433 1178 470 diuersus
1210 431 1249 468 in
1285 430 1541 470 domesticis
1572 431 1704 470 rebus
1727 438 1795 470 est
1824 431 1947 477 ordo,

319 517 445 554 quarn
480 505 575 551 fuit,
616 518 712 543 cum
737 505 958 556 proximas
993 505 1120 542 huius
1156 503 1332 554 generis
1369 503 1516 541 literas
1535 503 1750 550 dedimus,
1773 508 1951 553 propter

318 575 481 614 abitum
504 577 607 614 hinc
626 577 767 623 unius,
794 576 911 627 quod
934 582 976 614 te
1002 589 1055 613 ex
1078 575 1239 612 nostris
1261 575 1357 623 alijs
1379 575 1489 613 scire
1514 575 1786 613 confidimus.

372 658 408 685 2.
470 649 515 685 In
537 648 737 698 publicis,
762 647 803 685 id
827 654 909 691 est,
933 647 973 685 in
998 646 1284 684 concionibus
1307 645 1496 684 eundem
1518 659 1685 684 morem
1709 659 1948 694 seruamus,

317 719 420 756 utin
440 719 766 766 Hermersdori,
793 719 1029 757 commisso
1052 717 1179 756 nobis
1202 717 1378 768 oppido,
1405 730 1530 756 mane
1552 717 1594 755 in
1616 719 1779 769 templo
1798 724 1949 757 nostro

317 803 341 827 a
362 790 542 840 prandio
580 802 724 828 sermo
748 790 837 828 fiat.
879 790 1119 828 Auditores
1158 789 1282 826 uerbi
1319 794 1417 826 sunt
1439 788 1615 839 quidem
1650 790 1763 840 apud
1784 802 1864 828 nos
1885 790 1951 828 his

317 862 357 899 in
380 862 500 907 locis,
538 861 615 900 sed
639 862 840 900 obliuiosi
867 868 893 909 ¹,
921 869 967 900 ut
990 862 1194 900 uerbales
1216 860 1316 909 (nisi
1338 861 1477 912 magis
1500 861 1733 899 conueniat
1756 861 1951 911 uerbosi)

316 933 400 972 dici
422 946 508 971 non
531 934 750 972 immerito
774 935 958 984 possint.
1000 933 1145 972 Credo
1170 938 1316 971 tamen
1337 945 1418 971 nos
1439 933 1510 970 hic
1541 945 1629 970 non
1658 945 1836 983 prorsus
1858 933 1950 971 sine

317 1005 461 1043 fructu
483 1018 677 1052 manere,
705 1005 787 1044 etsi
810 1006 925 1044 hunc
948 1018 1001 1043 ex
1025 1018 1095 1052 eo,
1120 1017 1249 1055 quem
1281 1006 1403 1043 uelut
1424 1005 1647 1055 proprium
1675 1017 1858 1056 gregem
1880 1006 1951 1042 ha-

315 1079 485 1124 bemus,
510 1077 685 1116 minime
709 1079 946 1128 capiamus.
968 1078 1043 1115 Est
1062 1076 1175 1115 enirn
1195 1082 1238 1114 et
1256 1077 1358 1127 ipsis
1375 1076 1640 1125 aduersarijs
1657 1082 1807 1115 nostra
1828 1090 1950 1128 prae-

319 1151 460 1188 sentia
496 1150 823 1201 quodammodo
860 1150 1028 1187 frenum
1065 1149 1227 1187 iudicio
1263 1162 1376 1195 nro.,
1401 1155 1447 1187 ut
1483 1149 1622 1187 minus
1652 1149 1840 1187 fortasse
1876 1162 1950 1187 no-

321 1222 465 1263 ceant3
502 1229 600 1254 nam
625 1217 708 1254 etsi
730 1217 857 1254 nobis
893 1229 979 1254 non
1004 1215 1296 1262 consentiant,
1320 1228 1407 1254 non
1442 1221 1644 1266 putamus
1666 1216 1761 1254 fieri
1796 1222 1842 1253 ut
1865 1216 1952 1254 suis

318 1288 408 1327 sine
446 1289 589 1338 aliqua
609 1289 905 1326 haesitatione
943 1288 1235 1331 subscribant3
1274 1292 1317 1325 et
1352 1287 1557 1325 fratribus
1579 1288 1754 1334 nostris,
1779 1288 1863 1325 hoc
1885 1293 1953 1325 est

317 1360 559 1407 catholicis,
599 1362 816 1401 solatium,
855 1361 927 1411 qui
962 1360 1177 1398 firmiores
1217 1361 1315 1409 (nisi
1355 1360 1438 1398 sint
1477 1361 1549 1410 qui
1580 1360 1800 1411 agitentur
1837 1360 1952 1398 omni

316 1438 451 1470 uento
465 1433 693 1471 doctrinae
711 1434 740 1482 2)
758 1432 866 1470 fiunt
882 1430 924 1469 in
942 1432 1026 1470 fide
1047 1431 1264 1470 catholica
1280 1432 1426 1482 (quam
1443 1430 1513 1469 hic
1530 1432 1751 1482 antiquam
1768 1432 1949 1481 dicunt),

316 1517 428 1556 quae
450 1518 537 1543 non
559 1507 600 1543 in
623 1504 901 1542 sordidorum
930 1504 1154 1542 hominum
1187 1504 1368 1552 somnijs
1404 1504 1618 1551 consistit,
1652 1504 1803 1554 quales
1824 1504 1865 1542 in
1888 1505 1952 1542 his

318 1575 598 1628 deplorandis
621 1576 729 1614 locis
751 1576 912 1626 passim
936 1581 1183 1626 emergunt.
1208 1576 1318 1613 Nam
1334 1581 1642 1625 praeterquam
1665 1575 1782 1626 quod
1803 1576 1844 1613 in
1866 1575 1951 1613 Zit-

314 1649 432 1687 tauia
453 1649 517 1697 (ut
540 1649 696 1697 fertur)
718 1649 812 1686 fere
836 1647 978 1685 nullus
1001 1652 1067 1686 est
1091 1647 1315 1694 sacerdos,
1339 1647 1420 1685 nisi
1442 1660 1466 1685 a
1488 1647 1686 1698 Philippo
1710 1648 1950 1685 Melantho-

315 1732 386 1766 ne,
406 1720 447 1758 in
470 1720 614 1759 uicino
639 1719 830 1770 quodam
854 1732 968 1770 pago
993 1719 1064 1757 ubi
1087 1719 1336 1769 aliquandiu
1359 1719 1573 1770 insignem
1595 1719 1826 1769 quemdam
1848 1720 1950 1758 hae-

316 1792 501 1830 reticum
523 1791 654 1829 audio
677 1791 829 1837 fuisse,
857 1791 897 1828 ei
919 1796 1093 1828 mortuo
1118 1803 1140 1828 e
1163 1790 1397 1840 pellificina
1419 1791 1659 1841 sacrilegus
1680 1791 1773 1829 sine
1798 1790 1950 1829 ordine

317 1868 359 1900 et
382 1862 581 1901 doctrina
602 1862 775 1913 quidam
798 1861 1042 1900 succedere
1066 1874 1197 1900 ausus
1221 1867 1302 1908 est,
1324 1861 1402 1899 sed
1425 1860 1665 1913 sacrilegos
1683 1867 1866 1900 conatus
1885 1874 1950 1900 se-

314 1935 568 1972 renissimus
603 1934 803 1985 princeps
843 1933 1141 1972 Ferdinandus
1163 1932 1364 1980 abscidit,
1404 1945 1457 1971 eo
1481 1940 1499 1958 a
1520 1932 1652 1971 misso
1689 1938 1815 1972 extra
1842 1934 1951 1972 haec

316 2018 452 2057 regna
473 2007 538 2054 (ut
559 2006 758 2057 percepi)
781 2007 820 2043 in
845 2005 1039 2051 exilium,
1064 2005 1168 2043 licet
1190 2005 1285 2055 plus
1307 2005 1573 2051 merebatur,
1598 2004 1676 2043 sed
1705 2005 1953 2055 frequentia

321 2078 547 2116 criminum
570 2077 689 2124 facit,
714 2078 866 2115 nescio
899 2089 984 2128 quo
1003 2082 1149 2128 pacto,
1183 2077 1376 2115 leuiores
1393 2076 1413 2101 b
1442 2088 1623 2127 poenas.
1645 2077 1782 2124 Haec,
1804 2078 1951 2116 obser-

317 2147 461 2187 uande
485 2150 632 2192 Pater,
656 2163 734 2200 pro
773 2148 1052 2187 obseruando
1089 2153 1267 2186 sanctae
1291 2147 1572 2186 obedientiae
1609 2148 1742 2194 iussu,
1781 2148 1950 2199 scripsi-

320 2234 414 2259 mus
450 2234 604 2271 pauca,
643 2222 692 2259 T.
720 2222 764 2259 Ρ.
790 2226 1026 2272 precantes
1060 2219 1297 2263 humiliter,
1334 2224 1379 2256 ut
1400 2220 1554 2267 nostri,
1592 2220 1665 2270 qui
1694 2220 1822 2271 pauci
1844 2225 1888 2258 et
1908 2220 1949 2257 in

320 2293 533 2331 fructibus
554 2292 748 2331 ferendis
772 2292 932 2331 modici
955 2305 1118 2339 sumus,
1143 2303 1311 2329 mernor
1334 2290 1403 2337 sit,
1441 2304 1609 2342 nosque
1645 2291 1796 2330 iubeat
1818 2292 1865 2329 R.
1900 2292 1946 2329 P.

321 2370 365 2402 et
395 2364 602 2402 fratribus
638 2365 679 2402 in
701 2365 835 2402 Chro.
862 2364 1126 2403 charissimis
1163 2363 1362 2401 omnibus
1386 2361 1699 2401 commendari.
1738 2364 1783 2401 In
1806 2362 1949 2412 Oybin

313 2436 450 2487 pridie
476 2436 616 2474 calen.
646 2436 743 2485 Maij
773 2436 884 2484 1560.
908 2436 1115 2487 Indignus
1138 2435 1186 2473 R.
1213 2436 1258 2473 P.
1289 2436 1336 2473 T.
1357 2434 1398 2473 in
1421 2435 1553 2475 Chro.
1578 2435 1705 2473 filius,

1540 2561 1773 2599 HURTADUS
1794 2561 1821 2598 ³.

361 2716 379 2735 ἃ
430 2729 478 2753 eo
499 2720 635 2763 supra
655 2726 765 2752 vers.
791 2715 946 2752 eadem
969 2725 1121 2751 manu.
1178 2715 1242 2741 —b
1264 2714 1361 2752 Non
1382 2718 1567 2762 apparet
1586 2717 1737 2751 utrum
1757 2714 1945 2757 leuiores.

313 2787 372 2812 cm
393 2775 570 2812 leniores
591 2776 807 2821 scriptum
827 2774 891 2811 sit.

361 2963 369 2982 ¹
424 2959 488 2998 Cf.
505 2959 623 3007 JAc.,
645 2958 675 3003 Ι,
695 2957 753 2995 25.

359 3022 372 3042 ²
424 3018 489 3057 Cf.
512 3018 682 3061 Epmzs„
703 3017 779 3060 IV,
804 3018 857 3055 14.

359 3082 371 3102 ¹
425 3079 533 3117 Vide
554 3078 660 3117 Litt.
681 3077 932 3127 Quadrim„
954 3077 1009 3123 V,
1032 3078 1109 3122 170,
1131 3082 1266 3116 annot.
1287 3077 1321 3116 2.
