2038 3400
333 240 402 278 318
798 245 1016 283 LITTERAE
1047 246 1401 292 QUADRIMESTRES

366 346 717 399 Inscriptio.Jhs.
744 348 1100 398 Quadrimestres
1123 350 1298 400 collegii
1320 350 1699 402 ingolstadiensis,

368 418 560 458 Polanci
593 433 745 458 mann.
771 421 1059 461 Emendatae.

365 489 471 528 Alia
504 504 658 529 monn.
687 492 811 530 Fatta
832 505 910 543 per
927 498 1058 532 tutto.

1048 725 1160 777 295

684 860 1150 908 AEGIDIUS
1207 861 1518 908 FABER

756 996 946 1023 MESSANA
976 987 990 1023 1
1019 997 1271 1025 SEPTEMBms
1299 987 1389 1025 1559
1417 990 1440 1024 ¹.

282 1101 315 1138 1.
344 1099 603 1138 Concursus
631 1102 691 1139 ad
716 1104 1008 1141 sacramenta
1040 1101 1342 1153 suscipienda.
1378 1102 1616 1142 Contiones
1646 1102 1694 1141 in
1725 1102 1917 1143 diversis

361 1166 487 1204 locis.
523 1165 773 1206 Doctrinae
809 1167 1092 1207 christianae
1127 1168 1387 1219 explicatio.
1423 1167 1646 1208 Moniales
1676 1169 1916 1220 cujusdam

361 1231 564 1271 coenobii
582 1234 640 1271 ad
657 1245 938 1273 communem
954 1234 1097 1273 vitam
1116 1236 1347 1286 agendam
1365 1232 1688 1274 inflamma—2.
1709 1235 1852 1274 Labor
1868 1235 1914 1274 in

361 1297 493 1336 libris
528 1298 776 1349 prohibitis
797 1298 1091 1351 corrigendis
1114 1300 1453 1351 impensus-3.
1480 1300 1767 1352 Proreginae
1796 1301 1915 1340 bene·

359 1360 572 1400 volentia.
596 1361 837 1401 Auxilium
875 1362 1096 1401 militibus
1119 1363 1165 1401 in
1195 1363 1417 1414 Tripolim
1452 1362 1659 1402 euntibus
1677 1366 1915 1414 praestan-

360 1428 480 1466 dnm.
524 1427 765 1467 Societatis
804 1428 1172 1468 candidati.—4.
1214 1428 1471 1481 Collegium
1510 1429 1558 1468 in
1598 1429 1708 1469 urbe
1744 1430 1913 1469 Politia

360 1493 617 1544 expetitum.

338 1624 370 1651 1.
431 1616 459 1664 ἦ·
483 1614 573 1664 Jhs.
599 1614 746 1653 Maria.
772 1614 832 1652 La
853 1614 993 1665 gratia
1010 1626 1033 1652 e
1055 1626 1164 1665 pace
1187 1613 1230 1652 di
1249 1614 1399 1653 GESV
1419 1614 1562 1654 Cristo
1585 1627 1627 1653 n.
1651 1614 1694 1653 S.
1721 1615 1783 1653 sia
1804 1628 1914 1654 sem-

278 1696 355 1734 pre
397 1696 479 1723 con
516 1698 615 1724 esso
652 1687 739 1724 noi.
778 1687 934 1724 Amen.
973 1685 1176 1726 Volendo
1218 1698 1339 1724 esser
1380 1685 1516 1724 breue
1558 1686 1598 1724 in
1638 1688 1914 1738 ragguagliar

278 1768 302 1793 a
323 1757 374 1795 V.
400 1758 448 1796 R.
474 1756 560 1795 Pflt
581 1758 727 1808 quello
751 1759 849 1797 ch'e
873 1772 1059 1798 occorso
1083 1760 1124 1797 in
1147 1757 1291 1810 questi
1307 1763 1480 1810 quattro
1505 1760 1628 1808 mesi,
1647 1765 1803 1811 questa
1825 1761 1914 1799 uol-

278 1834 321 1866 ta
343 1828 459 1867 delle
482 1829 751 1868 confessioni
774 1843 796 1867 e
820 1832 1072 1870 comonioni
1100 1844 1187 1869 non
1210 1830 1302 1870 diro
1326 1831 1453 1878 altro,
1480 1843 1502 1869 e
1526 1833 1616 1869 cosi
1639 1831 1709 1869 del
1733 1844 1913 1870 concor-

277 1911 325 1937 So
349 1900 431 1938 che
453 1913 530 1951 per
553 1900 727 1940 diuerse
752 1902 925 1952 cagioni
946 1902 1135 1941 hauemo
1158 1903 1199 1940 in
1221 1908 1380 1953 questo
1404 1901 1612 1953 collegio;
1635 1915 1683 1940 se
1713 1916 1800 1941 non
1831 1904 1912 1942 che

277 1971 400 2022 quasi
420 1984 498 2022 per
521 1971 739 2011 ordinario
772 1973 811 2011 16
847 1973 961 2011 feste
999 1974 1033 2012 si
1068 1974 1263 2012 ministra
1296 1974 1324 2012 il
1360 1973 1605 2012 santissimo
1638 1981 1911 2014 sacramento

277 2043 519 2082 dell'altare
541 2057 565 2082 a
585 2054 663 2091 300
685 2057 708 2082 6
729 2055 808 2093 400
828 2057 1019 2096 persone
1041 2052 1107 2083 tra
1128 2045 1323 2084 huomini
1342 2058 1365 2083 e
1383 2045 1528 2084 donne
1551 2046 1593 2084 di
1615 2045 1775 2084 diuersi
1812 2046 1912 2084 stati

279 2127 301 2152 6
324 2115 580 2163 conditioni,
606 2121 672 2154 tra
693 2116 720 2154 li
741 2116 855 2166 quali
876 2130 963 2155 non
985 2117 1115 2167 pochi
1138 2129 1247 2155 sono
1271 2116 1373 2155 delli
1394 2116 1633 2168 principali.
1674 2119 1732 2155 Le
1772 2116 1911 2168 predi-

277 2188 433 2226 cationi
470 2187 732 2226 similmente
763 2200 840 2238 per
875 2189 1016 2239 gratia
1045 2188 1116 2226 del
1152 2188 1340 2240 Signore
1376 2189 1410 2227 si
1445 2189 1575 2227 fanno
1608 2189 1794 2228 tuttauia
1829 2201 1911 2227 con

276 2259 475 2309 maggior
497 2258 648 2306 frutto,
672 2260 835 2309 perche
860 2259 972 2297 oltra
993 2259 1032 2298 le
1057 2259 1274 2298 ordinarie
1296 2260 1411 2298 nella
1431 2266 1581 2298 nostra
1616 2259 1764 2298 chiesa
1796 2265 1910 2297 tutte

276 2331 316 2367 le
339 2329 468 2377 feste,
495 2343 517 2368 e
540 2331 579 2368 le
601 2331 773 2368 lettioni
797 2330 913 2369 delle
935 2331 1094 2382 pistole
1116 2329 1159 2369 di
1180 2331 1225 2369 S.
1251 2331 1385 2369 Paolo
1408 2331 1478 2368 alli
1502 2331 1670 2370 Corinti
1691 2331 1805 2369 nella
1826 2342 1911 2368 ma-

275 2400 352 2438 dre
376 2401 538 2448 chiesa,
559 2406 601 2439 et
623 2413 733 2440 anco
755 2402 870 2440 nella
887 2407 1037 2440 nostra
1057 2402 1159 2440 tutti
1180 2401 1208 2439 li
1226 2401 1425 2449 venerdi;
1444 2402 1512 2440 c'e
1535 2402 1574 2440 la
1596 2403 1779 2441 lettione
1797 2402 1911 2441 della

273 2587 316 2623 lii
337 2586 427 2623 1559
445 2586 539 2623 data
558 2586 614 2629 (in
633 2587 718 2624 cod.
739 2587 878 2625 Germ.
901 2587 989 2632 131,
1012 2586 1036 2624 f.
1061 2586 1142 2632 132)
1161 2587 1262 2624 haec
1278 2587 1384 2624 inter
1402 2587 1483 2623 alia
1502 2586 1654 2624 scribit:
1678 2586 1808 2633 «Mgr.
1828 2586 1909 2624 Do-

275 2646 444 2684 minicus
464 2646 628 2693 Mengis
649 2649 747 2691 (sic)
766 2660 892 2685 annos
909 2646 956 2685 ‘29
974 2652 1093 2684 natus
1111 2648 1151 2683 in
1171 2646 1377 2684 Societate
1398 2646 1497 2683 vixit
1516 2646 1550 2683 9.
1572 2645 1736 2684 studuit
1755 2646 1841 2694 ipse
1869 2647 1908 2684 in

273 2707 438 2744 saeculo
464 2708 772 2752 grammaticae.
801 2707 845 2745 In
873 2707 1080 2745 Societate
1108 2707 1147 2744 in
1176 2720 1223 2744 eo
1249 2707 1380 2743 studio
1401 2705 1593 2743 Viennae
1622 2708 1813 2752 perrexit,
1842 2707 1907 2744 ubi

272 2773 313 2804 et
342 2765 497 2803 audiuit
529 2766 730 2803 rhetorica
762 2773 801 2805 et
832 2768 1113 2815 compendium
1142 2766 1300 2813 logicae
1330 2772 1369 2803 et
1396 2767 1602 2814 physicae,
1631 2772 1672 2804 et
1698 2767 1849 2815 aliquid
1869 2767 1907 2804 in

273 2826 491 2873 theologia.
514 2825 662 2862 Docuit
682 2826 734 2863 ibi
754 2839 901 2874 pueros
919 2828 1230 2874 grammaticam
1252 2832 1290 2863 et
1318 2827 1478 2863 litteras
1505 2827 1766 2863 humaniores
1796 2826 1908 2864 circi·

273 2893 334 2922 ter
352 2887 375 2921 5
393 2898 587 2922 annos...»
610 2884 674 2923 Cf.
695 2886 748 2922 sis
778 2886 1137 2929 BRAUNSBERGER,
1160 2887 1184 2923 l.
1206 2899 1255 2930 6.,
1274 2886 1358 2922 830.

322 2948 328 2965 ¹
384 2944 447 2982 Ex
465 2945 654 2992 originali
675 2946 713 2982 in
733 2947 819 2989 cod,
842 2946 911 2983 Sic
930 2946 1019 2991 181,
1040 2946 1082 2990 ft,
1108 2946 1184 2991 129,
1210 2946 1288 2992 13Ο;
1310 2946 1418 2992 prius
1437 2945 1520 2991 523,
1540 2945 1622 2984 524.
1651 2946 1906 2983 Praecedunt

273 3007 348 3043 tria
377 3006 562 3053 exempla
590 3005 729 3050 latina,
758 3005 800 3043 ff.
830 3006 1006 3051 124-128,
1037 3007 1209 3053 primum
1240 3007 1396 3042 Romae
1426 3006 1699 3048 emendatum,
1728 3006 1806 3042 duo
1825 3007 1905 3043 alia

273 3066 494 3103 secundum
513 3066 786 3103 correctiones
806 3066 1022 3113 exscripta.
