2038 3400
339 237 409 275 304
813 238 1418 285 LerERAEIQUADmMEsTREs

292 339 338 378 ri
357 352 445 378 non
467 339 620 378 debere
641 338 887 378 monuisset
910 341 935 377 ¹.
960 340 1201 390 Elegerunt
1232 339 1387 390 singuli
1408 340 1567 378 fratres
1589 353 1721 378 unum
1754 343 1827 377 aut
1861 339 1918 376 al-

291 415 433 448 terum
458 424 512 448 ex
535 409 757 461 discipulis
780 411 1031 458 maioribus,
1066 411 1136 448 uel
1173 410 1303 448 etiam
1326 410 1420 458 alijs
1444 411 1654 458 externis,
1676 412 1695 429 a
1716 423 1826 461 quos
1846 423 1919 461 pe-

292 483 440 520 culiari
463 481 688 533 diligentia
709 483 751 520 in
774 482 1128 529 conuersatione,
1153 483 1223 519 uel
1248 481 1446 519 oratione
1463 483 1632 529 saltem,
1654 482 1840 521 Domino
1859 483 1919 519 lu-

291 553 530 601 crifaciant,
556 554 678 592 cuius
708 553 948 592 industriae
970 554 1157 592 fructum
1186 554 1269 591 iam
1292 552 1480 603 aliquem
1502 553 1701 591 uidimus.
1737 553 1918 592 Vnicum

290 626 438 663 italum
461 626 681 673 iuuenem,
704 626 868 663 bonum
892 629 935 663 et
957 625 1223 663 laboriosum
1253 625 1296 662 in
1323 624 1595 662 Societatem
1631 625 1916 675 suscepimus,

289 698 361 748 qui
400 697 526 735 nobis
560 697 603 735 in
643 697 788 735 multis
823 698 954 735 rebus
990 697 1244 735 domesticis
1284 695 1400 734 utilis
1437 708 1535 734 esse
1569 696 1746 746 poterit.
1786 696 1918 745 Quin-

288 781 373 818 que
394 769 413 793 ἲ)
437 781 490 807 ex
512 769 717 807 fratribus
739 769 940 806 fecerunt
963 768 1176 806 exercitia
1197 767 1449 818 spiritualia,
1473 780 1551 818 per
1567 780 1680 818 quae
1697 767 1783 805 duo
1806 767 1918 818 ipso-

287 853 380 878 rum
404 853 428 878 a
449 840 655 891 grauibus
678 840 994 877 tentationibus
1016 840 1235 877 foeliciter
1258 845 1356 877 sunt
1387 839 1572 886 liberati,
1599 845 1642 877 et
1669 840 1711 877 in
1746 851 1823 877 sua
1843 851 1918 877 uo-

287 911 461 950 catione
503 924 656 950 omnes
690 912 805 949 bene
840 911 1023 960 fundatj.
1065 910 1396 962 [Exigztitatem
1423 910 1614 961 fructus
1648 912 1846 958 excusat,
1879 912 1918 950 et

283 986 438 1034 preces
463 984 700 1033 postulem]
726 981 998 1021 Salm‘amns
1019 982 1156 1021 etiam
1178 983 1226 1020 R
1250 983 1300 1020 P.
1326 981 1596 1029 assistentes,
1620 984 1660 1021 et
1682 981 1729 1021 in
1751 982 1918 1033 primis

289 1057 568 1094 aduocatum
602 1056 812 1093 nostrum
842 1054 895 1092 R.
934 1054 1119 1092 Patrem
1150 1054 1362 1093 Natalem
1399 1058 1411 1077 ‘²
1445 1056 1485 1093 et
1519 1054 1571 1092 R.
1605 1054 1653 1092 P.
1692 1052 1917 1093 Sebastia-

284 1140 395 1166 num
424 1132 437 1151 ³
460 1140 562 1166 cum
584 1128 676 1165 toto
700 1139 783 1165 suo
814 1126 1024 1178 collegio.
1052 1127 1217 1177 pragae
1241 1125 1352 1177 apud
1375 1126 1419 1164 S.
1445 1127 1721 1165 Clementem
1751 1136 1802 1172 30
1832 1125 1916 1163 Au-

284 1200 397 1250 gusti
425 1208 539 1248 1559.

361 1272 425 1309 Ex
449 1271 759 1310 commissione
782 1271 830 1310 R.
856 1272 900 1309 P.
923 1271 1124 1308 rectoris.

362 1344 412 1381 V.
440 1343 485 1381 R.
512 1344 558 1381 P.
584 1342 785 1380 minimus
809 1347 853 1379 et
875 1340 1078 1392 indignus
1099 1341 1212 1378 filius
1234 1340 1275 1378 in
1293 1341 1485 1388 Christo,

1270 1429 1518 1468 STEPHANUS
1550 1430 1747 1468 LissERms
1776 1431 1804 1468 ⁴.

361 1555 555 1595 Potamoi
575 1568 732 1594 manu.
766 1554 1025 1593 Emendata.
1064 1554 1172 1593 Alia
1203 1567 1360 1593 manu.
1400 1555 1525 1592 Fatta
1558 1567 1636 1605 per
1668 1555 1843 1605 Spagna
1870 1566 1911 1603 4;

278 1627 400 1667 Italia
421 1638 461 1675 23
485 1627 641 1678 Napoli
666 1631 710 1665 et
731 1627 879 1665 Sicilia
905 1638 940 1675 13
964 1626 1147 1665 Francia
1172 1637 1205 1664 1.

325 1815 344 1834 a
396 1813 582 1852 Emend.
605 1824 655 1850 ex
674 1813 891 1849 extraneis.
947 1813 1012 1836 —b
1040 1811 1188 1848 Pt'czec.
1209 1811 1323 1847 verb.
1347 1812 1392 1847 in
1413 1822 1550 1856 marg.
1573 1811 1727 1848 eadem
1758 1823 1914 1857 mamm

278 1875 417 1912 deleto
436 1876 483 1911 in
503 1876 620 1910 textu
640 1872 741 1915 alio,
762 1872 879 1919 quod
898 1871 983 1917 legi
1001 1882 1087 1908 non
1105 1872 1256 1917 potest.

325 2045 334 2063 ¹
388 2043 504 2080 Haec
524 2040 685 2088 pietatis
705 2038 901 2076 exercitia
919 2038 1115 2085 imperata
1135 2037 1217 2074 illis
1237 2041 1353 2074 erant
1373 2050 1443 2084 pro
1461 2037 1569 2074 felici
1597 2038 1707 2074 exitu
1734 2040 1909 2077 comitio-

276 2117 364 2140 rum
387 2106 722 2149 augustanorum.

324 2164 335 2183 '2
388 2163 430 2199 P.
452 2161 727 2208 Hieronymus
746 2158 906 2196 Natalis
925 2156 1092 2204 (Nadal)
1114 2170 1283 2194 munere
1303 2157 1532 2194 assistentis
1558 2157 1808 2204 fungebatur
1839 2172 1909 2206 pro

276 2222 515 2262 Germania.

323 2284 335 2303 ³
387 2281 432 2318 Ρ.
453 2280 721 2317 Sebastianus
741 2278 899 2322 Romei,
921 2276 1086 2324 collegii
1105 2276 1329 2324 germanici
1349 2277 1389 2313 in
1409 2276 1523 2314 Urbe
1542 2282 1685 2314 rector.

321 2344 334 2361 ⁴
388 2341 449 2378 De
469 2353 547 2387 quo
568 2339 611 2376 P.
633 2338 845 2381 Hostaeus‚
867 2343 1012 2381 rector.
1034 2338 1135 2374 haec
1154 2337 1218 2373 die
1237 2336 1282 2373 30
1302 2336 1483 2383 Augusti
1503 2337 1621 2383 huius
1647 2337 1742 2373 anni
1761 2337 1909 2375 scribe·

275 2405 356 2440 bat:
389 2401 656 2448 «Stephanus.
687 2398 783 2435 Fuit
814 2399 854 2434 in
884 2397 1090 2435 Societate
1123 2409 1196 2443 per
1226 2397 1404 2444 quinque
1437 2409 1576 2433 annos.
1610 2396 1701 2433 Non
1733 2397 1798 2434 diu
1833 2397 1907 2434 fuit

274 2468 513 2511 praeceptor
540 2458 680 2496 classis
707 2457 983 2502 humanitatis,
1014 2457 1202 2494 transiuit
1231 2469 1302 2502 per
1320 2455 1449 2492 officia
1478 2455 1711 2493 domestica.
1732 2456 1908 2494 Vacauit

274 2523 422 2559 litteris
441 2519 633 2567 quamdiu
652 2518 726 2555 fuit
747 2519 786 2555 in
806 2517 1027 2562 Societate‚
1050 2524 1171 2553 antea
1190 2516 1290 2553 nihil
1310 2517 1442 2561 sciuit;
1470 2523 1710 2552 consecutus
1738 2521 1799 2553 est
1826 2530 1906 2553 me-

274 2583 450 2619 diocrem
470 2579 644 2615 fructum
666 2579 704 2615 in
724 2577 968 2615 Rhetoricis.
991 2576 1160 2623 Ingenio
1180 2575 1439 2613 mediocriter
1458 2577 1582 2619 valet,
1602 2580 1742 2613 tamen
1764 2577 1907 2623 practi-

273 2655 318 2679 co
349 2640 480 2686 magis
510 2651 631 2685 quam
663 2639 928 2685 speculatiuo.
960 2636 1097 2674 Habet
1126 2636 1172 2673 22
1202 2649 1340 2673 annos.
1368 2626 1608 2683 'propensus
1635 2640 1696 2671 est
1721 2637 1771 2672 ad
1791 2636 1906 2673 uaria

272 2715 377 2749 quae
396 2705 626 2743 occurrunt,
656 2711 902 2747 quamquam
929 2703 1022 2735 sunt
1050 2696 1308 2734 excellentia.
1334 2695 1508 2733 Videtur
1536 2703 1671 2733 tamen
1698 2696 1838 2732 valere
1865 2696 1905 2732 in

272 2760 546 2799 concionando
566 2764 605 2796 et
624 2759 815 2800 docendo,
837 2758 870 2794 si
889 2759 1071 2795 studeret
1090 2756 1264 2803 utrique.
1290 2755 1412 2792 Vires
1432 2755 1609 2802 corporis
1628 2756 1751 2792 habet
1765 2755 1902 2799 bonas,

273 2832 445 2868 magnus
480 2831 661 2866 corpore;
694 2818 927 2865 spirituales
959 2817 1068 2854 uires
1095 2817 1216 2853 habet
1244 2817 1381 2860 bonas,
1413 2821 1554 2862 estque
1574 2828 1620 2852 ac
1640 2814 1714 2852 fuit
1744 2825 1905 2862 semper

272 2885 475 2923 constans;
496 2880 627 2926 magis
646 2878 832 2925 aptus-ad
851 2878 997 2920 studia,
1017 2889 1139 2924 quarn
1158 2888 1297 2913 curam
1317 2876 1561 2913 animarum,
1582 2875 1754 2911 Idoneus
1780 2874 1903 2912 etiam

271 2941 320 2978 ad
340 2951 479 2977 omnes
497 2938 729 2985 superiores
748 2936 1002 2973 facultates.»
1022 2936 1083 2981 (In
1105 2937 1190 2973 cod.
1214 2935 1358 2973 Germ.
1386 2934 1474 2976 131,
1496 2933 1523 2970 f.
1550 2933 1773 2979 302v-303).
1803 2933 1903 2970 Erat

272 3012 369 3038 vero
400 2998 632 3044 Stephanus
665 2997 854 3033 Liberius
882 2997 1046 3033 natione
1073 3008 1307 3042 germanus,
1340 3007 1388 3031 ex
1415 2993 1569 3041 Styria.
1599 2993 1667 3030 Cf.
1707 2993 1900 3032 Monum.

272 3060 433 3106 Ignat.‚
454 3069 532 3094 ser.
558 3056 625 3099 La,
644 3055 716 3100 ΧΙ,
738 3056 819 3093 524,
