2038 3400
341 225 412 264 896
808 226 1030 267 LITTERAE
1056 227 1414 276 QUADRIMESTRES

376 331 442 369 De
472 331 534 370 las
566 333 860 383 oeupaeiones
881 346 907 383 y
929 345 1157 372 sermones
1178 332 1249 372 del
1280 335 1352 372 Re
1373 339 1520 374 rector
1543 336 1568 382 ¹,
1601 348 1680 386 por
1703 332 1848 374 donde
1877 345 1924 373 se

296 403 418 441 suele
436 415 683 454 comenear,
703 417 758 454 ay
776 417 890 455 poco
908 417 993 454 que
1012 405 1221 452 escreuir,
1240 417 1408 456 porque
1425 407 1464 444 13
1480 405 1614 446 mitad
1631 406 1685 445 de
1704 407 1743 444 el
1759 408 1923 457 tiempo

296 474 350 512 ha
372 474 526 513 estado
550 488 633 513 eon
657 477 695 513 el
718 477 790 514 Re
812 476 1045 525 Franciseo
1069 476 1095 524 ²,
1121 477 1174 515 de
1197 478 1328 526 quien
1358 477 1431 516 fue
1454 478 1639 517 llamado
1662 478 1800 517 desde
1822 480 1925 517 Por-

295 546 430 597 tugal,
453 561 480 597 y
502 560 584 585 aun
606 561 662 585 no
687 561 734 585 es
757 547 934 595 uenido3
957 560 1064 599 pero
1089 560 1143 586 en
1175 549 1214 586 el
1235 562 1348 600 poco
1380 549 1544 600 tiempo
1567 563 1652 601 que
1680 553 1780 600 aqui
1810 556 1925 589 estu-

295 631 368 666 UO,
406 631 453 657 Se
495 620 766 670 ofreseieron
805 620 991 670 algunos
1024 621 1238 671 negocios
1273 621 1561 672 importantes
1600 636 1626 672 y
1661 622 1716 661 de
1751 621 1926 661 edifica-

296 690 395 728 61011
416 689 445 738 ⁸3
479 703 532 728 en
564 691 726 742 special
762 705 816 729 un
854 692 1074 730 cauallero
1108 693 1384 731 eclesiastieo
1415 707 1442 743 y
1471 694 1490 712 a
1519 694 1706 741 letrado,
1741 694 1924 732 estando

342 822 361 841 a
412 823 496 859 Del
514 835 606 869 muy
628 822 689 867 (ἓ).

295 971 344 994 ex
374 957 536 1000 nostris,
570 957 688 1005 hujus
708 955 886 993 ciuitatis
904 957 1051 994 nobilis
1070 957 1292 1006 municeps.
1316 958 1421 996 Cum
1440 958 1503 996 hic
1523 972 1545 996 a
1565 958 1772 996 Societate
1791 957 1926 1004 petiis-

293 1023 355 1054 set
374 1023 416 1054 ut
436 1018 513 1054 huc
533 1017 712 1053 mitteret
731 1016 890 1064 aliquos
910 1030 959 1054 ex
977 1017 1071 1062 suis,
1090 1018 1261 1055 obtinuit
1280 1029 1381 1065 rem3
1401 1031 1575 1066 cumque
1601 1031 1625 1055 a
1655 1018 1821 1055 ciuitate
1852 1018 1927 1054 hac

295 1078 514 1125 impetrare
548 1077 673 1114 vellet
704 1076 879 1114 amicum
910 1078 1141 1125 hospitium,
1174 1079 1363 1116 convenit
1394 1079 1501 1116 inter
1527 1079 1639 1116 ciues
1658 1079 1778 1126 ipsos,
1799 1077 1926 1115 eccle-

293 1138 477 1184 siamque
497 1149 719 1185 mayorem,
740 1142 784 1174 ut
803 1138 852 1186 ijs
870 1137 1039 1175 offerret
1058 1140 1254 1183 templum
1273 1140 1475 1186 religione
1494 1139 1658 1177 celebre
1673 1138 1756 1175 diui
1775 1137 1926 1175 Secun-

294 1199 331 1235 di
351 1199 469 1245 primi
488 1197 691 1245 aepiscopi
711 1197 931 1244 abulensis,
950 1197 1172 1246 Jacobique
1191 1199 1391 1247 discipuli,
1413 1201 1528 1249 cujus
1547 1212 1691 1247 corpus
1715 1199 1780 1236 hic
1805 1200 1925 1246 jacet,

294 1272 373 1296 vna
392 1271 482 1295 cum
502 1258 697 1295 coenobio
710 1258 884 1306 quodam
905 1271 1144 1306 pauperum.
1165 1259 1248 1297 Sed
1264 1260 1357 1307 quia
1372 1273 1451 1297 non
1470 1265 1559 1298 erat
1578 1259 1642 1297 hic
1661 1260 1773 1298 locus
1791 1258 1926 1296 Socie-

293 1320 367 1356 tati
385 1319 630 1363 commodus,
651 1318 805 1365 aliquid
823 1319 936 1355 aliud
955 1324 1214 1366 expectatum
1234 1325 1308 1358 est.
1329 1319 1468 1365 Quare
1488 1320 1652 1367 cognita
1682 1332 1741 1361 re.
1773 1319 1927 1357 obtule-

293 1385 388 1417 runt
417 1379 560 1428 ijsdem
592 1378 763 1424 benefici
793 1379 968 1427 aequale
996 1392 1155 1426 munus,
1184 1382 1380 1428 templum
1399 1382 1554 1419 scilicet
1574 1381 1626 1419 D.
1648 1379 1816 1428 Aegidij
1836 1392 1927 1417 cum

293 1440 464 1488 hospitio
484 1441 580 1476 item
600 1452 839 1486 pauperum,
861 1452 1041 1487 paupere
1061 1440 1183 1478 etiam
1202 1440 1274 1477 illo
1293 1453 1339 1477 ac
1358 1442 1465 1478 male
1485 1441 1713 1486 materiato;
1734 1441 1805 1477 sed
1832 1439 1927 1487 quia

293 1505 518 1547 opportuno
537 1500 637 1541 loco,
666 1505 876 1546 receptum
907 1504 970 1536 est
1000 1512 1092 1537 cum
1123 1500 1350 1546 gratiarum
1382 1501 1554 1539 actione.
1588 1500 1735 1538 Abfuit
1765 1500 1927 1548 quidem

293 1560 526 1597 resistentia
557 1560 621 1607 pio
651 1559 861 1604 beneficio,
891 1559 1078 1606 quamuis
1097 1560 1253 1597 occasio
1272 1561 1416 1598 adesse
1435 1561 1666 1607 uidebatur,
1688 1573 1737 1598 ex
1757 1574 1803 1598 eo
1821 1560 1927 1609 quod

293 1621 498 1669 coenobijs
516 1620 695 1657 abundet
713 1620 788 1657 hec
806 1620 951 1657 ciuitas
969 1621 1256 1666 religiosorum
1275 1622 1487 1669 vtriusque
1505 1632 1638 1667 sexus;
1659 1625 1783 1668 atque
1813 1621 1927 1659 nobis

293 1682 411 1718 datus
441 1681 492 1717 sit
522 1682 634 1718 locus
665 1680 960 1718 saluberrimus
991 1686 1113 1728 atque
1148 1681 1433 1727 aeditissimus,
1466 1683 1573 1719 vnde
1609 1683 1722 1719 velut
1753 1694 1802 1718 ex
1832 1694 1926 1727 3166

293 1742 465 1789 quadam
498 1740 698 1777 dominari
731 1740 918 1778 videmur
952 1741 1090 1778 multis
1125 1741 1330 1790 coenobijs
1361 1742 1513 1779 circum
1544 1741 1652 1779 circa
1685 1741 1927 1790 jacentibus.

294 1802 401 1838 Hinc
420 1805 607 1848 coeptum
627 1806 688 1838 est
707 1801 758 1837 ab
777 1801 825 1849 ijs
844 1800 912 1848 qui
930 1801 1003 1838 has
1021 1801 1146 1839 aedes
1163 1807 1398 1849 coeperant,
1420 1801 1729 1839 fundamentum
1747 1802 1825 1850 jaci
1849 1802 1927 1848 spi-

293 1861 452 1898 ritualis
484 1860 670 1909 aedificij.
698 1861 811 1909 juxta
838 1867 1019 1898 nostrum
1039 1862 1281 1899 institutum.
1304 1861 1449 1909 Neque
1470 1863 1525 1899 ita
1544 1863 1671 1898 multo
1690 1868 1777 1909 post
1797 1861 1928 1908 coepit

294 1922 437 1959 ciuitas
456 1921 578 1958 rebus
598 1921 745 1958 nostris
771 1920 892 1968 affici,
923 1922 1125 1968 rebusque
1157 1921 1237 1959 Dei
1268 1935 1368 1969 quas
1399 1928 1558 1959 nostras
1588 1922 1712 1959 etiam
1742 1922 1924 1967 dicimus,

294 1981 626 2028 fraequentandis
655 1981 813 2019 scilicet
842 1988 1192 2019 sacramentorum
1223 1982 1412 2026 fontibus,
1443 1987 1483 2019 et
1501 1982 1729 2019 animarum
1750 1982 1925 2020 utilitate

293 2042 485 2079 curanda.
521 2041 596 2078 Hie
631 2042 703 2078 viri
734 2042 888 2090 aliquot
920 2055 1072 2088 graues
1103 2048 1143 2079 et
1170 2042 1275 2080 docti
1305 2042 1516 2080 adversari
1542 2042 1656 2079 nobis
1687 2046 1924 2089 coeperunt;

295 2114 435 2140 verum
451 2114 542 2138 cum
558 2103 583 2150 ij
602 2102 761 2148 pietatis
780 2104 868 2139 zelo
883 2109 1160 2148 mouerentur,
1178 2115 1258 2139 non
1273 2102 1476 2150 permissit
1494 2102 1692 2140 Dominus
1707 2102 1923 2149 quidquam

294 2162 405 2208 mali3
425 2162 520 2208 quin
540 2162 671 2208 potius
690 2162 729 2198 in
747 2175 862 2199 suam
889 2162 1064 2209 gloriam
1095 2162 1387 2199 adversitatem
1407 2175 1496 2199 eam
1516 2161 1732 2199 detorsisse
1752 2162 1923 2198 videtur.

294 2222 338 2259 In
358 2223 405 2271 ijs
424 2223 596 2269 alijsque
618 2223 812 2269 ejusmodi
833 2235 877 2259 se
897 2228 1172 2260 exercuerunt
1202 2223 1319 2270 primi
1350 2223 1411 2259 illi
1438 2222 1595 2267 Patres,
1624 2222 1769 2269 quibus
1796 2227 1839 2258 ut
1870 2222 1927 2258 in-

293 2282 530 2319 strumentis
549 2283 677 2318 multa
695 2282 874 2329 profecto
894 2282 1032 2319 diuina
1051 2283 1209 2319 bonitas
1227 2289 1395 2329 operata
1415 2290 1489 2319 est.
1512 2282 1617 2319 Nam
1636 2288 1680 2319 ut
1697 2282 1798 2318 nihil
1817 2282 1927 2318 aliud

294 2343 469 2389 egerint,
502 2354 652 2388 magna
683 2341 862 2389 profecto
894 2347 1077 2389 patrasse
1107 2343 1236 2379 uideri
1269 2343 1430 2389 debent,
1462 2343 1555 2380 dum
1586 2343 1748 2380 labores
1778 2343 1927 2388 primos

292 2409 416 2450 atque
435 2401 694 2439 difficultates
713 2409 956 2450 superarunt
975 2403 1282 2440 adversantium
1302 2403 1521 2448 hominum,
1542 2402 1702 2449 inopiae
1721 2414 1768 2439 ac
1800 2401 1926 2438 mirae

294 2462 546 2511 paupertatis
563 2462 776 2507 sociorum,
798 2464 865 2510 qui
884 2468 1070 2510 quatuor,
1091 2463 1270 2511 quinque
1302 2463 1440 2510 plures
1470 2475 1549 2500 non
1581 2467 1710 2501 erant.
1732 2461 1927 2499 Animad-

293 2536 457 2561 uersum
488 2527 548 2560 est
579 2536 603 2559 a
629 2523 811 2568 patribus
831 2524 1071 2570 praepositis
1090 2523 1320 2569 [deletum.·
1336 2523 1483 2560 nostris
1503 2522 1713 2569 praelatis]
1734 2534 1925 2568 magnam

292 2583 618 2621 commoditatem
637 2584 676 2620 in
697 2584 770 2620 hac
790 2584 891 2621 urbe
910 2596 1000 2621 esse
1019 2584 1235 2630 augendae
1265 2583 1482 2621 Societatis
1513 2588 1676 2620 nostrae
1707 2595 1754 2619 ac
1785 2595 1925 2630 proue-

293 2645 438 2688 hende,
460 2649 544 2680 tum
563 2649 729 2691 propter
748 2644 1002 2681 nobilitatem
1016 2643 1180 2689 ciuium,
1201 2650 1324 2691 atque
1343 2644 1531 2680 acumina
1549 2642 1819 2690 ingeniorum,
1840 2648 1925 2679 tum

294 2710 458 2751 propter
488 2704 669 2741 innatam
703 2704 906 2750 quandam
936 2704 1132 2750 pietatem
1167 2716 1288 2751 quam
1322 2704 1541 2740 multorum
1571 2702 1848 2740 confessorum
1879 2714 1926 2738 ac

293 2764 504 2800 martirum
535 2765 721 2811 (quorum
753 2775 922 2809 corpora
952 2776 1058 2810 quae
1078 2764 1141 2800 hic
1158 2765 1320 2810 sepulta
1341 2768 1518 2806 manent,
1538 2763 1601 2800 hic
1620 2763 1767 2799 eximie
1787 2764 1921 2799 colun-

293 2826 373 2868 tur)
392 2823 614 2870 predicatio
634 2828 673 2860 et
690 2822 900 2868 sanguinis
920 2822 1063 2860 effusio
1082 2823 1322 2870 impressam
1342 2823 1583 2870 reliquissee
1604 2822 1828 2859 videntur».

343 2885 350 2903 ¹
404 2884 449 2920 P.
472 2883 696 2930 Dionysius
716 2882 925 2929 Vazquez.

341 2944 353 2963 ²
404 2942 513 2981 Stus.
535 2942 780 2980 Franciscus
799 2942 965 2989 Borgia.

338 3004 351 3023 ⁸
404 3003 648 3050 Exemplum
677 3003 846 3039 latinum
874 3001 907 3038 Β
939 3003 1039 3040 11366
1069 3003 1164 3039 dicit
1195 3003 1244 3040 de
1276 3002 1319 3039 P.
1354 3002 1532 3039 Rectore
1568 3008 1607 3039 et
1637 3002 1687 3039 de
1718 3001 1925 3038 doctrinae

292 3063 538 3101 christianae
558 3062 821 3109 expositione:
846 3061 910 3098 «P.
935 3062 1144 3099 Dionisius
1163 3075 1240 3099 non
1268 3063 1397 3099 solum
1425 3062 1594 3099 rectoris
1625 3074 1722 3098 cura
1753 3061 1926 3107 afficitur
