2038 3400
528 262 608 300 308.
625 284 647 286 ν-
664 261 842 299 PAuisus
867 262 890 297 5
916 259 1160 298 NovssMssffls
1190 259 1278 295 1559
1598 256 1663 293 371

845 484 961 537 308

478 622 791 681 JOANNES
824 619 1341 668 BENEVOLUTUS

582 756 752 783 PARISJIS
776 747 799 782 5
826 754 1060 783 NovEMssms
1085 744 1174 780 1559
1203 746 1224 782 ¹.

97 861 129 897 l.
163 859 270 909 Spes
296 858 492 909 majoris
511 858 701 910 fructas
732 856 1087 911 affulgens-2.
1122 856 1249 896 Socii
1277 856 1524 896 litterariis
1553 856 1720 894 studiis

175 924 422 976 diligenter
456 925 566 962 dant
601 923 900 974 opertum—3.
939 922 1272 962 Poenitentium
1306 924 1346 961 et
1380 922 1718 960 communican—

175 989 288 1028 tium
311 988 594 1040 frequentia.
631 989 869 1028 Contiones
899 988 1071 1027 nostris
1104 986 1388 1026 interdictae.
1426 987 1643 1026 Conversi
1665 987 1720 1025 ab

175 1054 467 1094 haeresi—4.
501 1054 698 1105 Regiam
723 1054 1039 1105 patrocinium
1071 1052 1313 1092 Societatis
1346 1052 1392 1091 in
1425 1052 1584 1091 Gallia
1607 1052 1721 1091 dila-

175 1120 382 1159 tum—5.
410 1119 667 1171 Collegium
689 1133 715 1157 a
737 1119 1094 1169 lugdunensibus
1114 1118 1370 1169 expetitum.

154 1245 186 1272 Ι.
246 1237 274 1284 †
305 1233 412 1272 IHS.
450 1233 603 1272 Gratia
629 1238 677 1287 'et
708 1246 792 1283 pax
824 1234 921 1271 Dni.
953 1234 1031 1271 nri.
1064 1233 1163 1270 Iesu
1193 1232 1311 1270 Chri.
1343 1232 1398 1270 sit
1429 1244 1602 1282 semper
1625 1243 1722 1269 cum

97 1306 296 1344 omnibus
317 1305 458 1344 nobis.
483 1305 638 1343 Amen.
667 1303 857 1351 [Scribet
878 1318 930 1343 ex
952 1303 1246 1343 oboedientia.
1272 1302 1381 1341 Stili
1397 1305 1436 1342 et
1457 1315 1614 1342 rernm
1635 1301 1723 1341 exi-

96 1377 270 1416 litatem
300 1378 514 1425 excusam
548 1377 675 1415 Nosti
708 1376 912 1427 equidem
943 1378 982 1414 et
1012 1376 1098 1414 loci
1127 1375 1446 1422 difficultatem,
1471 1374 1586 1412 unde
1613 1375 1724 1412 haec

99 1449 242 1486 omnia
263 1448 474 1499 decerpta
505 1453 618 1495 sunt,
652 1449 691 1486 et
727 1446 904 1499 ingenij
938 1447 1026 1486 mei
1058 1446 1307 1486 ruditatem
1337 1459 1428 1485 non
1465 1445 1722 1498 ignorabis,

98 1522 247 1559 credo:
269 1521 664 1571 quantulacumque
687 1526 834 1557 tamen
855 1518 937 1556 ista
967 1520 1064 1565 sint,
1090 1531 1230 1568 aequo
1261 1518 1404 1556 animo
1438 1524 1484 1555 ut
1514 1517 1723 1568 suscipias

97 1592 387 1630 uehementer
408 1604 628 1642 rogamus,
653 1589 755 1628 dum
777 1590 943 1628 maiora
964 1603 1014 1628 ac
1031 1590 1213 1628 meliora
1235 1589 1491 1636 educantur,
1516 1601 1627 1639 quae
1648 1601 1724 1626 no-

97 1663 162 1700 bis
183 1662 305 1700 firma
327 1662 540 1712 quaedam
562 1674 662 1712 spes
686 1666 729 1699 et
750 1674 917 1699 summa
940 1661 1190 1711 expectatio
1210 1661 1379 1698 futurae
1403 1660 1725 1711 tranquillitatis

98 1733 294 1785 ingenue
325 1733 503 1783 quidem
525 1733 721 1784 polliceri
753 1732 971 1770 uidentur.
1005 1733 1129 1770 Haec
1162 1732 1290 1770 nobis
1324 1736 1411 1769 tam
1442 1731 1652 1782 frugifera
1683 1737 1727 1768 et

98 1806 333 1852 luculenta,
365 1811 576 1856 tantoque
608 1818 704 1843 cum
726 1804 912 1843 foenore
933 1807 1106 1855 ponitur
1131 1805 1185 1841 ob
1209 1804 1376 1850 oculos,
1401 1808 1448 1841 ut
1477 1804 1611 1840 multa
1631 1815 1725 1853 pas-

100 1890 173 1916 sos
195 1889 293 1915 esse
314 1890 401 1916 non
429 1877 671 1927 poeniteat,
705 1878 745 1915 et
776 1876 930 1915 omnia
962 1875 1159 1914 eiusdem
1186 1874 1354 1926 gratia
1386 1874 1489 1924 pati
1518 1872 1727 1913 labentis-

100 1948 211 1988 sime
228 1948 390 1999 paratz·
408 1948 552 1987 simus
572 1950 612 1987 et
632 1949 887 1995 ualeamus,
913 1946 1110 1986 Domino
1133 1946 1335 1985 iuuante.

155 2030 192 2058 2.
253 2019 441 2057 Primum
463 2019 609 2070 igitur,
630 2023 675 2056 ut
697 2032 721 2057 a
742 2019 997 2057 domesticis
1021 2017 1178 2064 ordiar,
1202 2018 1272 2067 qui
1295 2017 1498 2055 destinati
1522 2022 1619 2054 sunt
1642 2021 1729 2053 stu-

103 2090 200 2139 dijs,
225 2103 381 2141 magna
402 2090 629 2141 diligentia
651 2096 694 2128 et
717 2090 1003 2129 contentione
1021 2089 1158 2127 literis
1179 2094 1339 2126 nauant
1364 2100 1555 2138 operam,
1578 2093 1622 2125 et
1642 2100 1730 2124 non

103 2161 384 2200 mediocriter
407 2162 545 2200 solitis
566 2161 808 2212 tyrocinijs,
829 2160 1195 2212 disputationibus
1217 2160 1432 2206 nimirum,
1458 2158 1731 2207 repetitioni-

104 2233 183 2271 bus
217 2234 423 2279 uicissim‚
462 2233 852 2283 compositionibus
889 2238 933 2269 et
968 2232 1174 2277 coeteris,
1213 2230 1367 2281 quibus
1404 2234 1731 2268 consueuerunt

105 2303 259 2351 modis,
294 2316 508 2342 exercere
544 2316 642 2342 sese
673 2307 952 2355 promouent.
985 2303 1283 2341 Concionatur
1316 2302 1446 2340 etiam
1477 2302 1659 2352 quisque
1688 2301 1731 2338 in

107 2374 257 2413 ordine
307 2388 385 2413 suo
431 2374 564 2421 domi,
607 2380 651 2413 et
691 2376 820 2413 tonos
859 2374 1016 2413 ediscit
1053 2374 1085 2411 a·
1136 2374 1299 2411 Verum
1348 2386 1403 2411 ne
1451 2378 1575 2423 putet
1623 2373 1731 2410 inte-

105 2446 183 2484 rim
206 2447 254 2484 R.
278 2447 325 2483 P.
350 2447 399 2484 T.
424 2446 634 2484 interiora
655 2446 814 2484 mentis
837 2451 880 2483 et
904 2444 1099 2495 corporis
1123 2445 1335 2483 exercitia
1351 2444 1614 2495 spiritusque
1636 2457 1731 2494 pro-

105 2517 267 2555 fectum
290 2518 430 2555 minus
453 2517 608 2564 curari,
642 2519 723 2556 ant
754 2516 908 2566 aliquo
938 2518 1073 2566 pacto
1107 2517 1161 2554 ab
1191 2516 1355 2555 eisdem
1387 2515 1554 2561 ommi,-
1585 2515 1732 2552 neruis

107 2587 224 2627 enim
247 2588 441 2626 extensis
463 2594 507 2626 et
530 2589 645 2626 omni
663 2588 948 2626 contentione
966 2587 1109 2634 animi,
1133 2587 1363 2625 humilitati
1389 2592 1433 2625 et
1452 2585 1732 2625 obedientiae

109 2660 386 2710 coeterisque
417 2660 649 2698 uirtutibus
680 2659 872 2705 student,
906 2659 965 2697 ita
1000 2663 1044 2695 ut
1079 2659 1206 2697 facile
1238 2659 1375 2709 possit
1403 2659 1585 2708 quisque
1608 2658 1662 2695 de
1685 2670 1732 2695 se

109 2731 273 2768 maiora
292 2730 334 2768 in
356 2729 449 2768 dies
470 2731 682 2780 polliceri.

156 2865 175 2884 a
225 2865 265 2902 in
282 2864 385 2902 tonis
404 2877 447 2902 se
467 2871 644 2903 exercet.

160 2999 168 3017 ²
222 2995 282 3032 Ex
301 2995 552 3042 autographo
571 3008 594 3031 a
614 2994 789 3032 Polanco
807 2995 1005 3040 castigato
1025 2994 1064 3030 in
1084 2993 1168 3030 cod.
1192 2993 1284 3030 Gal.
1309 2993 1370 3034 61,
1399 2993 1422 3028 2
1450 2992 1508 3036 ff„
1537 3005 1604 3028 nn.
1634 2992 1668 3036 3,
1698 2992 1731 3036 4;

112 3056 221 3104 prius
239 3054 319 3095 776.
