<?xml version="1.0" encoding="UTF-8"?>
<!DOCTYPE html PUBLIC "-//W3C//DTD XHTML 1.0 Transitional//EN"
    "http://www.w3.org/TR/xhtml1/DTD/xhtml1-transitional.dtd">
<html xmlns="http://www.w3.org/1999/xhtml" xml:lang="en" lang="en">
 <head>
  <title>
</title>
<meta http-equiv="Content-Type" content="text/html;charset=utf-8" />
  <meta name='ocr-system' content='tesseract 3.04.00' />
  <meta name='ocr-capabilities' content='ocr_page ocr_carea ocr_par ocr_line ocrx_word'/>
</head>
<body>
  <div class='ocr_page' id='page_1' title='image "./litteraequadrime18lain_0620.png"; bbox 0 0 2038 3400; ppageno 0'>
   <div class='ocr_carea' id='block_1_1' title="bbox 341 246 1417 292">
    <p class='ocr_par' dir='ltr' id='par_1_1' title="bbox 341 246 1417 292">
     <span class='ocr_line' id='line_1_1' title="bbox 341 246 1417 292; baseline 0.001 -10"><span class='ocrx_word' id='word_1_1' title='bbox 341 246 412 283; x_wconf 76' lang='lat'>602</span> <span class='ocrx_word' id='word_1_2' title='bbox 814 246 1001 283; x_wconf 60' lang='lat' dir='ltr'>Limam</span> <span class='ocrx_word' id='word_1_3' title='bbox 1010 259 1033 283; x_wconf 69' lang='grc' dir='ltr'>Ε</span> <span class='ocrx_word' id='word_1_4' title='bbox 1060 246 1417 292; x_wconf 76' lang='lat' dir='ltr'><strong>QUADRIMESTRES</strong></span> 
     </span>
    </p>
   </div>
   <div class='ocr_carea' id='block_1_2' title="bbox 288 348 1930 2760">
    <p class='ocr_par' dir='ltr' id='par_1_2' title="bbox 288 348 1930 2760">
     <span class='ocr_line' id='line_1_2' title="bbox 295 348 1925 400; baseline 0.001 -14"><span class='ocrx_word' id='word_1_5' title='bbox 295 348 576 387; x_wconf 83' lang='lat' dir='ltr'>homicidium</span> <span class='ocrx_word' id='word_1_6' title='bbox 619 348 873 398; x_wconf 88' lang='lat' dir='ltr'>aliquando,</span> <span class='ocrx_word' id='word_1_7' title='bbox 917 355 990 387; x_wconf 89' lang='lat' dir='ltr'>aut</span> <span class='ocrx_word' id='word_1_8' title='bbox 1029 348 1302 386; x_wconf 79' lang='lat' dir='ltr'>inhumanius</span> <span class='ocrx_word' id='word_1_9' title='bbox 1349 349 1566 400; x_wconf 83' lang='lat' dir='ltr'>quidpiam</span> <span class='ocrx_word' id='word_1_10' title='bbox 1611 350 1925 388; x_wconf 78' lang='lat' dir='ltr'>intercederet.</span> 
     </span>
     <span class='ocr_line' id='line_1_3' title="bbox 295 421 1929 471; baseline 0.001 -13"><span class='ocrx_word' id='word_1_11' title='bbox 295 421 417 459; x_wconf 83' lang='lat' dir='ltr'>Alius</span> <span class='ocrx_word' id='word_1_12' title='bbox 453 421 506 458; x_wconf 87' lang='lat' dir='ltr'>ab</span> <span class='ocrx_word' id='word_1_13' title='bbox 542 433 679 458; x_wconf 85' lang='lat' dir='ltr'>uxore</span> <span class='ocrx_word' id='word_1_14' title='bbox 715 426 895 471; x_wconf 88' lang='lat' dir='ltr'>propter</span> <span class='ocrx_word' id='word_1_15' title='bbox 926 421 1187 458; x_wconf 78' lang='lat' dir='ltr'>adulterium</span> <span class='ocrx_word' id='word_1_16' title='bbox 1223 421 1495 460; x_wconf 89' lang='lat' dir='ltr'>abalienatus</span> <span class='ocrx_word' id='word_1_17' title='bbox 1531 421 1754 459; x_wconf 87' lang='lat' dir='ltr'>cuiusdam</span> <span class='ocrx_word' id='word_1_18' title='bbox 1791 422 1929 459; x_wconf 80' lang='lat' dir='ltr'>Patris</span> 
     </span>
     <span class='ocr_line' id='line_1_4' title="bbox 295 492 1928 544; baseline 0.001 -14"><span class='ocrx_word' id='word_1_19' title='bbox 295 493 431 530; x_wconf 81' lang='lat' dir='ltr'>nostri</span> <span class='ocrx_word' id='word_1_20' title='bbox 457 492 650 540; x_wconf 82' lang='lat' dir='ltr'>consilijs</span> <span class='ocrx_word' id='word_1_21' title='bbox 673 506 717 529; x_wconf 73' lang='lat' dir='ltr'>se</span> <span class='ocrx_word' id='word_1_22' title='bbox 742 497 880 530; x_wconf 91' lang='lat' dir='ltr'>totum</span> <span class='ocrx_word' id='word_1_23' title='bbox 904 492 1095 533; x_wconf 74' lang='lat' dir='ltr'>tradidit.</span> <span class='ocrx_word' id='word_1_24' title='bbox 1116 499 1290 543; x_wconf 82' lang='lat' dir='ltr'>paratus</span> <span class='ocrx_word' id='word_1_25' title='bbox 1313 493 1366 531; x_wconf 88' lang='lat' dir='ltr'>ad</span> <span class='ocrx_word' id='word_1_26' title='bbox 1385 494 1543 540; x_wconf 84' lang='lat' dir='ltr'>omnia,</span> <span class='ocrx_word' id='word_1_27' title='bbox 1568 506 1664 531; x_wconf 88' lang='lat' dir='ltr'>cum</span> <span class='ocrx_word' id='word_1_28' title='bbox 1686 494 1803 544; x_wconf 87' lang='lat' dir='ltr'>prius</span> <span class='ocrx_word' id='word_1_29' title='bbox 1825 493 1928 531; x_wconf 88' lang='lat' dir='ltr'>nihil</span> 
     </span>
     <span class='ocr_line' id='line_1_5' title="bbox 295 564 1928 615; baseline 0.001 -14"><span class='ocrx_word' id='word_1_30' title='bbox 295 564 411 602; x_wconf 89' lang='lat' dir='ltr'>aliud</span> <span class='ocrx_word' id='word_1_31' title='bbox 432 577 558 615; x_wconf 88' lang='lat' dir='ltr'>quam</span> <span class='ocrx_word' id='word_1_32' title='bbox 581 564 817 602; x_wconf 87' lang='lat' dir='ltr'>diuortium</span> <span class='ocrx_word' id='word_1_33' title='bbox 841 577 937 602; x_wconf 87' lang='lat' dir='ltr'>cum</span> <span class='ocrx_word' id='word_1_34' title='bbox 960 564 1184 603; x_wconf 73' lang='lat' dir='ltr'>dedecore</span> <span class='ocrx_word' id='word_1_35' title='bbox 1207 577 1258 602; x_wconf 89' lang='lat' dir='ltr'>ac</span> <span class='ocrx_word' id='word_1_36' title='bbox 1279 565 1447 603; x_wconf 88' lang='lat' dir='ltr'>animae</span> <span class='ocrx_word' id='word_1_37' title='bbox 1468 565 1663 615; x_wconf 89' lang='lat' dir='ltr'>periculo</span> <span class='ocrx_word' id='word_1_38' title='bbox 1697 564 1928 603; x_wconf 85' lang='lat' dir='ltr'>meditare-</span> 
     </span>
     <span class='ocr_line' id='line_1_6' title="bbox 294 635 1929 686; baseline 0 -13"><span class='ocrx_word' id='word_1_39' title='bbox 294 642 377 674; x_wconf 90' lang='lat' dir='ltr'>tur.</span> <span class='ocrx_word' id='word_1_40' title='bbox 418 635 533 684; x_wconf 77' lang='lat' dir='ltr'>Quid</span> <span class='ocrx_word' id='word_1_41' title='bbox 569 636 735 673; x_wconf 81' lang='lat' dir='ltr'>multis?</span> <span class='ocrx_word' id='word_1_42' title='bbox 769 636 1070 686; x_wconf 78' lang='lat' dir='ltr'>quamplurimi</span> <span class='ocrx_word' id='word_1_43' title='bbox 1105 642 1357 673; x_wconf 79' lang='lat' dir='ltr'>nostrorum</span> <span class='ocrx_word' id='word_1_44' title='bbox 1393 636 1763 674; x_wconf 80' lang='lat' dir='ltr'>admonitionibus</span> <span class='ocrx_word' id='word_1_45' title='bbox 1794 635 1929 674; x_wconf 87' lang='lat' dir='ltr'>adiuti</span> 
     </span>
     <span class='ocr_line' id='line_1_7' title="bbox 295 705 1928 758; baseline 0.001 -14"><span class='ocrx_word' id='word_1_46' title='bbox 295 707 475 758; x_wconf 87' lang='lat' dir='ltr'>singulis</span> <span class='ocrx_word' id='word_1_47' title='bbox 525 707 679 744; x_wconf 83' lang='lat' dir='ltr'>saltem</span> <span class='ocrx_word' id='word_1_48' title='bbox 715 707 939 744; x_wconf 84' lang='lat' dir='ltr'>mensibus</span> <span class='ocrx_word' id='word_1_49' title='bbox 977 705 1274 744; x_wconf 80' lang='lat' dir='ltr'>Eucharistiae</span> <span class='ocrx_word' id='word_1_50' title='bbox 1312 714 1356 745; x_wconf 91' lang='lat' dir='ltr'>et</span> <span class='ocrx_word' id='word_1_51' title='bbox 1401 708 1421 726; x_wconf 80' lang='lat' dir='ltr'>a</span> <span class='ocrx_word' id='word_1_52' title='bbox 1453 706 1752 757; x_wconf 83' lang='lat' dir='ltr'>poenitentiae</span> <span class='ocrx_word' id='word_1_53' title='bbox 1790 720 1928 746; x_wconf 88' lang='lat' dir='ltr'>sacra-</span> 
     </span>
     <span class='ocr_line' id='line_1_8' title="bbox 295 778 1929 829; baseline 0 -13"><span class='ocrx_word' id='word_1_54' title='bbox 295 783 443 816; x_wconf 91' lang='lat' dir='ltr'>menta</span> <span class='ocrx_word' id='word_1_55' title='bbox 462 778 745 828; x_wconf 81' lang='lat' dir='ltr'>frequentare</span> <span class='ocrx_word' id='word_1_56' title='bbox 769 783 1031 823; x_wconf 89' lang='lat' dir='ltr'>statuerunt,</span> <span class='ocrx_word' id='word_1_57' title='bbox 1069 791 1252 828; x_wconf 89' lang='lat' dir='ltr'>quorum</span> <span class='ocrx_word' id='word_1_58' title='bbox 1290 779 1492 829; x_wconf 81' lang='lat' dir='ltr'>exemplo</span> <span class='ocrx_word' id='word_1_59' title='bbox 1527 779 1673 828; x_wconf 83' lang='lat' dir='ltr'>plures</span> <span class='ocrx_word' id='word_1_60' title='bbox 1710 779 1840 816; x_wconf 89' lang='lat' dir='ltr'>etiam</span> <span class='ocrx_word' id='word_1_61' title='bbox 1876 778 1929 816; x_wconf 89' lang='lat' dir='ltr'>ad</span> 
     </span>
     <span class='ocr_line' id='line_1_9' title="bbox 294 850 1928 902; baseline -0.002 -12"><span class='ocrx_word' id='word_1_62' title='bbox 294 852 506 902; x_wconf 88' lang='lat' dir='ltr'>pietatem</span> <span class='ocrx_word' id='word_1_63' title='bbox 529 862 635 888; x_wconf 89' lang='lat' dir='ltr'>uere</span> <span class='ocrx_word' id='word_1_64' title='bbox 659 850 935 888; x_wconf 85' lang='lat' dir='ltr'>christianam</span> <span class='ocrx_word' id='word_1_65' title='bbox 959 851 1069 887; x_wconf 89' lang='lat' dir='ltr'>allici</span> <span class='ocrx_word' id='word_1_66' title='bbox 1092 862 1223 900; x_wconf 89' lang='lat' dir='ltr'>posse</span> <span class='ocrx_word' id='word_1_67' title='bbox 1246 862 1485 901; x_wconf 74' lang='lat' dir='ltr'>speramus,</span> <span class='ocrx_word' id='word_1_68' title='bbox 1511 851 1790 900; x_wconf 88' lang='lat' dir='ltr'>Compertam</span> <span class='ocrx_word' id='word_1_69' title='bbox 1824 863 1928 888; x_wconf 92' lang='lat' dir='ltr'>sane</span> 
     </span>
     <span class='ocr_line' id='line_1_10' title="bbox 295 921 1928 972; baseline -0.001 -12"><span class='ocrx_word' id='word_1_70' title='bbox 295 923 506 960; x_wconf 83' lang='lat' dir='ltr'>habemus</span> <span class='ocrx_word' id='word_1_71' title='bbox 542 922 691 959; x_wconf 85' lang='lat' dir='ltr'>miram</span> <span class='ocrx_word' id='word_1_72' title='bbox 723 921 764 959; x_wconf 87' lang='lat' dir='ltr'>in</span> <span class='ocrx_word' id='word_1_73' title='bbox 796 921 1053 972; x_wconf 77' lang='lat' dir='ltr'>quibusdam</span> <span class='ocrx_word' id='word_1_74' title='bbox 1075 926 1165 958; x_wconf 92' lang='lat' dir='ltr'>tum</span> <span class='ocrx_word' id='word_1_75' title='bbox 1189 922 1306 968; x_wconf 89' lang='lat' dir='ltr'>uiris,</span> <span class='ocrx_word' id='word_1_76' title='bbox 1332 927 1421 958; x_wconf 90' lang='lat' dir='ltr'>tum</span> <span class='ocrx_word' id='word_1_77' title='bbox 1444 922 1697 960; x_wconf 86' lang='lat' dir='ltr'>mulieribus</span> <span class='ocrx_word' id='word_1_78' title='bbox 1718 922 1928 972; x_wconf 84' lang='lat' dir='ltr'>pietatem</span> 
     </span>
     <span class='ocr_line' id='line_1_11' title="bbox 295 992 1929 1045; baseline -0.001 -13"><span class='ocrx_word' id='word_1_79' title='bbox 295 1000 425 1045; x_wconf 89' lang='lat' dir='ltr'>atque</span> <span class='ocrx_word' id='word_1_80' title='bbox 448 1005 642 1031; x_wconf 88' lang='lat' dir='ltr'>amorem</span> <span class='ocrx_word' id='word_1_81' title='bbox 666 993 928 1030; x_wconf 83' lang='lat' dir='ltr'>christianae</span> <span class='ocrx_word' id='word_1_82' title='bbox 952 992 1191 1042; x_wconf 81' lang='lat' dir='ltr'>religionis,</span> <span class='ocrx_word' id='word_1_83' title='bbox 1215 992 1332 1041; x_wconf 89' lang='lat' dir='ltr'>quod</span> <span class='ocrx_word' id='word_1_84' title='bbox 1365 1004 1461 1030; x_wconf 85' lang='lat' dir='ltr'>cum</span> <span class='ocrx_word' id='word_1_85' title='bbox 1497 993 1642 1031; x_wconf 87' lang='lat' dir='ltr'>multis</span> <span class='ocrx_word' id='word_1_86' title='bbox 1677 993 1771 1041; x_wconf 86' lang='lat' dir='ltr'>alijs</span> <span class='ocrx_word' id='word_1_87' title='bbox 1806 1006 1929 1043; x_wconf 89' lang='lat' dir='ltr'>argu-</span> 
     </span>
     <span class='ocr_line' id='line_1_12' title="bbox 295 1063 1928 1115; baseline -0.001 -12"><span class='ocrx_word' id='word_1_88' title='bbox 295 1065 469 1113; x_wconf 81' lang='lat' dir='ltr'>mentis,</span> <span class='ocrx_word' id='word_1_89' title='bbox 503 1070 591 1102; x_wconf 92' lang='lat' dir='ltr'>tum</span> <span class='ocrx_word' id='word_1_90' title='bbox 616 1064 685 1102; x_wconf 91' lang='lat' dir='ltr'>uel</span> <span class='ocrx_word' id='word_1_91' title='bbox 708 1065 793 1102; x_wconf 88' lang='lat' dir='ltr'>hoc</span> <span class='ocrx_word' id='word_1_92' title='bbox 815 1077 901 1101; x_wconf 89' lang='lat' dir='ltr'>uno</span> <span class='ocrx_word' id='word_1_93' title='bbox 925 1063 1098 1101; x_wconf 86' lang='lat' dir='ltr'>abunde</span> <span class='ocrx_word' id='word_1_94' title='bbox 1121 1063 1335 1101; x_wconf 85' lang='lat' dir='ltr'>declarari</span> <span class='ocrx_word' id='word_1_95' title='bbox 1355 1069 1519 1114; x_wconf 88' lang='lat' dir='ltr'>potest,</span> <span class='ocrx_word' id='word_1_96' title='bbox 1544 1063 1661 1115; x_wconf 91' lang='lat' dir='ltr'>quod</span> <span class='ocrx_word' id='word_1_97' title='bbox 1684 1077 1781 1102; x_wconf 89' lang='lat' dir='ltr'>cum</span> <span class='ocrx_word' id='word_1_98' title='bbox 1805 1076 1928 1115; x_wconf 92' lang='lat' dir='ltr'>egre-</span> 
     </span>
     <span class='ocr_line' id='line_1_13' title="bbox 288 1135 1930 1190; baseline 0 -16"><span class='ocrx_word' id='word_1_99' title='bbox 288 1138 409 1190; x_wconf 89' lang='lat' dir='ltr'>giam</span> <span class='ocrx_word' id='word_1_100' title='bbox 432 1135 618 1187; x_wconf 88' lang='lat' dir='ltr'>aliquam</span> <span class='ocrx_word' id='word_1_101' title='bbox 642 1136 904 1174; x_wconf 86' lang='lat' dir='ltr'>sententiam</span> <span class='ocrx_word' id='word_1_102' title='bbox 928 1136 969 1172; x_wconf 92' lang='lat' dir='ltr'>in</span> <span class='ocrx_word' id='word_1_103' title='bbox 990 1135 1163 1186; x_wconf 88' lang='lat' dir='ltr'>publica</span> <span class='ocrx_word' id='word_1_104' title='bbox 1185 1135 1400 1173; x_wconf 90' lang='lat' dir='ltr'>concione</span> <span class='ocrx_word' id='word_1_105' title='bbox 1423 1135 1655 1182; x_wconf 85' lang='lat' dir='ltr'>audierint,</span> <span class='ocrx_word' id='word_1_106' title='bbox 1688 1149 1775 1173; x_wconf 91' lang='lat' dir='ltr'>non</span> <span class='ocrx_word' id='word_1_107' title='bbox 1806 1149 1930 1174; x_wconf 89' lang='lat' dir='ltr'>uere-</span> 
     </span>
     <span class='ocr_line' id='line_1_14' title="bbox 295 1207 1929 1258; baseline 0 -12"><span class='ocrx_word' id='word_1_108' title='bbox 295 1208 539 1247; x_wconf 90' lang='lat' dir='ltr'>cundentur</span> <span class='ocrx_word' id='word_1_109' title='bbox 576 1220 671 1246; x_wconf 86' lang='lat' dir='ltr'>eam</span> <span class='ocrx_word' id='word_1_110' title='bbox 706 1207 986 1258; x_wconf 78' lang='lat' dir='ltr'>postmodum</span> <span class='ocrx_word' id='word_1_111' title='bbox 1022 1207 1075 1244; x_wconf 93' lang='lat' dir='ltr'>ab</span> <span class='ocrx_word' id='word_1_112' title='bbox 1111 1208 1205 1258; x_wconf 87' lang='lat' dir='ltr'>ipso</span> <span class='ocrx_word' id='word_1_113' title='bbox 1242 1208 1557 1245; x_wconf 87' lang='lat' dir='ltr'>concionatore</span> <span class='ocrx_word' id='word_1_114' title='bbox 1581 1208 1783 1258; x_wconf 89' lang='lat' dir='ltr'>scriptam</span> <span class='ocrx_word' id='word_1_115' title='bbox 1805 1220 1929 1258; x_wconf 84' lang='lat' dir='ltr'>repe-</span> 
     </span>
     <span class='ocr_line' id='line_1_15' title="bbox 296 1278 1930 1331; baseline -0.001 -13"><span class='ocrx_word' id='word_1_116' title='bbox 296 1286 407 1328; x_wconf 91' lang='lat' dir='ltr'>tere,</span> <span class='ocrx_word' id='word_1_117' title='bbox 427 1286 560 1331; x_wconf 89' lang='lat' dir='ltr'>atque</span> <span class='ocrx_word' id='word_1_118' title='bbox 577 1280 699 1318; x_wconf 88' lang='lat' dir='ltr'>hisce</span> <span class='ocrx_word' id='word_1_119' title='bbox 722 1279 853 1317; x_wconf 86' lang='lat' dir='ltr'>rebus</span> <span class='ocrx_word' id='word_1_120' title='bbox 875 1279 1067 1329; x_wconf 85' lang='lat' dir='ltr'>parietes</span> <span class='ocrx_word' id='word_1_121' title='bbox 1089 1291 1192 1316; x_wconf 87' lang='lat' dir='ltr'>suos</span> <span class='ocrx_word' id='word_1_122' title='bbox 1209 1278 1326 1316; x_wconf 89' lang='lat' dir='ltr'>domi</span> <span class='ocrx_word' id='word_1_123' title='bbox 1352 1291 1521 1316; x_wconf 90' lang='lat' dir='ltr'>ornare.</span> <span class='ocrx_word' id='word_1_124' title='bbox 1542 1278 1666 1317; x_wconf 90' lang='lat' dir='ltr'>Vnde</span> <span class='ocrx_word' id='word_1_125' title='bbox 1690 1278 1930 1317; x_wconf 90' lang='lat' dir='ltr'>laudandus</span> 
     </span>
     <span class='ocr_line' id='line_1_16' title="bbox 296 1349 1930 1402; baseline -0.002 -12"><span class='ocrx_word' id='word_1_126' title='bbox 296 1357 363 1390; x_wconf 86' lang='lat' dir='ltr'>est</span> <span class='ocrx_word' id='word_1_127' title='bbox 378 1352 514 1398; x_wconf 80' lang='lat' dir='ltr'>Deus,</span> <span class='ocrx_word' id='word_1_128' title='bbox 534 1351 605 1402; x_wconf 91' lang='lat' dir='ltr'>qui</span> <span class='ocrx_word' id='word_1_129' title='bbox 624 1363 723 1388; x_wconf 78' lang='lat' dir='ltr'>suas</span> <span class='ocrx_word' id='word_1_130' title='bbox 741 1362 849 1388; x_wconf 84' lang='lat' dir='ltr'>oues</span> <span class='ocrx_word' id='word_1_131' title='bbox 867 1350 1008 1400; x_wconf 85' lang='lat' dir='ltr'>perire</span> <span class='ocrx_word' id='word_1_132' title='bbox 1027 1363 1114 1388; x_wconf 90' lang='lat' dir='ltr'>non</span> <span class='ocrx_word' id='word_1_133' title='bbox 1132 1350 1239 1396; x_wconf 89' lang='lat' dir='ltr'>uult,</span> <span class='ocrx_word' id='word_1_134' title='bbox 1260 1349 1337 1387; x_wconf 83' lang='lat' dir='ltr'>sed</span> <span class='ocrx_word' id='word_1_135' title='bbox 1355 1350 1468 1387; x_wconf 88' lang='lat' dir='ltr'>inter</span> <span class='ocrx_word' id='word_1_136' title='bbox 1484 1355 1570 1387; x_wconf 88' lang='lat' dir='ltr'>tam</span> <span class='ocrx_word' id='word_1_137' title='bbox 1587 1350 1720 1388; x_wconf 89' lang='lat' dir='ltr'>multa</span> <span class='ocrx_word' id='word_1_138' title='bbox 1736 1350 1930 1401; x_wconf 85' lang='lat' dir='ltr'>pericula</span> 
     </span>
     <span class='ocr_line' id='line_1_17' title="bbox 295 1420 1929 1462; baseline -0.002 0"><span class='ocrx_word' id='word_1_139' title='bbox 295 1436 346 1462; x_wconf 90' lang='lat' dir='ltr'>ac</span> <span class='ocrx_word' id='word_1_140' title='bbox 366 1435 512 1461; x_wconf 90' lang='lat' dir='ltr'>rerum</span> <span class='ocrx_word' id='word_1_141' title='bbox 534 1423 629 1461; x_wconf 82' lang='lat' dir='ltr'>fere</span> <span class='ocrx_word' id='word_1_142' title='bbox 651 1421 841 1460; x_wconf 88' lang='lat' dir='ltr'>omnium</span> <span class='ocrx_word' id='word_1_143' title='bbox 865 1421 1113 1460; x_wconf 82' lang='lat' dir='ltr'>discrimina</span> <span class='ocrx_word' id='word_1_144' title='bbox 1134 1422 1279 1459; x_wconf 91' lang='lat' dir='ltr'>lumen</span> <span class='ocrx_word' id='word_1_145' title='bbox 1302 1433 1434 1459; x_wconf 87' lang='lat' dir='ltr'>uerae</span> <span class='ocrx_word' id='word_1_146' title='bbox 1456 1420 1558 1459; x_wconf 92' lang='lat' dir='ltr'>fidei</span> <span class='ocrx_word' id='word_1_147' title='bbox 1585 1420 1627 1458; x_wconf 89' lang='lat' dir='ltr'>in</span> <span class='ocrx_word' id='word_1_148' title='bbox 1650 1421 1929 1461; x_wconf 88' lang='lat' dir='ltr'>Germaniam</span> 
     </span>
     <span class='ocr_line' id='line_1_18' title="bbox 294 1492 1929 1543; baseline -0.001 -10"><span class='ocrx_word' id='word_1_149' title='bbox 294 1495 480 1534; x_wconf 84' lang='lat' dir='ltr'>reducit.</span> <span class='ocrx_word' id='word_1_150' title='bbox 506 1494 571 1532; x_wconf 92' lang='lat' dir='ltr'>De</span> <span class='ocrx_word' id='word_1_151' title='bbox 593 1494 693 1543; x_wconf 88' lang='lat' dir='ltr'>filijs</span> <span class='ocrx_word' id='word_1_152' title='bbox 716 1493 982 1532; x_wconf 85' lang='lat' dir='ltr'>serenissimi</span> <span class='ocrx_word' id='word_1_153' title='bbox 1006 1492 1123 1543; x_wconf 88' lang='lat' dir='ltr'>regis</span> <span class='ocrx_word' id='word_1_154' title='bbox 1146 1492 1424 1531; x_wconf 84' lang='lat' dir='ltr'>Maximiliani</span> <span class='ocrx_word' id='word_1_155' title='bbox 1441 1492 1655 1543; x_wconf 89' lang='lat' dir='ltr'>quaedam</span> <span class='ocrx_word' id='word_1_156' title='bbox 1674 1506 1729 1531; x_wconf 83' lang='lat' dir='ltr'>ex</span> <span class='ocrx_word' id='word_1_157' title='bbox 1750 1505 1929 1543; x_wconf 90' lang='lat' dir='ltr'>praece-</span> 
     </span>
     <span class='ocr_line' id='line_1_19' title="bbox 295 1564 1927 1615; baseline -0.002 -10"><span class='ocrx_word' id='word_1_158' title='bbox 295 1567 499 1605; x_wconf 90' lang='lat' dir='ltr'>dentibus</span> <span class='ocrx_word' id='word_1_159' title='bbox 521 1566 658 1603; x_wconf 89' lang='lat' dir='ltr'>literis</span> <span class='ocrx_word' id='word_1_160' title='bbox 682 1567 728 1603; x_wconf 76' lang='lat' dir='ltr'>R.</span> <span class='ocrx_word' id='word_1_161' title='bbox 755 1566 800 1603; x_wconf 81' lang='lat' dir='ltr'>P.</span> <span class='ocrx_word' id='word_1_162' title='bbox 826 1566 874 1603; x_wconf 92' lang='lat' dir='ltr'>T.</span> <span class='ocrx_word' id='word_1_163' title='bbox 901 1565 1126 1615; x_wconf 89' lang='lat' dir='ltr'>cognouit,</span> <span class='ocrx_word' id='word_1_164' title='bbox 1162 1569 1205 1602; x_wconf 89' lang='lat' dir='ltr'>et</span> <span class='ocrx_word' id='word_1_165' title='bbox 1235 1577 1362 1614; x_wconf 87' lang='lat' dir='ltr'>quam</span> <span class='ocrx_word' id='word_1_166' title='bbox 1397 1564 1571 1602; x_wconf 86' lang='lat' dir='ltr'>solliciti</span> <span class='ocrx_word' id='word_1_167' title='bbox 1607 1565 1758 1602; x_wconf 88' lang='lat' dir='ltr'>Patres</span> <span class='ocrx_word' id='word_1_168' title='bbox 1792 1565 1927 1603; x_wconf 87' lang='lat' dir='ltr'>nostri</span> 
     </span>
     <span class='ocr_line' id='line_1_20' title="bbox 295 1636 1927 1689; baseline -0.001 -13"><span class='ocrx_word' id='word_1_169' title='bbox 295 1650 468 1689; x_wconf 84' lang='lat' dir='ltr'>semper</span> <span class='ocrx_word' id='word_1_170' title='bbox 499 1637 555 1676; x_wconf 91' lang='lat' dir='ltr'>de</span> <span class='ocrx_word' id='word_1_171' title='bbox 586 1637 655 1688; x_wconf 88' lang='lat' dir='ltr'>pia</span> <span class='ocrx_word' id='word_1_172' title='bbox 692 1636 948 1675; x_wconf 86' lang='lat' dir='ltr'>eorumdem</span> <span class='ocrx_word' id='word_1_173' title='bbox 986 1636 1250 1674; x_wconf 87' lang='lat' dir='ltr'>educatione</span> <span class='ocrx_word' id='word_1_174' title='bbox 1285 1636 1461 1682; x_wconf 74' lang='lat' dir='ltr'>fuerint,</span> <span class='ocrx_word' id='word_1_175' title='bbox 1486 1645 1693 1686; x_wconf 86' lang='lat' dir='ltr'>quantum</span> <span class='ocrx_word' id='word_1_176' title='bbox 1716 1637 1927 1687; x_wconf 86' lang='lat' dir='ltr'>suspicor,</span> 
     </span>
     <span class='ocr_line' id='line_1_21' title="bbox 293 1707 1930 1759; baseline -0.002 -10"><span class='ocrx_word' id='word_1_177' title='bbox 293 1709 512 1749; x_wconf 86' lang='lat' dir='ltr'>intellexit</span> <span class='ocrx_word' id='word_1_178' title='bbox 536 1713 560 1747; x_wconf 91' lang='lat'>¹.</span> <span class='ocrx_word' id='word_1_179' title='bbox 586 1710 685 1747; x_wconf 90' lang='lat' dir='ltr'>Hoc</span> <span class='ocrx_word' id='word_1_180' title='bbox 706 1714 851 1746; x_wconf 85' lang='lat' dir='ltr'>autem</span> <span class='ocrx_word' id='word_1_181' title='bbox 876 1707 1273 1759; x_wconf 85' lang='lat' dir='ltr'>quad[r]agesimali</span> <span class='ocrx_word' id='word_1_182' title='bbox 1297 1713 1498 1758; x_wconf 92' lang='lat' dir='ltr'>tempore</span> <span class='ocrx_word' id='word_1_183' title='bbox 1530 1707 1701 1746; x_wconf 90' lang='lat' dir='ltr'>cuidam</span> <span class='ocrx_word' id='word_1_184' title='bbox 1725 1721 1747 1745; x_wconf 94' lang='lat' dir='ltr'>e</span> <span class='ocrx_word' id='word_1_185' title='bbox 1770 1708 1930 1746; x_wconf 90' lang='lat' dir='ltr'>nostris</span> 
     </span>
     <span class='ocr_line' id='line_1_22' title="bbox 296 1779 1925 1830; baseline -0.002 -10"><span class='ocrx_word' id='word_1_186' title='bbox 296 1782 497 1820; x_wconf 79' lang='lat' dir='ltr'>Patribus</span> <span class='ocrx_word' id='word_1_187' title='bbox 520 1780 714 1820; x_wconf 84' lang='lat' dir='ltr'>confessi</span> <span class='ocrx_word' id='word_1_188' title='bbox 736 1784 849 1826; x_wconf 85' lang='lat' dir='ltr'>sunt,</span> <span class='ocrx_word' id='word_1_189' title='bbox 874 1779 1004 1830; x_wconf 86' lang='lat' dir='ltr'>idque</span> <span class='ocrx_word' id='word_1_190' title='bbox 1041 1792 1197 1830; x_wconf 91' lang='lat' dir='ltr'>magna</span> <span class='ocrx_word' id='word_1_191' title='bbox 1219 1791 1315 1817; x_wconf 89' lang='lat' dir='ltr'>eum</span> <span class='ocrx_word' id='word_1_192' title='bbox 1337 1784 1588 1816; x_wconf 88' lang='lat' dir='ltr'>nostrorum</span> <span class='ocrx_word' id='word_1_193' title='bbox 1612 1779 1799 1817; x_wconf 89' lang='lat' dir='ltr'>omnium</span> <span class='ocrx_word' id='word_1_194' title='bbox 1825 1792 1925 1818; x_wconf 90' lang='lat' dir='ltr'>con-</span> 
     </span>
     <span class='ocr_line' id='line_1_23' title="bbox 295 1849 1927 1903; baseline -0.003 -11"><span class='ocrx_word' id='word_1_195' title='bbox 295 1854 531 1897; x_wconf 70' lang='lat' dir='ltr'>solatione3</span> <span class='ocrx_word' id='word_1_196' title='bbox 555 1851 672 1903; x_wconf 90' lang='lat' dir='ltr'>quod</span> <span class='ocrx_word' id='word_1_197' title='bbox 690 1863 847 1902; x_wconf 90' lang='lat' dir='ltr'>magna</span> <span class='ocrx_word' id='word_1_198' title='bbox 867 1851 886 1875; x_wconf 58' lang='grc' dir='ltr'>ἲ)</span> <span class='ocrx_word' id='word_1_199' title='bbox 909 1849 1131 1888; x_wconf 88' lang='lat' dir='ltr'>christiani</span> <span class='ocrx_word' id='word_1_200' title='bbox 1150 1851 1266 1887; x_wconf 86' lang='lat' dir='ltr'>orbis</span> <span class='ocrx_word' id='word_1_201' title='bbox 1283 1862 1381 1900; x_wconf 86' lang='lat' dir='ltr'>pars</span> <span class='ocrx_word' id='word_1_202' title='bbox 1399 1850 1452 1887; x_wconf 90' lang='lat' dir='ltr'>ab</span> <span class='ocrx_word' id='word_1_203' title='bbox 1469 1849 1521 1898; x_wconf 85' lang='lat' dir='ltr'>ijs</span> <span class='ocrx_word' id='word_1_204' title='bbox 1538 1849 1733 1900; x_wconf 90' lang='lat' dir='ltr'>pendere</span> <span class='ocrx_word' id='word_1_205' title='bbox 1753 1852 1927 1888; x_wconf 89' lang='lat' dir='ltr'>omnino</span> 
     </span>
     <span class='ocr_line' id='line_1_24' title="bbox 294 1921 1927 1972; baseline -0.003 -9"><span class='ocrx_word' id='word_1_206' title='bbox 294 1924 510 1963; x_wconf 86' lang='lat' dir='ltr'>uideatur.</span> <span class='ocrx_word' id='word_1_207' title='bbox 536 1923 740 1962; x_wconf 83' lang='lat' dir='ltr'>Confessi</span> <span class='ocrx_word' id='word_1_208' title='bbox 764 1928 863 1960; x_wconf 90' lang='lat' dir='ltr'>sunt</span> <span class='ocrx_word' id='word_1_209' title='bbox 885 1926 1131 1972; x_wconf 85' lang='lat' dir='ltr'>praeterea,</span> <span class='ocrx_word' id='word_1_210' title='bbox 1157 1926 1201 1958; x_wconf 88' lang='lat' dir='ltr'>ut</span> <span class='ocrx_word' id='word_1_211' title='bbox 1225 1921 1277 1959; x_wconf 87' lang='lat' dir='ltr'>de</span> <span class='ocrx_word' id='word_1_212' title='bbox 1301 1932 1424 1959; x_wconf 90' lang='lat' dir='ltr'>more</span> <span class='ocrx_word' id='word_1_213' title='bbox 1455 1921 1634 1967; x_wconf 88' lang='lat' dir='ltr'>habent,</span> <span class='ocrx_word' id='word_1_214' title='bbox 1667 1921 1804 1958; x_wconf 85' lang='lat' dir='ltr'>nostri</span> <span class='ocrx_word' id='word_1_215' title='bbox 1841 1926 1927 1958; x_wconf 89' lang='lat' dir='ltr'>stu-</span> 
     </span>
     <span class='ocr_line' id='line_1_25' title="bbox 294 1992 1927 2047; baseline -0.002 -13"><span class='ocrx_word' id='word_1_216' title='bbox 294 1996 421 2042; x_wconf 86' lang='lat' dir='ltr'>diosi,</span> <span class='ocrx_word' id='word_1_217' title='bbox 454 2009 638 2047; x_wconf 87' lang='lat' dir='ltr'>quorum</span> <span class='ocrx_word' id='word_1_218' title='bbox 669 1995 872 2046; x_wconf 87' lang='lat' dir='ltr'>permulti</span> <span class='ocrx_word' id='word_1_219' title='bbox 894 1992 936 2032; x_wconf 87' lang='lat' dir='ltr'>id</span> <span class='ocrx_word' id='word_1_220' title='bbox 959 1994 1214 2043; x_wconf 87' lang='lat' dir='ltr'>saepissime</span> <span class='ocrx_word' id='word_1_221' title='bbox 1237 1993 1384 2031; x_wconf 88' lang='lat' dir='ltr'>facere</span> <span class='ocrx_word' id='word_1_222' title='bbox 1407 2005 1565 2043; x_wconf 90' lang='lat' dir='ltr'>magno</span> <span class='ocrx_word' id='word_1_223' title='bbox 1589 2005 1685 2031; x_wconf 87' lang='lat' dir='ltr'>cum</span> <span class='ocrx_word' id='word_1_224' title='bbox 1708 1993 1836 2031; x_wconf 91' lang='lat' dir='ltr'>animi</span> <span class='ocrx_word' id='word_1_225' title='bbox 1861 2006 1927 2031; x_wconf 82' lang='lat' dir='ltr'>so-</span> 
     </span>
     <span class='ocr_line' id='line_1_26' title="bbox 295 2063 1929 2114; baseline -0.003 -8"><span class='ocrx_word' id='word_1_226' title='bbox 295 2067 397 2106; x_wconf 87' lang='lat' dir='ltr'>latio</span> <span class='ocrx_word' id='word_1_227' title='bbox 422 2071 765 2106; x_wconf 85' lang='lat' dir='ltr'>consueuerunt.</span> <span class='ocrx_word' id='word_1_228' title='bbox 790 2066 901 2104; x_wconf 87' lang='lat' dir='ltr'>Sunt</span> <span class='ocrx_word' id='word_1_229' title='bbox 923 2079 977 2103; x_wconf 82' lang='lat' dir='ltr'>ex</span> <span class='ocrx_word' id='word_1_230' title='bbox 1000 2065 1082 2103; x_wconf 85' lang='lat' dir='ltr'>illis</span> <span class='ocrx_word' id='word_1_231' title='bbox 1106 2066 1307 2103; x_wconf 87' lang='lat' dir='ltr'>omnibus</span> <span class='ocrx_word' id='word_1_232' title='bbox 1328 2065 1411 2102; x_wconf 90' lang='lat' dir='ltr'>iam</span> <span class='ocrx_word' id='word_1_233' title='bbox 1432 2064 1626 2102; x_wconf 90' lang='lat' dir='ltr'>nonnulli</span> <span class='ocrx_word' id='word_1_234' title='bbox 1649 2063 1736 2114; x_wconf 86' lang='lat' dir='ltr'>qui,</span> <span class='ocrx_word' id='word_1_235' title='bbox 1761 2070 1807 2101; x_wconf 89' lang='lat' dir='ltr'>ut</span> <span class='ocrx_word' id='word_1_236' title='bbox 1828 2076 1929 2114; x_wconf 91' lang='lat' dir='ltr'>pec-</span> 
     </span>
     <span class='ocr_line' id='line_1_27' title="bbox 295 2134 1926 2186; baseline -0.003 -8"><span class='ocrx_word' id='word_1_237' title='bbox 295 2145 493 2178; x_wconf 91' lang='lat' dir='ltr'>catorum</span> <span class='ocrx_word' id='word_1_238' title='bbox 515 2151 693 2177; x_wconf 90' lang='lat' dir='ltr'>suorum</span> <span class='ocrx_word' id='word_1_239' title='bbox 717 2138 929 2175; x_wconf 88' lang='lat' dir='ltr'>sarcinam</span> <span class='ocrx_word' id='word_1_240' title='bbox 952 2137 1139 2174; x_wconf 87' lang='lat' dir='ltr'>libenter</span> <span class='ocrx_word' id='word_1_241' title='bbox 1162 2135 1215 2173; x_wconf 94' lang='lat' dir='ltr'>ad</span> <span class='ocrx_word' id='word_1_242' title='bbox 1238 2135 1493 2184; x_wconf 80' lang='lat' dir='ltr'>confessarij</span> <span class='ocrx_word' id='word_1_243' title='bbox 1525 2134 1663 2185; x_wconf 89' lang='lat' dir='ltr'>pedes</span> <span class='ocrx_word' id='word_1_244' title='bbox 1685 2134 1926 2186; x_wconf 90' lang='lat' dir='ltr'>deponunt,</span> 
     </span>
     <span class='ocr_line' id='line_1_28' title="bbox 294 2207 1926 2262; baseline -0.004 -12"><span class='ocrx_word' id='word_1_245' title='bbox 294 2213 353 2250; x_wconf 89' lang='lat' dir='ltr'>ita</span> <span class='ocrx_word' id='word_1_246' title='bbox 375 2224 398 2249; x_wconf 88' lang='lat' dir='ltr'>a</span> <span class='ocrx_word' id='word_1_247' title='bbox 419 2210 630 2262; x_wconf 88' lang='lat' dir='ltr'>generali,</span> <span class='ocrx_word' id='word_1_248' title='bbox 657 2216 702 2247; x_wconf 89' lang='lat' dir='ltr'>ut</span> <span class='ocrx_word' id='word_1_249' title='bbox 723 2215 899 2256; x_wconf 90' lang='lat' dir='ltr'>uocant,</span> <span class='ocrx_word' id='word_1_250' title='bbox 924 2208 1202 2246; x_wconf 83' lang='lat' dir='ltr'>confessione</span> <span class='ocrx_word' id='word_1_251' title='bbox 1227 2220 1304 2245; x_wconf 87' lang='lat' dir='ltr'>seu</span> <span class='ocrx_word' id='word_1_252' title='bbox 1327 2208 1462 2245; x_wconf 85' lang='lat' dir='ltr'>totius</span> <span class='ocrx_word' id='word_1_253' title='bbox 1493 2207 1610 2245; x_wconf 86' lang='lat' dir='ltr'>uitae</span> <span class='ocrx_word' id='word_1_254' title='bbox 1644 2210 1926 2257; x_wconf 85' lang='lat' dir='ltr'>peccatorum</span> 
     </span>
     <span class='ocr_line' id='line_1_29' title="bbox 297 2278 1928 2332; baseline -0.004 -11"><span class='ocrx_word' id='word_1_255' title='bbox 297 2282 605 2332; x_wconf 80' lang='lat' dir='ltr'>exomologesi</span> <span class='ocrx_word' id='word_1_256' title='bbox 636 2294 723 2319; x_wconf 85' lang='lat' dir='ltr'>non</span> <span class='ocrx_word' id='word_1_257' title='bbox 755 2281 1009 2323; x_wconf 81' lang='lat' dir='ltr'>abhorrent,</span> <span class='ocrx_word' id='word_1_258' title='bbox 1034 2279 1231 2330; x_wconf 85' lang='lat' dir='ltr'>quamuis</span> <span class='ocrx_word' id='word_1_259' title='bbox 1252 2279 1339 2317; x_wconf 91' lang='lat' dir='ltr'>hoc</span> <span class='ocrx_word' id='word_1_260' title='bbox 1359 2291 1499 2330; x_wconf 89' lang='lat' dir='ltr'>genus</span> <span class='ocrx_word' id='word_1_261' title='bbox 1521 2278 1758 2316; x_wconf 89' lang='lat' dir='ltr'>confitendi</span> <span class='ocrx_word' id='word_1_262' title='bbox 1779 2291 1928 2328; x_wconf 89' lang='lat' dir='ltr'>parum</span> 
     </span>
     <span class='ocr_line' id='line_1_30' title="bbox 294 2349 1929 2399; baseline -0.004 -6"><span class='ocrx_word' id='word_1_263' title='bbox 294 2354 427 2393; x_wconf 83' lang='lat' dir='ltr'>fuerit</span> <span class='ocrx_word' id='word_1_264' title='bbox 447 2357 598 2391; x_wconf 88' lang='lat' dir='ltr'>nostra</span> <span class='ocrx_word' id='word_1_265' title='bbox 622 2358 770 2391; x_wconf 87' lang='lat' dir='ltr'>aetate</span> <span class='ocrx_word' id='word_1_266' title='bbox 791 2352 832 2389; x_wconf 92' lang='lat' dir='ltr'>in</span> <span class='ocrx_word' id='word_1_267' title='bbox 854 2351 1090 2389; x_wconf 77' lang='lat' dir='ltr'>Germania</span> <span class='ocrx_word' id='word_1_268' title='bbox 1111 2356 1278 2397; x_wconf 90' lang='lat' dir='ltr'>notum,</span> <span class='ocrx_word' id='word_1_269' title='bbox 1302 2349 1463 2388; x_wconf 89' lang='lat' dir='ltr'>nedum</span> <span class='ocrx_word' id='word_1_270' title='bbox 1486 2350 1706 2388; x_wconf 88' lang='lat' dir='ltr'>usitatum.</span> <span class='ocrx_word' id='word_1_271' title='bbox 1734 2349 1864 2399; x_wconf 75' lang='lat' dir='ltr'>Quod</span> <span class='ocrx_word' id='word_1_272' title='bbox 1895 2349 1929 2386; x_wconf 90' lang='lat' dir='ltr'>si</span> 
     </span>
     <span class='ocr_line' id='line_1_31' title="bbox 296 2420 1929 2476; baseline -0.003 -13"><span class='ocrx_word' id='word_1_273' title='bbox 296 2430 544 2476; x_wconf 80' lang='lat' dir='ltr'>quaeratur,</span> <span class='ocrx_word' id='word_1_274' title='bbox 584 2423 700 2461; x_wconf 89' lang='lat' dir='ltr'>vnde</span> <span class='ocrx_word' id='word_1_275' title='bbox 736 2424 848 2461; x_wconf 86' lang='lat' dir='ltr'>haec</span> <span class='ocrx_word' id='word_1_276' title='bbox 884 2429 970 2460; x_wconf 87' lang='lat' dir='ltr'>tam</span> <span class='ocrx_word' id='word_1_277' title='bbox 1002 2423 1143 2473; x_wconf 86' lang='lat' dir='ltr'>ampla</span> <span class='ocrx_word' id='word_1_278' title='bbox 1165 2423 1320 2460; x_wconf 87' lang='lat' dir='ltr'>messis</span> <span class='ocrx_word' id='word_1_279' title='bbox 1342 2422 1383 2459; x_wconf 90' lang='lat' dir='ltr'>in</span> <span class='ocrx_word' id='word_1_280' title='bbox 1405 2427 1492 2459; x_wconf 90' lang='lat' dir='ltr'>tam</span> <span class='ocrx_word' id='word_1_281' title='bbox 1515 2420 1651 2459; x_wconf 88' lang='lat' dir='ltr'>sterili</span> <span class='ocrx_word' id='word_1_282' title='bbox 1674 2420 1848 2459; x_wconf 85' lang='lat' dir='ltr'>Domini</span> <span class='ocrx_word' id='word_1_283' title='bbox 1870 2420 1929 2458; x_wconf 91' lang='lat' dir='ltr'>ui-</span> 
     </span>
     <span class='ocr_line' id='line_1_32' title="bbox 296 2492 1929 2542; baseline -0.003 -8"><span class='ocrx_word' id='word_1_284' title='bbox 296 2496 400 2534; x_wconf 87' lang='lat' dir='ltr'>nea?</span> <span class='ocrx_word' id='word_1_285' title='bbox 422 2497 581 2534; x_wconf 86' lang='lat' dir='ltr'>Parant</span> <span class='ocrx_word' id='word_1_286' title='bbox 606 2507 700 2532; x_wconf 89' lang='lat' dir='ltr'>eam</span> <span class='ocrx_word' id='word_1_287' title='bbox 724 2494 850 2532; x_wconf 87' lang='lat' dir='ltr'>nobis</span> <span class='ocrx_word' id='word_1_288' title='bbox 874 2500 994 2532; x_wconf 76' lang='lat' dir='ltr'>certe</span> <span class='ocrx_word' id='word_1_289' title='bbox 1020 2494 1057 2530; x_wconf 83' lang='lat' dir='ltr'>in</span> <span class='ocrx_word' id='word_1_290' title='bbox 1077 2492 1170 2531; x_wconf 91' lang='lat' dir='ltr'>dies</span> <span class='ocrx_word' id='word_1_291' title='bbox 1206 2493 1456 2532; x_wconf 85' lang='lat' dir='ltr'>uberiorem</span> <span class='ocrx_word' id='word_1_292' title='bbox 1480 2493 1695 2542; x_wconf 87' lang='lat' dir='ltr'>exempla,</span> <span class='ocrx_word' id='word_1_293' title='bbox 1733 2492 1929 2542; x_wconf 89' lang='lat' dir='ltr'>spiritua-</span> 
     </span>
     <span class='ocr_line' id='line_1_33' title="bbox 297 2563 1929 2619; baseline -0.004 -13"><span class='ocrx_word' id='word_1_294' title='bbox 297 2568 438 2618; x_wconf 88' lang='lat' dir='ltr'>liaque</span> <span class='ocrx_word' id='word_1_295' title='bbox 464 2566 684 2615; x_wconf 87' lang='lat' dir='ltr'>colloquia</span> <span class='ocrx_word' id='word_1_296' title='bbox 714 2578 800 2603; x_wconf 91' lang='lat' dir='ltr'>non</span> <span class='ocrx_word' id='word_1_297' title='bbox 824 2565 955 2619; x_wconf 86' lang='lat' dir='ltr'>modo</span> <span class='ocrx_word' id='word_1_298' title='bbox 977 2572 1244 2611; x_wconf 81' lang='lat' dir='ltr'>nostrorum,</span> <span class='ocrx_word' id='word_1_299' title='bbox 1283 2563 1362 2601; x_wconf 90' lang='lat' dir='ltr'>sed</span> <span class='ocrx_word' id='word_1_300' title='bbox 1383 2564 1548 2614; x_wconf 86' lang='lat' dir='ltr'>piarum</span> <span class='ocrx_word' id='word_1_301' title='bbox 1573 2564 1702 2602; x_wconf 87' lang='lat' dir='ltr'>etiam</span> <span class='ocrx_word' id='word_1_302' title='bbox 1724 2575 1929 2614; x_wconf 88' lang='lat' dir='ltr'>persona-</span> 
     </span>
     <span class='ocr_line' id='line_1_34' title="bbox 296 2635 1925 2690; baseline -0.003 -13"><span class='ocrx_word' id='word_1_303' title='bbox 296 2653 404 2686; x_wconf 90' lang='lat' dir='ltr'>rum,</span> <span class='ocrx_word' id='word_1_304' title='bbox 429 2651 557 2690; x_wconf 81' lang='lat' dir='ltr'>quae,</span> <span class='ocrx_word' id='word_1_305' title='bbox 582 2643 628 2675; x_wconf 87' lang='lat' dir='ltr'>ut</span> <span class='ocrx_word' id='word_1_306' title='bbox 652 2638 909 2687; x_wconf 82' lang='lat' dir='ltr'>euangelica</span> <span class='ocrx_word' id='word_1_307' title='bbox 931 2637 1002 2674; x_wconf 91' lang='lat' dir='ltr'>illa</span> <span class='ocrx_word' id='word_1_308' title='bbox 1023 2638 1176 2675; x_wconf 90' lang='lat' dir='ltr'>mulier</span> <span class='ocrx_word' id='word_1_309' title='bbox 1198 2636 1463 2682; x_wconf 85' lang='lat' dir='ltr'>drachmam,</span> <span class='ocrx_word' id='word_1_310' title='bbox 1501 2648 1628 2686; x_wconf 91' lang='lat' dir='ltr'>quam</span> <span class='ocrx_word' id='word_1_311' title='bbox 1658 2635 1925 2686; x_wconf 87' lang='lat' dir='ltr'>perdiderat,</span> 
     </span>
     <span class='ocr_line' id='line_1_35' title="bbox 297 2705 1927 2760; baseline -0.004 -10"><span class='ocrx_word' id='word_1_312' title='bbox 297 2725 346 2750; x_wconf 80' lang='lat' dir='ltr'>se</span> <span class='ocrx_word' id='word_1_313' title='bbox 368 2710 590 2750; x_wconf 87' lang='lat' dir='ltr'>inuenisse</span> <span class='ocrx_word' id='word_1_314' title='bbox 613 2709 874 2760; x_wconf 81' lang='lat' dir='ltr'>gaudentes,</span> <span class='ocrx_word' id='word_1_315' title='bbox 899 2709 1082 2756; x_wconf 66' lang='lat' dir='ltr'>uicinos,</span> <span class='ocrx_word' id='word_1_316' title='bbox 1103 2709 1174 2759; x_wconf 90' lang='lat' dir='ltr'>qui</span> <span class='ocrx_word' id='word_1_317' title='bbox 1195 2708 1281 2746; x_wconf 89' lang='lat' dir='ltr'>hoc</span> <span class='ocrx_word' id='word_1_318' title='bbox 1299 2708 1428 2745; x_wconf 91' lang='lat' dir='ltr'>etiam</span> <span class='ocrx_word' id='word_1_319' title='bbox 1451 2705 1645 2757; x_wconf 87' lang='lat' dir='ltr'>gaudere</span> <span class='ocrx_word' id='word_1_320' title='bbox 1663 2707 1779 2744; x_wconf 91' lang='lat' dir='ltr'>bono</span> <span class='ocrx_word' id='word_1_321' title='bbox 1798 2712 1927 2757; x_wconf 86' lang='lat' dir='ltr'>atque</span> 
     </span>
    </p>
   </div>
   <div class='ocr_carea' id='block_1_3' title="bbox 341 2895 1150 2935">
    <p class='ocr_par' dir='ltr' id='par_1_3' title="bbox 341 2895 1150 2935">
     <span class='ocr_line' id='line_1_36' title="bbox 341 2895 1150 2935; baseline -0.006 0"><span class='ocrx_word' id='word_1_322' title='bbox 341 2899 361 2918; x_wconf 75' lang='lat' dir='ltr'>a</span> <span class='ocrx_word' id='word_1_323' title='bbox 411 2910 433 2935; x_wconf 92' lang='lat' dir='ltr'>e</span> <span class='ocrx_word' id='word_1_324' title='bbox 455 2908 534 2934; x_wconf 85' lang='lat' dir='ltr'>ms.</span> <span class='ocrx_word' id='word_1_325' title='bbox 591 2899 660 2922; x_wconf 70' lang='grc' dir='ltr'>--ὓ</span> <span class='ocrx_word' id='word_1_326' title='bbox 683 2896 868 2933; x_wconf 82' lang='lat' dir='ltr'>Emend.</span> <span class='ocrx_word' id='word_1_327' title='bbox 892 2907 942 2933; x_wconf 84' lang='lat' dir='ltr'>ex</span> <span class='ocrx_word' id='word_1_328' title='bbox 964 2895 1150 2932; x_wconf 82' lang='lat' dir='ltr'>maxima.</span> 
     </span>
    </p>
   </div>
   <div class='ocr_carea' id='block_1_4' title="bbox 335 3037 922 3111">
    <p class='ocr_par' dir='ltr' id='par_1_4' title="bbox 335 3037 922 3111">
     <span class='ocr_line' id='line_1_37' title="bbox 335 3037 922 3111; baseline -0.009 -9"><span class='ocrx_word' id='word_1_329' title='bbox 335 3037 355 3085; x_wconf 33' lang='lat'>*¹</span> <span class='ocrx_word' id='word_1_330' title='bbox 411 3064 517 3102; x_wconf 89' lang='lat' dir='ltr'>Vide</span> <span class='ocrx_word' id='word_1_331' title='bbox 536 3076 671 3111; x_wconf 81' lang='lat' dir='ltr'>supra,</span> <span class='ocrx_word' id='word_1_332' title='bbox 694 3075 729 3109; x_wconf 93' lang='lat' dir='ltr'>p.</span> <span class='ocrx_word' id='word_1_333' title='bbox 750 3061 818 3098; x_wconf 68' lang='lat'>454</span> <span class='ocrx_word' id='word_1_334' title='bbox 836 3075 922 3108; x_wconf 88' lang='lat' dir='ltr'>sqq.</span> 
     </span>
    </p>
   </div>
  </div>
 </body>
</html>
