<?xml version="1.0" encoding="UTF-8"?>
<!DOCTYPE html PUBLIC "-//W3C//DTD XHTML 1.0 Transitional//EN"
    "http://www.w3.org/TR/xhtml1/DTD/xhtml1-transitional.dtd">
<html xmlns="http://www.w3.org/1999/xhtml" xml:lang="en" lang="en">
 <head>
  <title>
</title>
<meta http-equiv="Content-Type" content="text/html;charset=utf-8" />
  <meta name='ocr-system' content='tesseract 3.04.00' />
  <meta name='ocr-capabilities' content='ocr_page ocr_carea ocr_par ocr_line ocrx_word'/>
</head>
<body>
  <div class='ocr_page' id='page_1' title='image "./litteraequadrime18lain_0783.png"; bbox 0 0 2038 3400; ppageno 0'>
   <div class='ocr_carea' id='block_1_1' title="bbox 523 231 1686 272">
    <p class='ocr_par' dir='ltr' id='par_1_1' title="bbox 523 231 1686 272">
     <span class='ocr_line' id='line_1_1' title="bbox 523 231 1686 272; baseline -0.003 -1"><span class='ocrx_word' id='word_1_1' title='bbox 523 234 909 272; x_wconf 74' lang='lat' dir='ltr'>407.——V1ND030NA</span> <span class='ocrx_word' id='word_1_2' title='bbox 940 235 981 271; x_wconf 72' lang='lat'>3¹.</span> <span class='ocrx_word' id='word_1_3' title='bbox 1012 234 1202 271; x_wconf 81' lang='lat' dir='ltr'>AUGUSTI</span> <span class='ocrx_word' id='word_1_4' title='bbox 1231 233 1321 270; x_wconf 83' lang='lat'>1560</span> <span class='ocrx_word' id='word_1_5' title='bbox 1617 231 1686 269; x_wconf 83' lang='lat'>765</span> 
     </span>
    </p>
   </div>
   <div class='ocr_carea' id='block_1_2' title="bbox 112 334 1742 2813">
    <p class='ocr_par' dir='ltr' id='par_1_2' title="bbox 112 334 1735 803">
     <span class='ocr_line' id='line_1_2' title="bbox 113 334 1732 382; baseline -0.002 -8"><span class='ocrx_word' id='word_1_6' title='bbox 113 338 238 375; x_wconf 86' lang='lat' dir='ltr'>nobis</span> <span class='ocrx_word' id='word_1_7' title='bbox 260 338 459 376; x_wconf 89' lang='lat' dir='ltr'>omnibus</span> <span class='ocrx_word' id='word_1_8' title='bbox 480 338 695 375; x_wconf 81' lang='lat' dir='ltr'>honestae</span> <span class='ocrx_word' id='word_1_9' title='bbox 716 337 1017 375; x_wconf 75' lang='lat' dir='ltr'>recreationes</span> <span class='ocrx_word' id='word_1_10' title='bbox 1034 337 1191 382; x_wconf 84' lang='lat' dir='ltr'>desint,</span> <span class='ocrx_word' id='word_1_11' title='bbox 1216 348 1328 373; x_wconf 90' lang='lat' dir='ltr'>neue</span> <span class='ocrx_word' id='word_1_12' title='bbox 1352 334 1649 372; x_wconf 83' lang='lat' dir='ltr'>immoderatis</span> <span class='ocrx_word' id='word_1_13' title='bbox 1676 335 1732 372; x_wconf 87' lang='lat' dir='ltr'>la-</span> 
     </span>
     <span class='ocr_line' id='line_1_3' title="bbox 113 405 1732 458; baseline -0.002 -12"><span class='ocrx_word' id='word_1_14' title='bbox 113 408 291 446; x_wconf 84' lang='lat' dir='ltr'>boribus</span> <span class='ocrx_word' id='word_1_15' title='bbox 313 414 385 446; x_wconf 84' lang='lat' dir='ltr'>aut</span> <span class='ocrx_word' id='word_1_16' title='bbox 407 408 563 457; x_wconf 88' lang='lat' dir='ltr'>studijs</span> <span class='ocrx_word' id='word_1_17' title='bbox 583 408 845 458; x_wconf 82' lang='lat' dir='ltr'>frangamur.</span> <span class='ocrx_word' id='word_1_18' title='bbox 871 409 994 445; x_wconf 92' lang='lat' dir='ltr'>quat</span> <span class='ocrx_word' id='word_1_19' title='bbox 1024 419 1197 458; x_wconf 88' lang='lat' dir='ltr'>quoque</span> <span class='ocrx_word' id='word_1_20' title='bbox 1230 406 1381 443; x_wconf 90' lang='lat' dir='ltr'>mirum</span> <span class='ocrx_word' id='word_1_21' title='bbox 1413 405 1453 442; x_wconf 89' lang='lat' dir='ltr'>in</span> <span class='ocrx_word' id='word_1_22' title='bbox 1476 406 1650 443; x_wconf 86' lang='lat' dir='ltr'>modum</span> <span class='ocrx_word' id='word_1_23' title='bbox 1674 405 1732 443; x_wconf 86' lang='lat' dir='ltr'>di-</span> 
     </span>
     <span class='ocr_line' id='line_1_4' title="bbox 114 476 1732 529; baseline -0.002 -12"><span class='ocrx_word' id='word_1_24' title='bbox 114 480 212 517; x_wconf 89' lang='lat' dir='ltr'>uina</span> <span class='ocrx_word' id='word_1_25' title='bbox 232 479 404 517; x_wconf 85' lang='lat' dir='ltr'>bonitas</span> <span class='ocrx_word' id='word_1_26' title='bbox 426 484 547 517; x_wconf 90' lang='lat' dir='ltr'>tanto</span> <span class='ocrx_word' id='word_1_27' title='bbox 570 480 722 529; x_wconf 84' lang='lat' dir='ltr'>magis,</span> <span class='ocrx_word' id='word_1_28' title='bbox 747 483 908 528; x_wconf 89' lang='lat' dir='ltr'>quanto</span> <span class='ocrx_word' id='word_1_29' title='bbox 932 478 1025 528; x_wconf 91' lang='lat' dir='ltr'>quis</span> <span class='ocrx_word' id='word_1_30' title='bbox 1048 476 1283 516; x_wconf 85' lang='lat' dir='ltr'>studiosius</span> <span class='ocrx_word' id='word_1_31' title='bbox 1308 476 1400 515; x_wconf 90' lang='lat' dir='ltr'>eius</span> <span class='ocrx_word' id='word_1_32' title='bbox 1423 490 1635 514; x_wconf 85' lang='lat' dir='ltr'>summum</span> <span class='ocrx_word' id='word_1_33' title='bbox 1658 477 1732 514; x_wconf 86' lang='lat' dir='ltr'>ho-</span> 
     </span>
     <span class='ocr_line' id='line_1_5' title="bbox 113 543 1735 602; baseline -0.002 -14"><span class='ocrx_word' id='word_1_34' title='bbox 113 563 264 589; x_wconf 89' lang='lat' dir='ltr'>norem</span> <span class='ocrx_word' id='word_1_35' title='bbox 285 552 455 601; x_wconf 77' lang='lat' dir='ltr'>quaerit</span> <span class='ocrx_word' id='word_1_36' title='bbox 477 543 652 602; x_wconf 62' lang='lat' dir='ltr'>ubiQue.</span> <span class='ocrx_word' id='word_1_37' title='bbox 673 552 858 589; x_wconf 83' lang='lat' dir='ltr'>Constat</span> <span class='ocrx_word' id='word_1_38' title='bbox 876 551 944 588; x_wconf 90' lang='lat' dir='ltr'>uel</span> <span class='ocrx_word' id='word_1_39' title='bbox 962 551 1046 587; x_wconf 87' lang='lat' dir='ltr'>hoc</span> <span class='ocrx_word' id='word_1_40' title='bbox 1064 551 1158 588; x_wconf 91' lang='lat' dir='ltr'>solo</span> <span class='ocrx_word' id='word_1_41' title='bbox 1177 548 1280 587; x_wconf 90' lang='lat' dir='ltr'>satis</span> <span class='ocrx_word' id='word_1_42' title='bbox 1302 554 1589 598; x_wconf 89' lang='lat' dir='ltr'>quamtopere</span> <span class='ocrx_word' id='word_1_43' title='bbox 1608 548 1735 585; x_wconf 90' lang='lat' dir='ltr'>uinea</span> 
     </span>
     <span class='ocr_line' id='line_1_6' title="bbox 113 619 1733 673; baseline -0.003 -13"><span class='ocrx_word' id='word_1_44' title='bbox 113 623 223 661; x_wconf 89' lang='lat' dir='ltr'>haec</span> <span class='ocrx_word' id='word_1_45' title='bbox 244 623 461 660; x_wconf 85' lang='lat' dir='ltr'>dominica</span> <span class='ocrx_word' id='word_1_46' title='bbox 483 628 613 673; x_wconf 83' lang='lat' dir='ltr'>egeat</span> <span class='ocrx_word' id='word_1_47' title='bbox 636 622 848 673; x_wconf 90' lang='lat' dir='ltr'>operarijs</span> <span class='ocrx_word' id='word_1_48' title='bbox 871 635 967 660; x_wconf 90' lang='lat' dir='ltr'>cum</span> <span class='ocrx_word' id='word_1_49' title='bbox 989 622 1041 659; x_wconf 87' lang='lat' dir='ltr'>ad</span> <span class='ocrx_word' id='word_1_50' title='bbox 1058 634 1221 672; x_wconf 89' lang='lat' dir='ltr'>paucos</span> <span class='ocrx_word' id='word_1_51' title='bbox 1243 621 1354 666; x_wconf 87' lang='lat' dir='ltr'>illos,</span> <span class='ocrx_word' id='word_1_52' title='bbox 1379 619 1451 670; x_wconf 89' lang='lat' dir='ltr'>qui</span> <span class='ocrx_word' id='word_1_53' title='bbox 1471 620 1542 656; x_wconf 86' lang='lat' dir='ltr'>hic</span> <span class='ocrx_word' id='word_1_54' title='bbox 1564 625 1661 656; x_wconf 83' lang='lat' dir='ltr'>sunt</span> <span class='ocrx_word' id='word_1_55' title='bbox 1681 631 1733 656; x_wconf 80' lang='lat' dir='ltr'>ex</span> 
     </span>
     <span class='ocr_line' id='line_1_7' title="bbox 112 689 1734 744; baseline -0.003 -13"><span class='ocrx_word' id='word_1_56' title='bbox 112 694 287 740; x_wconf 90' lang='lat' dir='ltr'>nostris,</span> <span class='ocrx_word' id='word_1_57' title='bbox 310 693 493 744; x_wconf 88' lang='lat' dir='ltr'>plurima</span> <span class='ocrx_word' id='word_1_58' title='bbox 521 705 572 731; x_wconf 89' lang='lat' dir='ltr'>ac</span> <span class='ocrx_word' id='word_1_59' title='bbox 592 693 686 731; x_wconf 89' lang='lat' dir='ltr'>fere</span> <span class='ocrx_word' id='word_1_60' title='bbox 710 694 853 731; x_wconf 87' lang='lat' dir='ltr'>omnia</span> <span class='ocrx_word' id='word_1_61' title='bbox 883 693 1058 743; x_wconf 87' lang='lat' dir='ltr'>pietatis</span> <span class='ocrx_word' id='word_1_62' title='bbox 1080 704 1130 730; x_wconf 94' lang='lat' dir='ltr'>ac</span> <span class='ocrx_word' id='word_1_63' title='bbox 1164 693 1386 730; x_wconf 89' lang='lat' dir='ltr'>literarum</span> <span class='ocrx_word' id='word_1_64' title='bbox 1421 690 1565 728; x_wconf 86' lang='lat' dir='ltr'>officia</span> <span class='ocrx_word' id='word_1_65' title='bbox 1586 689 1734 727; x_wconf 81' lang='lat' dir='ltr'>deuol-</span> 
     </span>
     <span class='ocr_line' id='line_1_8' title="bbox 115 756 395 803; baseline 0.004 -1"><span class='ocrx_word' id='word_1_66' title='bbox 115 771 284 803; x_wconf 89' lang='lat' dir='ltr'>uantur.</span> <span class='ocrx_word' id='word_1_67' title='bbox 390 756 395 759; x_wconf 14' lang='grc' dir='ltr'><strong><em>ἢ</em></strong></span> 
     </span>
    </p>

    <p class='ocr_par' dir='ltr' id='par_1_3' title="bbox 112 832 1742 2813">
     <span class='ocr_line' id='line_1_9' title="bbox 166 832 1735 885; baseline -0.004 -11"><span class='ocrx_word' id='word_1_68' title='bbox 166 837 203 874; x_wconf 91' lang='lat'>8.</span> <span class='ocrx_word' id='word_1_69' title='bbox 263 837 351 874; x_wconf 89' lang='lat' dir='ltr'>Iam</span> <span class='ocrx_word' id='word_1_70' title='bbox 373 848 479 874; x_wconf 83' lang='lat' dir='ltr'>uero</span> <span class='ocrx_word' id='word_1_71' title='bbox 502 836 619 885; x_wconf 92' lang='lat' dir='ltr'>quod</span> <span class='ocrx_word' id='word_1_72' title='bbox 647 836 699 873; x_wconf 89' lang='lat' dir='ltr'>ad</span> <span class='ocrx_word' id='word_1_73' title='bbox 729 836 976 874; x_wconf 86' lang='lat' dir='ltr'>scholarum</span> <span class='ocrx_word' id='word_1_74' title='bbox 1006 835 1194 885; x_wconf 87' lang='lat' dir='ltr'>negocia</span> <span class='ocrx_word' id='word_1_75' title='bbox 1223 834 1395 880; x_wconf 87' lang='lat' dir='ltr'>attinet,</span> <span class='ocrx_word' id='word_1_76' title='bbox 1426 832 1735 882; x_wconf 89' lang='lat' dir='ltr'>discipulorum</span> 
     </span>
     <span class='ocr_line' id='line_1_10' title="bbox 112 905 1735 958; baseline -0.004 -13"><span class='ocrx_word' id='word_1_77' title='bbox 112 907 287 958; x_wconf 88' lang='lat' dir='ltr'>quidem</span> <span class='ocrx_word' id='word_1_78' title='bbox 322 906 453 945; x_wconf 83' lang='lat' dir='ltr'>index</span> <span class='ocrx_word' id='word_1_79' title='bbox 493 913 538 945; x_wconf 91' lang='lat' dir='ltr'>et</span> <span class='ocrx_word' id='word_1_80' title='bbox 572 919 754 945; x_wconf 89' lang='lat' dir='ltr'>numero</span> <span class='ocrx_word' id='word_1_81' title='bbox 789 919 1074 957; x_wconf 88' lang='lat' dir='ltr'>personarum</span> <span class='ocrx_word' id='word_1_82' title='bbox 1110 912 1154 944; x_wconf 94' lang='lat' dir='ltr'>et</span> <span class='ocrx_word' id='word_1_83' title='bbox 1187 905 1416 943; x_wconf 87' lang='lat' dir='ltr'>nobilitate</span> <span class='ocrx_word' id='word_1_84' title='bbox 1448 908 1602 942; x_wconf 90' lang='lat' dir='ltr'>auctus</span> <span class='ocrx_word' id='word_1_85' title='bbox 1633 915 1735 940; x_wconf 87' lang='lat' dir='ltr'>sane</span> 
     </span>
     <span class='ocr_line' id='line_1_11' title="bbox 113 975 1736 1029; baseline -0.004 -13"><span class='ocrx_word' id='word_1_86' title='bbox 113 984 243 1029; x_wconf 88' lang='lat' dir='ltr'>atque</span> <span class='ocrx_word' id='word_1_87' title='bbox 265 978 416 1029; x_wconf 81' lang='lat' dir='ltr'>augeri</span> <span class='ocrx_word' id='word_1_88' title='bbox 438 977 633 1028; x_wconf 88' lang='lat' dir='ltr'>quotidie</span> <span class='ocrx_word' id='word_1_89' title='bbox 656 977 849 1027; x_wconf 87' lang='lat' dir='ltr'>(tametsi</span> <span class='ocrx_word' id='word_1_90' title='bbox 870 978 1015 1027; x_wconf 88' lang='lat' dir='ltr'>plures</span> <span class='ocrx_word' id='word_1_91' title='bbox 1040 978 1094 1015; x_wconf 91' lang='lat' dir='ltr'>ob</span> <span class='ocrx_word' id='word_1_92' title='bbox 1119 989 1272 1015; x_wconf 80' lang='lat' dir='ltr'>causas</span> <span class='ocrx_word' id='word_1_93' title='bbox 1294 975 1497 1026; x_wconf 88' lang='lat' dir='ltr'>permulti</span> <span class='ocrx_word' id='word_1_94' title='bbox 1518 975 1671 1020; x_wconf 86' lang='lat' dir='ltr'>fluere,</span> <span class='ocrx_word' id='word_1_95' title='bbox 1692 979 1736 1011; x_wconf 90' lang='lat' dir='ltr'>ut</span> 
     </span>
     <span class='ocr_line' id='line_1_12' title="bbox 114 1048 1737 1101; baseline -0.003 -13"><span class='ocrx_word' id='word_1_96' title='bbox 114 1051 176 1088; x_wconf 93' lang='lat' dir='ltr'>sic</span> <span class='ocrx_word' id='word_1_97' title='bbox 196 1051 362 1101; x_wconf 88' lang='lat' dir='ltr'>loquar,</span> <span class='ocrx_word' id='word_1_98' title='bbox 386 1062 436 1088; x_wconf 88' lang='lat' dir='ltr'>ac</span> <span class='ocrx_word' id='word_1_99' title='bbox 457 1050 646 1088; x_wconf 87' lang='lat' dir='ltr'>refluere</span> <span class='ocrx_word' id='word_1_100' title='bbox 679 1049 867 1098; x_wconf 83' lang='lat' dir='ltr'>soleant)</span> <span class='ocrx_word' id='word_1_101' title='bbox 889 1061 975 1087; x_wconf 88' lang='lat' dir='ltr'>non</span> <span class='ocrx_word' id='word_1_102' title='bbox 1006 1061 1153 1098; x_wconf 88' lang='lat' dir='ltr'>parum</span> <span class='ocrx_word' id='word_1_103' title='bbox 1175 1048 1289 1086; x_wconf 89' lang='lat' dir='ltr'>forte</span> <span class='ocrx_word' id='word_1_104' title='bbox 1311 1054 1330 1072; x_wconf 58' lang='grc' dir='ltr'><strong>ὃ</strong></span> <span class='ocrx_word' id='word_1_105' title='bbox 1352 1060 1447 1085; x_wconf 88' lang='lat' dir='ltr'>eam</span> <span class='ocrx_word' id='word_1_106' title='bbox 1476 1048 1531 1084; x_wconf 92' lang='lat' dir='ltr'>ob</span> <span class='ocrx_word' id='word_1_107' title='bbox 1564 1058 1737 1084; x_wconf 91' lang='lat' dir='ltr'>causam</span> 
     </span>
     <span class='ocr_line' id='line_1_13' title="bbox 114 1118 1737 1171; baseline -0.003 -12"><span class='ocrx_word' id='word_1_108' title='bbox 114 1121 302 1169; x_wconf 88' lang='lat' dir='ltr'>uidetur,</span> <span class='ocrx_word' id='word_1_109' title='bbox 326 1121 444 1171; x_wconf 91' lang='lat' dir='ltr'>quod</span> <span class='ocrx_word' id='word_1_110' title='bbox 465 1133 622 1171; x_wconf 87' lang='lat' dir='ltr'>magna</span> <span class='ocrx_word' id='word_1_111' title='bbox 644 1133 795 1159; x_wconf 90' lang='lat' dir='ltr'>omnes</span> <span class='ocrx_word' id='word_1_112' title='bbox 818 1120 1043 1171; x_wconf 84' lang='lat' dir='ltr'>diligentia</span> <span class='ocrx_word' id='word_1_113' title='bbox 1060 1119 1196 1170; x_wconf 83' lang='lat' dir='ltr'>(quod</span> <span class='ocrx_word' id='word_1_114' title='bbox 1216 1119 1478 1157; x_wconf 90' lang='lat' dir='ltr'>beneficium</span> <span class='ocrx_word' id='word_1_115' title='bbox 1501 1123 1568 1156; x_wconf 92' lang='lat' dir='ltr'>est</span> <span class='ocrx_word' id='word_1_116' title='bbox 1589 1118 1670 1155; x_wconf 92' lang='lat' dir='ltr'>Dei</span> <span class='ocrx_word' id='word_1_117' title='bbox 1687 1129 1737 1154; x_wconf 91' lang='lat' dir='ltr'>ac</span> 
     </span>
     <span class='ocr_line' id='line_1_14' title="bbox 115 1187 1736 1243; baseline -0.002 -13"><span class='ocrx_word' id='word_1_118' title='bbox 115 1193 241 1243; x_wconf 91' lang='lat' dir='ltr'>opus)</span> <span class='ocrx_word' id='word_1_119' title='bbox 262 1205 286 1230; x_wconf 91' lang='lat' dir='ltr'>a</span> <span class='ocrx_word' id='word_1_120' title='bbox 306 1193 666 1243; x_wconf 86' lang='lat' dir='ltr'>praeceptoribus</span> <span class='ocrx_word' id='word_1_121' title='bbox 689 1192 776 1230; x_wconf 90' lang='lat' dir='ltr'>suis</span> <span class='ocrx_word' id='word_1_122' title='bbox 808 1197 1026 1237; x_wconf 87' lang='lat' dir='ltr'>curantur,</span> <span class='ocrx_word' id='word_1_123' title='bbox 1052 1197 1098 1228; x_wconf 91' lang='lat' dir='ltr'>ut</span> <span class='ocrx_word' id='word_1_124' title='bbox 1120 1197 1165 1229; x_wconf 94' lang='lat' dir='ltr'>et</span> <span class='ocrx_word' id='word_1_125' title='bbox 1195 1191 1236 1228; x_wconf 92' lang='lat' dir='ltr'>in</span> <span class='ocrx_word' id='word_1_126' title='bbox 1267 1190 1404 1228; x_wconf 88' lang='lat' dir='ltr'>literis</span> <span class='ocrx_word' id='word_1_127' title='bbox 1436 1196 1480 1227; x_wconf 89' lang='lat' dir='ltr'>et</span> <span class='ocrx_word' id='word_1_128' title='bbox 1510 1190 1551 1227; x_wconf 91' lang='lat' dir='ltr'>in</span> <span class='ocrx_word' id='word_1_129' title='bbox 1572 1187 1736 1239; x_wconf 88' lang='lat' dir='ltr'>pietate</span> 
     </span>
     <span class='ocr_line' id='line_1_15' title="bbox 113 1261 1738 1315; baseline -0.002 -14"><span class='ocrx_word' id='word_1_130' title='bbox 113 1264 342 1315; x_wconf 90' lang='lat' dir='ltr'>plurimum</span> <span class='ocrx_word' id='word_1_131' title='bbox 365 1264 489 1302; x_wconf 91' lang='lat' dir='ltr'>simul</span> <span class='ocrx_word' id='word_1_132' title='bbox 512 1276 664 1301; x_wconf 89' lang='lat' dir='ltr'>omnes</span> <span class='ocrx_word' id='word_1_133' title='bbox 694 1263 936 1313; x_wconf 89' lang='lat' dir='ltr'>proficiant,</span> <span class='ocrx_word' id='word_1_134' title='bbox 961 1276 1011 1300; x_wconf 93' lang='lat' dir='ltr'>ac</span> <span class='ocrx_word' id='word_1_135' title='bbox 1041 1262 1298 1313; x_wconf 87' lang='lat' dir='ltr'>praesertim</span> <span class='ocrx_word' id='word_1_136' title='bbox 1327 1261 1402 1307; x_wconf 89' lang='lat' dir='ltr'>illi,</span> <span class='ocrx_word' id='word_1_137' title='bbox 1426 1261 1498 1312; x_wconf 91' lang='lat' dir='ltr'>qui</span> <span class='ocrx_word' id='word_1_138' title='bbox 1527 1261 1738 1298; x_wconf 89' lang='lat' dir='ltr'>maiorem</span> 
     </span>
     <span class='ocr_line' id='line_1_16' title="bbox 115 1332 1738 1385; baseline -0.004 -12"><span class='ocrx_word' id='word_1_139' title='bbox 115 1336 169 1373; x_wconf 82' lang='lat' dir='ltr'>de</span> <span class='ocrx_word' id='word_1_140' title='bbox 191 1348 236 1374; x_wconf 91' lang='lat' dir='ltr'>se</span> <span class='ocrx_word' id='word_1_141' title='bbox 259 1347 381 1385; x_wconf 88' lang='lat' dir='ltr'>spem</span> <span class='ocrx_word' id='word_1_142' title='bbox 402 1335 628 1385; x_wconf 87' lang='lat' dir='ltr'>praebent,</span> <span class='ocrx_word' id='word_1_143' title='bbox 649 1334 743 1372; x_wconf 91' lang='lat' dir='ltr'>fore</span> <span class='ocrx_word' id='word_1_144' title='bbox 776 1339 821 1371; x_wconf 90' lang='lat' dir='ltr'>ut</span> <span class='ocrx_word' id='word_1_145' title='bbox 852 1333 1081 1384; x_wconf 89' lang='lat' dir='ltr'>aliquando</span> <span class='ocrx_word' id='word_1_146' title='bbox 1109 1332 1286 1370; x_wconf 90' lang='lat' dir='ltr'>tandem</span> <span class='ocrx_word' id='word_1_147' title='bbox 1316 1344 1545 1371; x_wconf 90' lang='lat' dir='ltr'>commune</span> <span class='ocrx_word' id='word_1_148' title='bbox 1576 1332 1738 1368; x_wconf 93' lang='lat' dir='ltr'>bonum</span> 
     </span>
     <span class='ocr_line' id='line_1_17' title="bbox 114 1403 1737 1456; baseline -0.002 -12"><span class='ocrx_word' id='word_1_149' title='bbox 114 1406 280 1444; x_wconf 89' lang='lat' dir='ltr'>altioris</span> <span class='ocrx_word' id='word_1_150' title='bbox 303 1406 464 1444; x_wconf 86' lang='lat' dir='ltr'>ordinis</span> <span class='ocrx_word' id='word_1_151' title='bbox 485 1418 537 1443; x_wconf 90' lang='lat' dir='ltr'>ac</span> <span class='ocrx_word' id='word_1_152' title='bbox 557 1406 848 1456; x_wconf 81' lang='lat' dir='ltr'>praestantius</span> <span class='ocrx_word' id='word_1_153' title='bbox 878 1410 1184 1455; x_wconf 89' lang='lat' dir='ltr'>promoueant.</span> <span class='ocrx_word' id='word_1_154' title='bbox 1209 1403 1486 1442; x_wconf 90' lang='lat' dir='ltr'>Confitentur</span> <span class='ocrx_word' id='word_1_155' title='bbox 1523 1406 1737 1440; x_wconf 92' lang='lat' dir='ltr'>consueto</span> 
     </span>
     <span class='ocr_line' id='line_1_18' title="bbox 115 1474 1738 1528; baseline -0.004 -11"><span class='ocrx_word' id='word_1_156' title='bbox 115 1478 350 1517; x_wconf 87' lang='lat' dir='ltr'>Societatis</span> <span class='ocrx_word' id='word_1_157' title='bbox 372 1490 494 1517; x_wconf 90' lang='lat' dir='ltr'>more</span> <span class='ocrx_word' id='word_1_158' title='bbox 516 1477 711 1528; x_wconf 70' lang='lat' dir='ltr'>singulsss,</span> <span class='ocrx_word' id='word_1_159' title='bbox 736 1482 782 1514; x_wconf 88' lang='lat' dir='ltr'>ut</span> <span class='ocrx_word' id='word_1_160' title='bbox 813 1477 1045 1521; x_wconf 89' lang='lat' dir='ltr'>minimum,</span> <span class='ocrx_word' id='word_1_161' title='bbox 1069 1475 1305 1522; x_wconf 91' lang='lat' dir='ltr'>mensibus,</span> <span class='ocrx_word' id='word_1_162' title='bbox 1330 1474 1619 1512; x_wconf 89' lang='lat' dir='ltr'>communiter</span> <span class='ocrx_word' id='word_1_163' title='bbox 1651 1486 1738 1511; x_wconf 92' lang='lat' dir='ltr'>om-</span> 
     </span>
     <span class='ocr_line' id='line_1_19' title="bbox 114 1545 1738 1598; baseline -0.003 -11"><span class='ocrx_word' id='word_1_164' title='bbox 114 1561 208 1596; x_wconf 86' lang='lat' dir='ltr'>nes;</span> <span class='ocrx_word' id='word_1_165' title='bbox 245 1549 367 1587; x_wconf 89' lang='lat' dir='ltr'>multi</span> <span class='ocrx_word' id='word_1_166' title='bbox 398 1554 573 1595; x_wconf 87' lang='lat' dir='ltr'>octauo,</span> <span class='ocrx_word' id='word_1_167' title='bbox 606 1548 676 1597; x_wconf 88' lang='lat' dir='ltr'>alij</span> <span class='ocrx_word' id='word_1_168' title='bbox 715 1558 757 1596; x_wconf 83' lang='lat'>15</span> <span class='ocrx_word' id='word_1_169' title='bbox 789 1560 964 1598; x_wconf 86' lang='lat' dir='ltr'>quoque</span> <span class='ocrx_word' id='word_1_170' title='bbox 996 1547 1083 1594; x_wconf 81' lang='lat' dir='ltr'>die3</span> <span class='ocrx_word' id='word_1_171' title='bbox 1115 1559 1199 1598; x_wconf 87' lang='lat' dir='ltr'>qua</span> <span class='ocrx_word' id='word_1_172' title='bbox 1230 1558 1284 1584; x_wconf 85' lang='lat' dir='ltr'>ex</span> <span class='ocrx_word' id='word_1_173' title='bbox 1306 1558 1352 1584; x_wconf 87' lang='lat' dir='ltr'>re</span> <span class='ocrx_word' id='word_1_174' title='bbox 1384 1558 1435 1584; x_wconf 90' lang='lat' dir='ltr'>ac</span> <span class='ocrx_word' id='word_1_175' title='bbox 1464 1545 1738 1583; x_wconf 89' lang='lat' dir='ltr'>institutione</span> 
     </span>
     <span class='ocr_line' id='line_1_20' title="bbox 114 1616 1739 1671; baseline -0.003 -13"><span class='ocrx_word' id='word_1_176' title='bbox 114 1621 343 1671; x_wconf 89' lang='lat' dir='ltr'>plurimum</span> <span class='ocrx_word' id='word_1_177' title='bbox 365 1632 485 1667; x_wconf 90' lang='lat' dir='ltr'>sane,</span> <span class='ocrx_word' id='word_1_178' title='bbox 511 1621 605 1658; x_wconf 92' lang='lat' dir='ltr'>Deo</span> <span class='ocrx_word' id='word_1_179' title='bbox 628 1621 734 1666; x_wconf 90' lang='lat' dir='ltr'>laus,</span> <span class='ocrx_word' id='word_1_180' title='bbox 761 1619 1045 1657; x_wconf 87' lang='lat' dir='ltr'>emolumenti</span> <span class='ocrx_word' id='word_1_181' title='bbox 1067 1618 1255 1668; x_wconf 88' lang='lat' dir='ltr'>capiunt,</span> <span class='ocrx_word' id='word_1_182' title='bbox 1280 1630 1331 1656; x_wconf 91' lang='lat' dir='ltr'>ac</span> <span class='ocrx_word' id='word_1_183' title='bbox 1354 1618 1484 1655; x_wconf 89' lang='lat' dir='ltr'>etiam</span> <span class='ocrx_word' id='word_1_184' title='bbox 1502 1616 1557 1654; x_wconf 89' lang='lat' dir='ltr'>de</span> <span class='ocrx_word' id='word_1_185' title='bbox 1579 1630 1625 1654; x_wconf 91' lang='lat' dir='ltr'>se</span> <span class='ocrx_word' id='word_1_186' title='bbox 1644 1629 1739 1667; x_wconf 88' lang='lat' dir='ltr'>per-</span> 
     </span>
     <span class='ocr_line' id='line_1_21' title="bbox 115 1688 1740 1739; baseline -0.002 -10"><span class='ocrx_word' id='word_1_187' title='bbox 115 1692 235 1729; x_wconf 91' lang='lat' dir='ltr'>multi</span> <span class='ocrx_word' id='word_1_188' title='bbox 257 1692 626 1730; x_wconf 84' lang='lat' dir='ltr'>existimationem</span> <span class='ocrx_word' id='word_1_189' title='bbox 657 1691 835 1737; x_wconf 87' lang='lat' dir='ltr'>faciunt,</span> <span class='ocrx_word' id='word_1_190' title='bbox 867 1689 1275 1739; x_wconf 67' lang='lat' dir='ltr'>spectationemqne</span> <span class='ocrx_word' id='word_1_191' title='bbox 1301 1688 1535 1738; x_wconf 75' lang='lat' dir='ltr'>praebent,</span> <span class='ocrx_word' id='word_1_192' title='bbox 1568 1694 1614 1725; x_wconf 92' lang='lat' dir='ltr'>ut</span> <span class='ocrx_word' id='word_1_193' title='bbox 1644 1689 1740 1725; x_wconf 92' lang='lat' dir='ltr'>reli-</span> 
     </span>
     <span class='ocr_line' id='line_1_22' title="bbox 116 1760 1741 1814; baseline -0.002 -14"><span class='ocrx_word' id='word_1_194' title='bbox 116 1763 268 1814; x_wconf 88' lang='lat' dir='ltr'>giosae</span> <span class='ocrx_word' id='word_1_195' title='bbox 298 1764 414 1801; x_wconf 88' lang='lat' dir='ltr'>uitae</span> <span class='ocrx_word' id='word_1_196' title='bbox 445 1763 765 1813; x_wconf 84' lang='lat' dir='ltr'>perfectionem</span> <span class='ocrx_word' id='word_1_197' title='bbox 794 1761 1115 1812; x_wconf 89' lang='lat' dir='ltr'>propemodum</span> <span class='ocrx_word' id='word_1_198' title='bbox 1152 1761 1376 1811; x_wconf 89' lang='lat' dir='ltr'>assequuti</span> <span class='ocrx_word' id='word_1_199' title='bbox 1407 1760 1652 1798; x_wconf 87' lang='lat' dir='ltr'>uideantur.</span> <span class='ocrx_word' id='word_1_200' title='bbox 1686 1760 1741 1797; x_wconf 92' lang='lat' dir='ltr'>Hi</span> 
     </span>
     <span class='ocr_line' id='line_1_23' title="bbox 118 1830 1738 1885; baseline -0.003 -12"><span class='ocrx_word' id='word_1_201' title='bbox 118 1847 269 1873; x_wconf 90' lang='lat' dir='ltr'>omnes</span> <span class='ocrx_word' id='word_1_202' title='bbox 299 1847 503 1885; x_wconf 89' lang='lat' dir='ltr'>magnum</span> <span class='ocrx_word' id='word_1_203' title='bbox 533 1834 695 1884; x_wconf 85' lang='lat' dir='ltr'>ingenij</span> <span class='ocrx_word' id='word_1_204' title='bbox 733 1839 777 1872; x_wconf 92' lang='lat' dir='ltr'>et</span> <span class='ocrx_word' id='word_1_205' title='bbox 812 1833 1039 1870; x_wconf 89' lang='lat' dir='ltr'>doctrinae</span> <span class='ocrx_word' id='word_1_206' title='bbox 1075 1844 1179 1870; x_wconf 89' lang='lat' dir='ltr'>suae</span> <span class='ocrx_word' id='word_1_207' title='bbox 1211 1830 1435 1883; x_wconf 92' lang='lat' dir='ltr'>specimen</span> <span class='ocrx_word' id='word_1_208' title='bbox 1462 1830 1738 1877; x_wconf 89' lang='lat' dir='ltr'>aediderunt,</span> 
     </span>
     <span class='ocr_line' id='line_1_24' title="bbox 117 1902 1740 1957; baseline -0.002 -13"><span class='ocrx_word' id='word_1_209' title='bbox 117 1919 213 1944; x_wconf 88' lang='lat' dir='ltr'>eum</span> <span class='ocrx_word' id='word_1_210' title='bbox 249 1907 290 1944; x_wconf 89' lang='lat' dir='ltr'>in</span> <span class='ocrx_word' id='word_1_211' title='bbox 324 1906 534 1957; x_wconf 89' lang='lat' dir='ltr'>proximis</span> <span class='ocrx_word' id='word_1_212' title='bbox 568 1905 689 1954; x_wconf 86' lang='lat' dir='ltr'>ferijs</span> <span class='ocrx_word' id='word_1_213' title='bbox 725 1905 1015 1943; x_wconf 75' lang='lat' dir='ltr'>pentecostes</span> <span class='ocrx_word' id='word_1_214' title='bbox 1050 1903 1271 1953; x_wconf 87' lang='lat' dir='ltr'>frequenti</span> <span class='ocrx_word' id='word_1_215' title='bbox 1307 1903 1498 1941; x_wconf 90' lang='lat' dir='ltr'>omniurn</span> <span class='ocrx_word' id='word_1_216' title='bbox 1543 1902 1740 1940; x_wconf 88' lang='lat' dir='ltr'>ordinum</span> 
     </span>
     <span class='ocr_line' id='line_1_25' title="bbox 119 1974 1740 2028; baseline -0.003 -12"><span class='ocrx_word' id='word_1_217' title='bbox 119 1991 348 2024; x_wconf 88' lang='lat' dir='ltr'>concursu,</span> <span class='ocrx_word' id='word_1_218' title='bbox 372 1976 677 2028; x_wconf 88' lang='lat' dir='ltr'>praesentibus</span> <span class='ocrx_word' id='word_1_219' title='bbox 718 1976 849 2014; x_wconf 90' lang='lat' dir='ltr'>etiarn</span> <span class='ocrx_word' id='word_1_220' title='bbox 880 1976 1050 2014; x_wconf 90' lang='lat' dir='ltr'>Nuncio</span> <span class='ocrx_word' id='word_1_221' title='bbox 1091 1975 1245 2012; x_wconf 90' lang='lat' dir='ltr'>summi</span> <span class='ocrx_word' id='word_1_222' title='bbox 1274 1974 1493 2025; x_wconf 90' lang='lat' dir='ltr'>pontificis</span> <span class='ocrx_word' id='word_1_223' title='bbox 1530 1980 1573 2011; x_wconf 93' lang='lat' dir='ltr'>et</span> <span class='ocrx_word' id='word_1_224' title='bbox 1603 1974 1740 2012; x_wconf 91' lang='lat' dir='ltr'>archi-</span> 
     </span>
     <span class='ocr_line' id='line_1_26' title="bbox 118 2046 1741 2100; baseline -0.003 -13"><span class='ocrx_word' id='word_1_225' title='bbox 118 2049 325 2100; x_wconf 89' lang='lat' dir='ltr'>episcopo</span> <span class='ocrx_word' id='word_1_226' title='bbox 348 2049 583 2099; x_wconf 83' lang='lat' dir='ltr'>gnesnensi</span> <span class='ocrx_word' id='word_1_227' title='bbox 608 2048 633 2093; x_wconf 86' lang='lat'>¹,</span> <span class='ocrx_word' id='word_1_228' title='bbox 658 2047 782 2098; x_wconf 91' lang='lat' dir='ltr'>regni</span> <span class='ocrx_word' id='word_1_229' title='bbox 804 2047 1013 2085; x_wconf 85' lang='lat' dir='ltr'>Poloniae</span> <span class='ocrx_word' id='word_1_230' title='bbox 1045 2046 1244 2096; x_wconf 89' lang='lat' dir='ltr'>primate,</span> <span class='ocrx_word' id='word_1_231' title='bbox 1269 2051 1313 2083; x_wconf 93' lang='lat' dir='ltr'>et</span> <span class='ocrx_word' id='word_1_232' title='bbox 1348 2046 1443 2095; x_wconf 90' lang='lat' dir='ltr'>alijs</span> <span class='ocrx_word' id='word_1_233' title='bbox 1473 2058 1561 2084; x_wconf 92' lang='lat' dir='ltr'>non</span> <span class='ocrx_word' id='word_1_234' title='bbox 1590 2046 1741 2096; x_wconf 89' lang='lat' dir='ltr'>paucis</span> 
     </span>
     <span class='ocr_line' id='line_1_27' title="bbox 118 2117 1741 2171; baseline -0.003 -12"><span class='ocrx_word' id='word_1_235' title='bbox 118 2133 373 2171; x_wconf 84' lang='lat' dir='ltr'>supraemae</span> <span class='ocrx_word' id='word_1_236' title='bbox 396 2120 619 2171; x_wconf 86' lang='lat' dir='ltr'>dignitatis</span> <span class='ocrx_word' id='word_1_237' title='bbox 641 2118 757 2165; x_wconf 89' lang='lat' dir='ltr'>uiris,</span> <span class='ocrx_word' id='word_1_238' title='bbox 792 2119 1067 2156; x_wconf 89' lang='lat' dir='ltr'>comoediam</span> <span class='ocrx_word' id='word_1_239' title='bbox 1097 2130 1207 2169; x_wconf 91' lang='lat' dir='ltr'>quae</span> <span class='ocrx_word' id='word_1_240' title='bbox 1243 2118 1522 2156; x_wconf 85' lang='lat' dir='ltr'>«Acolastus»</span> <span class='ocrx_word' id='word_1_241' title='bbox 1547 2117 1741 2155; x_wconf 90' lang='lat' dir='ltr'>inscribi·</span> 
     </span>
     <span class='ocr_line' id='line_1_28' title="bbox 118 2191 1741 2244; baseline -0.001 -14"><span class='ocrx_word' id='word_1_242' title='bbox 118 2198 201 2240; x_wconf 89' lang='lat' dir='ltr'>tur,</span> <span class='ocrx_word' id='word_1_243' title='bbox 226 2206 249 2231; x_wconf 92' lang='lat' dir='ltr'>a</span> <span class='ocrx_word' id='word_1_244' title='bbox 270 2193 431 2232; x_wconf 90' lang='lat' dir='ltr'>nostris</span> <span class='ocrx_word' id='word_1_245' title='bbox 451 2198 679 2244; x_wconf 87' lang='lat' dir='ltr'>purgatam</span> <span class='ocrx_word' id='word_1_246' title='bbox 700 2204 751 2229; x_wconf 91' lang='lat' dir='ltr'>ac</span> <span class='ocrx_word' id='word_1_247' title='bbox 771 2193 1098 2242; x_wconf 88' lang='lat' dir='ltr'>locupletatam,</span> <span class='ocrx_word' id='word_1_248' title='bbox 1124 2203 1220 2228; x_wconf 90' lang='lat' dir='ltr'>cum</span> <span class='ocrx_word' id='word_1_249' title='bbox 1250 2203 1416 2229; x_wconf 89' lang='lat' dir='ltr'>summa</span> <span class='ocrx_word' id='word_1_250' title='bbox 1445 2191 1634 2229; x_wconf 90' lang='lat' dir='ltr'>omnium</span> <span class='ocrx_word' id='word_1_251' title='bbox 1655 2191 1741 2228; x_wconf 90' lang='lat' dir='ltr'>lae-</span> 
     </span>
     <span class='ocr_line' id='line_1_29' title="bbox 118 2262 1742 2315; baseline -0.001 -13"><span class='ocrx_word' id='word_1_252' title='bbox 118 2265 219 2304; x_wconf 90' lang='lat' dir='ltr'>ticia</span> <span class='ocrx_word' id='word_1_253' title='bbox 249 2270 293 2304; x_wconf 90' lang='lat' dir='ltr'>et</span> <span class='ocrx_word' id='word_1_254' title='bbox 323 2266 385 2303; x_wconf 89' lang='lat' dir='ltr'>rei</span> <span class='ocrx_word' id='word_1_255' title='bbox 417 2266 579 2315; x_wconf 89' lang='lat' dir='ltr'>optime</span> <span class='ocrx_word' id='word_1_256' title='bbox 601 2270 755 2315; x_wconf 88' lang='lat' dir='ltr'>gestae</span> <span class='ocrx_word' id='word_1_257' title='bbox 777 2264 1062 2302; x_wconf 89' lang='lat' dir='ltr'>attestatione</span> <span class='ocrx_word' id='word_1_258' title='bbox 1085 2264 1390 2302; x_wconf 85' lang='lat' dir='ltr'>exhibuerunt.</span> <span class='ocrx_word' id='word_1_259' title='bbox 1412 2262 1742 2313; x_wconf 88' lang='lat' dir='ltr'>Disputationes</span> 
     </span>
     <span class='ocr_line' id='line_1_30' title="bbox 118 2334 1741 2386; baseline -0.002 -11"><span class='ocrx_word' id='word_1_260' title='bbox 118 2337 334 2375; x_wconf 87' lang='lat' dir='ltr'>habentur</span> <span class='ocrx_word' id='word_1_261' title='bbox 355 2336 424 2374; x_wconf 91' lang='lat' dir='ltr'>die</span> <span class='ocrx_word' id='word_1_262' title='bbox 447 2336 630 2383; x_wconf 88' lang='lat' dir='ltr'>sabbati,</span> <span class='ocrx_word' id='word_1_263' title='bbox 654 2335 839 2374; x_wconf 84' lang='lat' dir='ltr'>maxime</span> <span class='ocrx_word' id='word_1_264' title='bbox 862 2336 903 2373; x_wconf 87' lang='lat' dir='ltr'>in</span> <span class='ocrx_word' id='word_1_265' title='bbox 925 2335 1223 2386; x_wconf 88' lang='lat' dir='ltr'>superioribus</span> <span class='ocrx_word' id='word_1_266' title='bbox 1245 2335 1469 2382; x_wconf 80' lang='lat' dir='ltr'>classibus,</span> <span class='ocrx_word' id='word_1_267' title='bbox 1493 2334 1534 2372; x_wconf 91' lang='lat' dir='ltr'>in</span> <span class='ocrx_word' id='word_1_268' title='bbox 1552 2334 1741 2384; x_wconf 90' lang='lat' dir='ltr'>collegio</span> 
     </span>
     <span class='ocr_line' id='line_1_31' title="bbox 120 2404 1741 2458; baseline -0.003 -12"><span class='ocrx_word' id='word_1_269' title='bbox 120 2414 288 2455; x_wconf 89' lang='lat' dir='ltr'>nostro,</span> <span class='ocrx_word' id='word_1_270' title='bbox 311 2421 396 2458; x_wconf 90' lang='lat' dir='ltr'>quo</span> <span class='ocrx_word' id='word_1_271' title='bbox 421 2407 604 2445; x_wconf 88' lang='lat' dir='ltr'>studiosi</span> <span class='ocrx_word' id='word_1_272' title='bbox 638 2412 814 2444; x_wconf 83' lang='lat' dir='ltr'>nostrae</span> <span class='ocrx_word' id='word_1_273' title='bbox 850 2406 1103 2457; x_wconf 88' lang='lat' dir='ltr'>diligentiae</span> <span class='ocrx_word' id='word_1_274' title='bbox 1139 2404 1396 2452; x_wconf 90' lang='lat' dir='ltr'>concrediti,</span> <span class='ocrx_word' id='word_1_275' title='bbox 1420 2410 1511 2443; x_wconf 83' lang='lat' dir='ltr'>turn</span> <span class='ocrx_word' id='word_1_276' title='bbox 1541 2409 1741 2442; x_wconf 91' lang='lat' dir='ltr'>autorum</span> 
     </span>
     <span class='ocr_line' id='line_1_32' title="bbox 122 2477 1741 2529; baseline -0.003 -11"><span class='ocrx_word' id='word_1_277' title='bbox 122 2479 414 2518; x_wconf 89' lang='lat' dir='ltr'>obscuritates</span> <span class='ocrx_word' id='word_1_278' title='bbox 434 2478 731 2518; x_wconf 89' lang='lat' dir='ltr'>concertando</span> <span class='ocrx_word' id='word_1_279' title='bbox 755 2479 974 2525; x_wconf 87' lang='lat' dir='ltr'>euincant,</span> <span class='ocrx_word' id='word_1_280' title='bbox 999 2484 1089 2516; x_wconf 91' lang='lat' dir='ltr'>tum</span> <span class='ocrx_word' id='word_1_281' title='bbox 1111 2478 1189 2516; x_wconf 84' lang='lat' dir='ltr'>sibi</span> <span class='ocrx_word' id='word_1_282' title='bbox 1206 2477 1594 2529; x_wconf 90' lang='lat' dir='ltr'>promptitudinem</span> <span class='ocrx_word' id='word_1_283' title='bbox 1612 2489 1741 2526; x_wconf 91' lang='lat' dir='ltr'>quan-</span> 
     </span>
     <span class='ocr_line' id='line_1_33' title="bbox 122 2549 1738 2599; baseline -0.002 -10"><span class='ocrx_word' id='word_1_284' title='bbox 122 2553 219 2590; x_wconf 87' lang='lat' dir='ltr'>dam</span> <span class='ocrx_word' id='word_1_285' title='bbox 241 2564 291 2589; x_wconf 89' lang='lat' dir='ltr'>ac</span> <span class='ocrx_word' id='word_1_286' title='bbox 320 2551 574 2589; x_wconf 87' lang='lat' dir='ltr'>facilitatem</span> <span class='ocrx_word' id='word_1_287' title='bbox 604 2550 657 2588; x_wconf 90' lang='lat' dir='ltr'>ad</span> <span class='ocrx_word' id='word_1_288' title='bbox 687 2550 939 2588; x_wconf 89' lang='lat' dir='ltr'>sublimiora</span> <span class='ocrx_word' id='word_1_289' title='bbox 969 2549 1111 2587; x_wconf 89' lang='lat' dir='ltr'>studia</span> <span class='ocrx_word' id='word_1_290' title='bbox 1146 2555 1343 2587; x_wconf 88' lang='lat' dir='ltr'>sternant</span> <span class='ocrx_word' id='word_1_291' title='bbox 1372 2554 1738 2599; x_wconf 89' lang='lat' dir='ltr'>praeparentque.</span> 
     </span>
     <span class='ocr_line' id='line_1_34' title="bbox 122 2620 1741 2670; baseline -0.002 -10"><span class='ocrx_word' id='word_1_292' title='bbox 122 2623 168 2660; x_wconf 93' lang='lat' dir='ltr'>In</span> <span class='ocrx_word' id='word_1_293' title='bbox 190 2620 477 2660; x_wconf 79' lang='lat' dir='ltr'>uniuersitate</span> <span class='ocrx_word' id='word_1_294' title='bbox 504 2634 612 2659; x_wconf 92' lang='lat' dir='ltr'>uero</span> <span class='ocrx_word' id='word_1_295' title='bbox 644 2633 741 2659; x_wconf 88' lang='lat' dir='ltr'>curn</span> <span class='ocrx_word' id='word_1_296' title='bbox 772 2620 1091 2670; x_wconf 85' lang='lat' dir='ltr'>disputationes</span> <span class='ocrx_word' id='word_1_297' title='bbox 1121 2621 1320 2670; x_wconf 89' lang='lat' dir='ltr'>publicae</span> <span class='ocrx_word' id='word_1_298' title='bbox 1349 2632 1501 2670; x_wconf 90' lang='lat' dir='ltr'>nuper,</span> <span class='ocrx_word' id='word_1_299' title='bbox 1536 2620 1586 2656; x_wconf 93' lang='lat' dir='ltr'>D.</span> <span class='ocrx_word' id='word_1_300' title='bbox 1622 2620 1741 2656; x_wconf 91' lang='lat' dir='ltr'>Lam-</span> 
     </span>
     <span class='ocr_line' id='line_1_35' title="bbox 121 2689 1741 2744; baseline -0.004 -13"><span class='ocrx_word' id='word_1_301' title='bbox 121 2695 248 2732; x_wconf 91' lang='lat' dir='ltr'>berto</span> <span class='ocrx_word' id='word_1_302' title='bbox 270 2693 486 2744; x_wconf 89' lang='lat' dir='ltr'>praeside,</span> <span class='ocrx_word' id='word_1_303' title='bbox 511 2698 660 2731; x_wconf 88' lang='lat' dir='ltr'>essent</span> <span class='ocrx_word' id='word_1_304' title='bbox 681 2691 947 2742; x_wconf 87' lang='lat' dir='ltr'>propositae,</span> <span class='ocrx_word' id='word_1_305' title='bbox 973 2691 1220 2741; x_wconf 89' lang='lat' dir='ltr'>complures</span> <span class='ocrx_word' id='word_1_306' title='bbox 1239 2703 1292 2729; x_wconf 86' lang='lat' dir='ltr'>ex</span> <span class='ocrx_word' id='word_1_307' title='bbox 1310 2690 1585 2741; x_wconf 87' lang='lat' dir='ltr'>magnatibus</span> <span class='ocrx_word' id='word_1_308' title='bbox 1607 2689 1741 2727; x_wconf 86' lang='lat' dir='ltr'>totius</span> 
     </span>
     <span class='ocr_line' id='line_1_36' title="bbox 123 2761 1741 2813; baseline -0.004 -10"><span class='ocrx_word' id='word_1_309' title='bbox 123 2765 310 2804; x_wconf 90' lang='lat' dir='ltr'>ciuitatis</span> <span class='ocrx_word' id='word_1_310' title='bbox 332 2763 491 2802; x_wconf 90' lang='lat' dir='ltr'>eodem</span> <span class='ocrx_word' id='word_1_311' title='bbox 523 2764 839 2808; x_wconf 84' lang='lat' dir='ltr'>confluxerant,</span> <span class='ocrx_word' id='word_1_312' title='bbox 871 2764 985 2800; x_wconf 89' lang='lat' dir='ltr'>inter</span> <span class='ocrx_word' id='word_1_313' title='bbox 1005 2775 1116 2813; x_wconf 90' lang='lat' dir='ltr'>quos</span> <span class='ocrx_word' id='word_1_314' title='bbox 1146 2763 1307 2813; x_wconf 89' lang='lat' dir='ltr'>primus</span> <span class='ocrx_word' id='word_1_315' title='bbox 1341 2762 1421 2800; x_wconf 88' lang='lat' dir='ltr'>fuit</span> <span class='ocrx_word' id='word_1_316' title='bbox 1451 2761 1741 2811; x_wconf 89' lang='lat' dir='ltr'>archiepisco·</span> 
     </span>
    </p>
   </div>
   <div class='ocr_carea' id='block_1_3' title="bbox 169 2901 504 2948">
    <p class='ocr_par' dir='ltr' id='par_1_4' title="bbox 169 2901 504 2948">
     <span class='ocr_line' id='line_1_37' title="bbox 169 2901 504 2948; baseline -0.012 -7"><span class='ocrx_word' id='word_1_317' title='bbox 169 2904 188 2923; x_wconf 69' lang='lat' dir='ltr'>a</span> <span class='ocrx_word' id='word_1_318' title='bbox 239 2903 331 2948; x_wconf 84' lang='lat' dir='ltr'>Seq.</span> <span class='ocrx_word' id='word_1_319' title='bbox 351 2901 401 2937; x_wconf 90' lang='lat' dir='ltr'>ob</span> <span class='ocrx_word' id='word_1_320' title='bbox 419 2901 504 2938; x_wconf 85' lang='lat' dir='ltr'>del.</span> 
     </span>
    </p>
   </div>
   <div class='ocr_carea' id='block_1_4' title="bbox 173 3038 722 3087">
    <p class='ocr_par' dir='ltr' id='par_1_5' title="bbox 173 3038 722 3087">
     <span class='ocr_line' id='line_1_38' title="bbox 173 3038 722 3087; baseline -0.004 -10"><span class='ocrx_word' id='word_1_321' title='bbox 173 3042 181 3060; x_wconf 88' lang='lat'><strong>¹</strong></span> <span class='ocrx_word' id='word_1_322' title='bbox 229 3040 406 3087; x_wconf 89' lang='lat' dir='ltr'>Joannes</span> <span class='ocrx_word' id='word_1_323' title='bbox 424 3038 722 3076; x_wconf 82' lang='lat' dir='ltr'>Przerembski.</span> 
     </span>
    </p>
   </div>
  </div>
 </body>
</html>
