2038 3400
326 219 397 257 782
794 221 1014 258 L1T'rERAE
1042 221 1401 266 QUADR1MESTRES

282 324 537 375 ingolstadij
556 325 610 363 ad
627 325 845 363 Calendas
863 325 1133 375 Septembris
1157 325 1268 373 1560.
1289 326 1337 364 T.
1358 326 1406 364 R.
1428 326 1708 364 Paternitatis
1725 326 1767 364 in
1793 327 1904 365 Dno.

282 408 452 443 seruus,

1134 468 1310 506 HERMES
1342 469 1631 507 SEMICOLANUS
1663 476 1690 508 ¹.

1057 707 1146 758 411

672 851 724 897 P.
778 849 1195 897 RAPHAEL
1246 850 1522 896 RIERA

748 993 945 1019 LAURETO
975 983 989 1019 l
1017 993 1273 1021 SEPTEMBRIS
1304 982 1394 1019 1560
1419 982 1444 1018 ².

280 1104 312 1142 1.
337 1103 470 1143 Certa
488 1103 811 1155 pecuniarium
839 1106 879 1143 et
907 1104 1233 1144 alimentorum
1263 1116 1443 1142 summa
1474 1102 1668 1154 collegio
1701 1102 1913 1142 attribui·

360 1172 450 1209 tur.
485 1170 807 1209 Numerantur
839 1170 954 1209 socii
985 1172 1043 1208 ad
1063 1179 1131 1218 45,
1157 1182 1353 1220 qnorum
1376 1180 1424 1218 14
1445 1170 1712 1208 sacerdotes.
1739 1168 1913 1208 Eorum

359 1235 551 1275 virtutes
591 1238 630 1275 et
673 1235 934 1275 litterariae
977 1234 1340 1274 exercitationes.
1385 1235 1433 1273 P.
1477 1233 1783 1274 Ribadeneira
1828 1235 1914 1274 col-

360 1302 534 1354 legium
555 1301 726 1340 visitat.
756 1301 1145 1340 Constitutionzim
1167 1300 1446 1352 explanatio.
1484 1301 1698 1340 Votorum
1726 1313 1914 1340 renova-

360 1367 537 1407 tia—2.
564 1368 647 1406 Pia
681 1370 819 1418 opera
849 1380 967 1420 erga
983 1367 1223 1419 proximos
1245 1366 1447 1406 Recineti
1467 1369 1507 1406 et
1529 1366 1836 1406 Laureti.—-3.
1863 1367 1915 1405 In

361 1435 509 1474 Monte
544 1433 713 1473 Sancto
749 1433 1049 1473 instauratur
1084 1433 1453 1486 confraternitas
1486 1432 1707 1483 Corporis
1739 1432 1916 1472 Christi

349 1502 455 1552 jam
475 1501 581 1551 jam
607 1499 938 1551 peritura—4.
965 1500 1191 1539 Excursio
1218 1502 1284 1538 *ad
1314 1499 1496 1539 curiam
1527 1501 1693 1538 ducum
1727 1498 1914 1538 urbina-

360 1566 488 1605 tinm.
523 1567 705 1605 Horam
735 1579 852 1618 erga
886 1566 1034 1605 socios
1068 1565 1388 1605 benevolentia.
1426 1565 1581 1605 Comes
1613 1564 1916 1604 Landrianus

359 1634 571 1672 Anconae
601 1634 696 1671 vult
731 1633 979 1684 collegium
1009 1632 1205 1684 erigere‚·
1239 1631 1368 1670 alind
1399 1631 1583 1671 ducissa
1615 1631 1809 1670 urbinas
1839 1630 1914 1669 Pi-

357 1698 602 1738 sauri—5.
642 1699 923 1737 Nostrorum
959 1698 1232 1738 ministeriis
1269 1700 1362 1737 tota
1405 1697 1641 1737 Marclziae
1671 1696 1914 1748 provincia

360 1767 624 1811 renovatur,
649 1766 688 1803 et
705 1765 865 1804 crescit
888 1765 1141 1803 multorum.
1163 1763 1468 1803 benevolentia
1491 1776 1608 1815 erga
1626 1762 1912 1803 Societatem.

338 1903 370 1931 Ι.
431 1894 458 1943 †
486 1893 574 1943 Jhs.
599 1893 752 1931 Gratia
774 1898 817 1930 et
838 1905 922 1943 pax
946 1892 1122 1931 Christi.
1147 1892 1257 1931 Cum
1287 1892 1574 1930 constitutum
1605 1890 1915 1929 mittendarum

278 1962 501 2002 literarum
526 1971 698 2014 tempus
720 1964 846 2010 adsit,
871 1963 1106 2001 admodum
1132 1965 1178 2001 R.
1199 1964 1241 2002 in
1259 1964 1434 2003 Christo
1454 1964 1599 2008 Pater,
1618 1975 1702 2000 nec
1717 1975 1798 2000 nos
1816 1974 1916 2000 con-

280 2036 538 2081 suetudinis,
563 2041 693 2086 atque
726 2036 912 2074 instituti
941 2036 1079 2073 nostri
1111 2035 1245 2073 simus
1279 2035 1416 2082 obliti,
1449 2035 1633 2072 scribam
1655 2046 1738 2084 qua
1758 2039 1915 2084 potero

279 2109 515 2155 breuitate,
535 2121 618 2158 que
636 2120 713 2158 per
730 2113 908 2146 nostros
925 2108 966 2145 in
983 2108 1069 2145 hoc
1086 2106 1362 2145 sanctissimo
1381 2108 1481 2145 loco
1500 2111 1598 2144 acta
1616 2110 1728 2152 sunt,
1750 2105 1784 2143 si
1799 2104 1916 2155 prius

280 2179 333 2218 de
356 2180 517 2217 nostris
534 2179 716 2230 priuatis
738 2179 868 2217 rebus
891 2179 1051 2230 aliquid
1074 2178 1245 2217 dixero.
1271 2178 1335 2216 Ac
1358 2179 1496 2228 primo
1519 2177 1695 2228 quidem
1718 2175 1822 2214 illud
1846 2189 1916 2214 oc-

281 2252 428 2299 currit,
462 2251 579 2303 quod
609 2251 771 2289 uostris
805 2256 1182 2302 peropportunum
1220 2250 1499 2300 maximeque
1530 2247 1827 2288 necessarium
1856 2249 1917 2286 vi-

279 2323 478 2362 debatur.
505 2322 687 2361 Solebat
704 2323 790 2361 hoc
811 2323 1083 2360 lauretanum
1109 2321 1346 2372 collegium
1375 2321 1459 2359 iam
1491 2319 1591 2358 inde
1623 2319 1676 2358 ab
1705 2319 1827 2358 initio
1858 2319 1917 2357 ita

328 2500 336 2519 ¹
390 2497 454 2535 De
473 2510 552 2545 quo
571 2496 616 2534 P.
639 2495 832 2533 Nicolaus
852 2496 1062 2544 Lanoyus,
1082 2501 1229 2540 rector,
1250 2495 1314 2532 die
1334 2495 1380 2531 24
1395 2494 1495 2541 Julii
1526 2493 1628 2537 1559,
1662 2494 1763 2530 haec
1785 2492 1916 2540 Ingol-

277 2558 408 2596 stadio
423 2557 639 2594 scribebat:
660 2555 858 2594 «Hermes
885 2555 1166 2594 Semicolonus
1194 2555 1442 2602 (Halbpaur)
1470 2553 1612 2592 Germ.
1629 2553 1675 2590 24
1693 2565 1843 2590 annum
1861 2553 1917 2589 ait

277 2632 320 2656 se
340 2618 546 2664 attingere
567 2622 635 2654 aut
654 2617 716 2653 23.
741 2616 956 2663 Ingressus
975 2622 1035 2653 est
1055 2615 1305 2654 Societatem
1325 2627 1431 2652 anno
1453 2614 1496 2652 16
1515 2619 1583 2651 aut
1614 2613 1655 2650 17
1681 2625 1779 2650 suae
1806 2616 1916 2650 aeta-

276 2679 340 2715 tis.
364 2677 536 2714 Audiuit
556 2682 596 2713 et
615 2676 752 2712 didicit
772 2677 812 2712 in
831 2675 1038 2713 Societate
1057 2675 1383 2722 grammaticam.
1405 2674 1650 2711 rhetoricam
1676 2676 1715 2709 et
1734 2671 1915 2708 dialecti-

277 2751 366 2776 cam
387 2744 425 2775 et
444 2737 593 2774 artium
613 2749 775 2773 cursum
796 2735 880 2772 fere
900 2741 1042 2773 totum.
1065 2735 1183 2772 Nunc
1202 2747 1293 2771 sese
1314 2739 1480 2772 exercet
1507 2733 1548 2770 in
1575 2731 1808 2780 repetendis
1840 2733 1914 2768 lec-

275 2798 452 2836 tionibus
471 2796 660 2834 studiosis
678 2796 746 2843 qui
765 2798 931 2832 aluntur
950 2796 989 2832 in
1009 2796 1185 2842 collegio
1205 2807 1324 2832 nouo.
1346 2793 1449 2831 Boni
1469 2799 1530 2831 est
1549 2792 1703 2840 ingenij
1724 2798 1764 2829 et
1782 2792 1832 2828 ad
1851 2792 1916 2829 de-

277 2858 542 2896 clamationes
561 2863 645 2892 tum
674 2856 820 2892 latinas
846 2860 930 2892 tum
958 2856 1216 2902 germanicas
1243 2855 1426 2892 idoneus.
1456 2852 1654 2898 Queritur
1680 2851 1918 2898 frequenter

277 2919 326 2956 de
346 2919 484 2955 dolore
504 2915 684 2964 capitis.»
705 2914 765 2961 (In
784 2917 867 2952 cod.
891 2915 1035 2953 Germ.
1057 2915 1147 2960 131,
1169 2914 1195 2952 f.
1221 2915 1317 2960 133).

323 2979 336 2997 ⁹
387 2976 448 3014 Ex
467 2988 609 3024 apogr.
630 2988 793 3019 coaevo,
815 2976 920 3022 quod
938 2980 1128 3012 servatur
1147 2976 1186 3011 in
1204 2974 1369 3032 archiyo
1389 2973 1617 3011 coloniensi
1640 2970 1916 3017 (Stadtarchiv

277 3037 405 3083 Koln)
426 3038 465 3074 in
485 3037 569 3074 cod.
585 3035 632 3083 J.
648 3035 696 3082 J.
721 3034 817 3081 723,
837 3034 887 3080 ΙΙ,
910 3035 951 3072 ft.
972 3034 1019 3072 72
1036 3056 1047 3061 -
1062 3035 1119 3072 74.
