2038 3400
342 218 407 255 182
820 217 1040 256 LITTERAE
1067 219 1425 265 QUADRIMESTRES

293 318 506 358 rationem
528 320 839 371 ingrederetur
863 325 888 360 ¹.
913 322 967 359 Et
988 334 1093 360 sane
1115 334 1224 372 quos
1245 322 1472 369 habemus,
1496 321 1522 371 ij
1547 327 1634 360 tam
1655 334 1801 361 sacras
1819 335 1919 361 con-

293 391 444 428 ciones
465 390 654 430 libenter
676 392 972 443 frequentant,
998 398 1084 431 tam
1121 392 1318 431 studiose
1349 405 1455 444 erga
1485 392 1809 432 confessionem
1831 395 1920 433 affi-

294 461 478 510 ciuntur,
504 468 550 501 ut
572 476 777 515 magnum
797 477 850 502 ex
873 477 921 503 se
938 464 1127 503 fructum
1144 462 1198 502 ad
1219 463 1302 502 Dei
1318 465 1501 515 gloriam
1522 478 1609 504 non
1633 466 1819 504 obscure
1841 479 1919 504 suo

292 538 493 583 tempore
515 547 694 585 sperare
717 549 797 574 nos
818 536 1012 574 iubeant.
1038 535 1147 573 Nam
1171 542 1215 573 et
1236 536 1278 573 in
1300 535 1455 586 studijs
1475 536 1803 587 perseueraturi
1823 544 1922 575 sunt

293 604 387 643 fere
411 618 579 653 omnes,
603 607 721 657 quod
742 620 887 658 neque
909 607 1074 645 artibus
1094 607 1374 654 mechanicis,
1406 620 1550 659 neque
1572 614 1846 647 mercaturae
1868 608 1923 647 ad

294 675 471 714 modum
503 676 639 728 deditj
672 684 771 716 sunt
801 679 843 716 in
873 679 955 717 hac
986 678 1181 725 ciuitate,
1207 683 1250 716 et
1271 679 1485 717 hactenus
1506 679 1682 729 quidem
1705 686 1803 718 sunt
1820 680 1921 718 ado-

294 747 529 788 lescentuli
559 750 724 799 aliquot
757 749 920 800 optima
949 748 1138 799 quodam
1171 748 1263 800 [sic]
1296 748 1444 788 indole
1465 750 1665 801 praediti,
1690 751 1763 802 qui
1782 751 1825 789 in
1846 751 1923 789 So·

295 820 503 860 cietatem
521 820 690 870 admittj
711 821 904 872 cupiunt,
924 820 1055 858 etiam
1073 832 1169 858 cum
1187 833 1355 859 summa
1370 827 1598 872 parentum
1615 823 1858 869 uoluntate,
1881 828 1925 860 et

294 893 376 932 nisi
397 898 520 932 aetas
544 894 755 939 obstaret,
787 892 842 930 de
877 891 1140 943 recipiendis
1170 890 1252 930 illis
1282 892 1479 943 cogitare
1500 893 1811 944 potuissemus.
1835 893 1925 932 Sed

296 966 352 1004 de
373 965 534 1004 scholis
555 966 734 1004 nimium
756 965 944 1003 fortasse
967 965 1115 1002 multa.

348 1050 386 1087 4.
447 1039 495 1076 R.
521 1038 571 1076 P.
596 1037 780 1076 Michael
811 1035 823 1054 ²
855 1036 1142 1075 concionatus
1174 1042 1240 1075 est
1271 1042 1315 1076 et
1349 1037 1391 1076 in
1420 1042 1572 1076 nostro
1606 1044 1649 1076 et
1678 1038 1720 1076 in
1754 1051 1923 1077 summo

296 1109 476 1160 templo,
519 1122 616 1147 cum
657 1121 815 1159 magna
852 1107 1100 1146 auditorum
1138 1108 1407 1159 frequentia,
1448 1122 1594 1160 neque
1634 1100 1751 1148 cum'
1771 1109 1926 1148 minori

297 1180 489 1219 omnium
506 1180 729 1231 applausu,
749 1180 905 1231 quibus
922 1179 1098 1230 quidem
1121 1185 1168 1218 ut
1189 1179 1304 1218 aliud
1324 1181 1429 1219 nihil
1447 1181 1500 1219 sit
1520 1181 1783 1232 profectum,
1804 1186 1925 1220 certe

296 1257 396 1290 sunt
432 1251 611 1301 excitatj
648 1251 842 1301 nonnullj
880 1253 923 1290 ut
952 1252 1039 1291 hoc
1072 1253 1272 1303 proximo
1305 1251 1512 1299 aduentu,
1545 1253 1735 1304 quinque
1765 1253 1927 1291 fuerint

296 1324 650 1371 concionatores,
684 1336 781 1361 cum
813 1323 917 1361 alias
948 1337 1058 1362 unus
1088 1328 1256 1362 tantum
1289 1336 1388 1362 esse
1419 1325 1599 1362 soleret.
1635 1323 1750 1374 Quid
1780 1329 1927 1362 tamen

295 1395 542 1446 profectum
565 1394 618 1432 sit
640 1399 729 1432 tum
749 1394 1049 1441 concionibus,
1070 1400 1161 1433 tum
1182 1394 1277 1444 alijs
1300 1394 1430 1433 etiam
1449 1395 1675 1433 societatis
1697 1403 1715 1421 a
1736 1396 1928 1434 ministe-

296 1467 386 1517 rijs,
410 1471 599 1505 testatur
622 1478 718 1504 cum
741 1467 835 1517 ipse
858 1467 975 1505 RduS
998 1466 1228 1505 coadiutor
1250 1467 1321 1517 qui
1344 1479 1390 1505 se
1411 1465 1651 1505 notabilem
1684 1470 1727 1504 et
1759 1467 1927 1518 conspi-

297 1551 426 1577 cuum
460 1538 650 1576 fructum
680 1537 843 1576 uidisse
864 1543 965 1589 post
989 1537 1226 1577 Societatis
1247 1538 1289 1576 in
1310 1538 1423 1576 hanc
1444 1538 1668 1576 ciuitatem
1690 1537 1927 1576 aduentum

297 1610 500 1658 affirmat,
526 1616 617 1648 tum
638 1610 890 1660 lachrymae
912 1622 1024 1661 quae
1046 1610 1168 1648 uisae
1191 1614 1304 1657 sunt,
1330 1615 1374 1648 et
1396 1610 1723 1648 confessionum
1747 1622 1929 1661 magnus

298 1682 412 1733 apud
433 1695 513 1721 nos
534 1695 742 1720 numerus
764 1687 916 1732 aperte
940 1682 1181 1729 declarant3
1204 1683 1245 1720 in
1262 1680 1418 1733 quibus
1439 1682 1507 1731 alij
1531 1681 1706 1733 quidem
1727 1680 1781 1719 ad
1809 1694 1930 1720 sanc-

298 1753 453 1803 tissimj
479 1753 773 1792 eucharistiae
796 1753 1059 1802 sacramentj
1083 1753 1263 1804 singulis
1285 1752 1513 1792 dominicis
1544 1752 1698 1790 diebus
1728 1752 1928 1804 frequen-

297 1826 529 1872 tationem3
561 1825 631 1875 alij
665 1837 772 1863 uero
805 1825 986 1876 singulis
1021 1824 1244 1862 mensibus
1274 1823 1451 1873 adductj
1476 1830 1590 1871 sunt,
1615 1837 1712 1863 cum
1733 1829 1864 1862 antea
1884 1835 1931 1862 re

298 1897 460 1948 alioqui
483 1900 632 1935 essent
653 1896 923 1945 alienissimj.
948 1896 994 1934 In
1015 1896 1110 1945 alijs
1133 1896 1264 1934 etiam
1287 1895 1432 1933 extitit
1454 1896 1571 1934 uitae
1593 1895 1776 1934 mutatio
1799 1895 1930 1934 adrni-

299 1969 447 2017 randa,
471 1982 583 2020 quae
607 1968 782 2008 omnino
805 1967 1049 2020 generatim
1070 1969 1216 2019 potius
1237 1981 1366 2018 quam
1394 1967 1642 2019 singillatim
1672 1980 1728 2006 ne
1763 1967 1932 2019 longio-

299 2055 370 2080 res
394 2054 608 2088 essemus,
632 2039 835 2079 duximus
858 2040 1135 2090 exponenda.
1160 2039 1342 2078 Reditus
1373 2052 1548 2090 quoque
1578 2038 1619 2077 in
1650 2039 1834 2090 gratiam
1865 2051 1931 2077 re-

300 2112 723 2164 conciliationesque
759 2112 950 2150 illustres
986 2111 1249 2163 maximique
1286 2111 1495 2160 momentj
1532 2111 1677 2150 factae
1717 2116 1817 2149 sunt
1855 2123 1932 2162 per

299 2191 476 2225 nostros
508 2186 677 2232 Patres,
712 2185 824 2222 inter
857 2196 935 2222 eos
957 2197 982 2222 a
1002 2184 1159 2235 quibus
1180 2183 1200 2208 b
1221 2183 1364 2221 nullus
1385 2195 1573 2234 unquam
1595 2190 1612 2208 c
1633 2181 1673 2220 id
1696 2182 1931 2233 impetrare

300 2263 521 2310 potuerat,
546 2270 643 2296 cum
667 2257 789 2295 multi
807 2268 992 2308 magnae
1014 2256 1262 2294 autoritatis
1293 2259 1423 2293 antea
1453 2258 1759 2293 attentassent.
1784 2253 1932 2292 Mulie-

300 2343 370 2369 res
401 2335 634 2381 praeterea
664 2342 752 2368 non
781 2341 948 2379 paucae
980 2340 1101 2366 suam
1130 2328 1245 2366 illam
1278 2327 1493 2366 curiosam
1514 2325 1640 2364 nimis
1662 2325 1933 2364 affectatam-

300 2416 386 2453 que
428 2403 570 2441 cultus
605 2402 822 2440 rationem
857 2400 1079 2439 abiecere.
1112 2400 1165 2437 Et
1196 2400 1362 2450 aliquot
1392 2398 1584 2449 uirgines
1615 2410 1736 2436 suam
1772 2409 1932 2448 sponso

301 2475 478 2513 Christo
516 2474 767 2512 castitatem
805 2483 1068 2511 consecrare
1104 2471 1415 2517 decreuerunt,
1459 2469 1727 2520 uellentque,
1765 2469 1853 2506 suis
1892 2468 1934 2506 in

302 2559 433 2585 unum
469 2545 639 2585 collatis
662 2544 854 2591 dotibus,
878 2542 1191 2582 monasterium
1215 2542 1338 2592 erigi,
1363 2540 1532 2592 sibique
1554 2553 1578 2578 a
1599 2540 1826 2579 Societate
1848 2539 1935 2577 for-

349 2708 368 2727 a
419 2707 574 2745 Praee.
596 2717 636 2744 v.
658 2710 796 2752 supra
815 2715 925 2742 vers.
981 2705 1047 2730 —b
1068 2702 1164 2741 Del.
1195 2714 1386 2749 unquam.
1443 2709 1505 2727 ——0
1539 2701 1692 2738 Praec.
1725 2710 1764 2737 v.
1797 2703 1935 2745 supra

301 2778 435 2813 vers„
457 2766 595 2804 deleto
614 2765 666 2803 id.

352 2925 359 2943 ¹
414 2921 537 2968 Vide,
565 2922 632 2967 sis,
663 2920 778 2969 epist.
809 2919 984 2967 episcopi
1011 2918 1138 2966 coadj.
1168 2916 1439 2955 foroliviensis
1466 2916 1515 2952 de
1542 2915 1616 2952 hac
1643 2925 1687 2951 re
1718 2913 1758 2950 in
1785 2911 1940 2951 Lainii

306 2983 525 3025 Monam..
547 2980 623 3026 IV,
643 2980 724 3018 310.

352 3043 365 3064 ³
416 3042 460 3081 P.
484 3041 662 3080 Michael
682 3040 869 3086 Botelho,
891 3041 1104 3078 lusitanus.
