2038 3400
515 240 843 278 42O.--C0L0N1A
869 239 892 276 5
918 238 1181 277 SEPTEMBms
1210 236 1300 273 1560
1607 232 1673 270 821

103 351 245 388 animo
268 353 422 386 votum
445 349 759 396 conceperunt,
785 349 829 383 et
852 348 900 381 vt
920 342 1088 380 admitti
1119 339 1301 392 possint,
1334 339 1600 384 institerunt,
1624 350 1723 375 nec-

103 421 204 459 dum
226 425 372 457 tamen
395 418 586 468 ipsorum
607 415 808 466 petitioni
831 414 1101 453 satisfactum
1124 418 1206 459 est,
1230 411 1383 461 partim
1416 415 1460 446 vt
1492 409 1629 456 mag-is
1651 408 1722 445 de-

103 490 264 531 sideria
284 491 622 535 inflammentur,
656 487 811 538 partim
844 487 975 524 etiam
1007 490 1054 523 vt
1083 484 1210 522 nobis
1240 484 1433 533 ipsorum
1463 481 1592 518 animi
1622 480 1724 517 fiant

102 562 447 613 explorationes
485 559 573 597 Sex
610 565 756 596 tamen
791 557 967 595 admissi
1001 561 1115 603 sunt,
1152 566 1335 605 quorum
1365 565 1475 590 vnus
1505 552 1591 589 hoc
1611 564 1722 589 anno

102 632 341 685 magisterij
366 631 493 669 titulo
516 630 746 681 insignitus
769 634 850 676 est,
875 628 1047 666 iuuenis
1076 631 1250 677 praeter
1279 625 1512 662 honestam
1541 623 1722 660 formam

102 711 146 743 et
167 716 397 755 proceram
421 707 644 747 staturam,
678 701 773 749 alijs
795 699 971 737 dotibus
993 699 1134 736 clarus
1156 700 1238 743 est,
1262 708 1372 746 quae
1401 693 1454 732 ad
1475 694 1724 732 functiones

101 773 338 815 Societatis
357 774 511 812 mirum
533 774 573 810 in
597 772 773 810 modum
796 774 893 808 sunt
915 768 1202 808 accomodae.
1227 769 1553 807 Conterraneus
1575 764 1721 816 ipsius,

101 847 173 897 qui
194 846 393 885 similiter
415 857 647 896 germanus
670 849 752 890 est,
771 843 968 893 proxima
985 840 1318 891 quadragesima
1334 837 1662 889 promouendus
1682 836 1723 874 in

102 919 357 969 magistrum
381 922 463 963 est,
485 916 644 954 eodem
668 915 842 952 omnino
866 912 1041 951 videtur
1063 911 1162 949 duci
1194 911 1359 961 spiritrl.
1393 910 1515 947 Alius
1538 914 1605 946 est
1626 910 1723 946 bus-

101 990 379 1035 coducensis,
405 987 564 1026 eodem
587 993 787 1036 tempore
809 985 1018 1035 magister
1034 984 1219 1030 futurus,
1241 989 1285 1020 et
1302 982 1392 1033 ipse
1410 985 1590 1019 naturae
1615 980 1723 1018 doti-

103 1062 183 1098 bus
205 1059 498 1098 admirandus.
519 1060 595 1096 Est
615 1063 659 1095 et
680 1057 788 1095 alius
809 1055 1033 1102 sacerdos,
1053 1067 1164 1092 anno
1184 1054 1331 1104 elapso
1350 1054 1389 1091 in
1408 1053 1661 1103 magistrum
1682 1052 1722 1089 in

106 1137 259 1169 nostro
284 1130 475 1181 collegio
497 1133 739 1180 promotus,
763 1128 827 1165 uir
850 1127 1033 1176 simplex
1053 1131 1095 1163 et
1112 1131 1275 1171 rectus,
1294 1125 1366 1174 qui
1382 1124 1590 1174 improbis
1607 1122 1723 1161 labo-

105 1202 222 1241 ribus
245 1207 289 1240 et
310 1202 537 1253 diligentia
558 1200 911 1239 mediocritatem
933 1198 1096 1249 ingenij
1121 1202 1390 1248 compensat.
1418 1198 1597 1246 Insuper
1617 1208 1724 1232 vnus

107 1279 174 1312 est
195 1273 452 1319 leodiensiS,
477 1273 549 1323 qui
569 1272 797 1321 accolytus
819 1269 971 1308 Rfsimi
1003 1268 1197 1319 episcopi
1228 1266 1465 1305 leodiensis
1499 1265 1593 1313 fuit,
1619 1272 1662 1303 et
1683 1265 1723 1303 in

104 1345 346 1383 notariatus
368 1348 462 1381 arte
485 1348 721 1393 utcumque
746 1346 961 1386 versatim,
986 1340 1027 1377 in
1059 1339 1200 1376 culina
1221 1344 1311 1376 tres
1332 1350 1507 1376 menses
1538 1349 1585 1375 se
1616 1342 1723 1374 stre-

101 1430 186 1455 nue
209 1417 364 1468 gessit3
386 1422 652 1466 postremus,
684 1414 797 1452 filius
820 1417 887 1450 est
918 1411 1025 1450 ciuis
1048 1410 1328 1449 coloniensis.
1361 1410 1414 1447 Et
1445 1410 1555 1447 haec
1576 1409 1723 1446 hacte-

87 1499 181 1526 ‘nus
203 1488 257 1527 de
281 1493 397 1526 statu
420 1487 574 1526 domus
596 1491 788 1524 nostrae.

153 1571 192 1608 4.
252 1559 380 1597 Nune
401 1558 455 1597 de
486 1570 670 1596 numero
703 1557 913 1607 cuiusque
945 1555 1094 1593 classis
1121 1552 1339 1604 agendum
1363 1557 1444 1590 est.
1479 1553 1524 1589 In
1545 1552 1725 1602 physica

99 1636 199 1669 sunt
221 1641 285 1677 22,
310 1631 352 1668 in
369 1630 514 1681 logica
534 1629 600 1677 363
622 1629 664 1666 in
685 1627 907 1666 rethorica
925 1626 992 1674 633
1014 1625 1056 1663 in
1077 1625 1254 1676 poetica
1274 1625 1340 1672 603
1364 1625 1405 1662 in
1428 1624 1490 1661 2.a
1511 1635 1722 1674 gramma—

100 1704 290 1742 ticorum
327 1712 392 1751 733
428 1702 469 1739 in
504 1701 650 1739 infima
685 1701 826 1739 classe
860 1701 948 1748 1483
971 1710 1139 1737 summa
1161 1698 1350 1735 omnium
1385 1708 1477 1745 402.
1502 1697 1725 1734 Exercitia

101 1774 266 1812 habent
295 1773 601 1824 pulcherrima,
634 1784 731 1809 nam
761 1775 937 1822 praeter
967 1770 1243 1821 vespertinas
1273 1768 1562 1820 repetitiones
1599 1781 1723 1806 exer-

102 1850 257 1884 centur
279 1843 529 1895 philosophi
552 1843 689 1881 tribus
720 1842 907 1880 diuersis
938 1841 1321 1892 disputationibus,
1355 1840 1510 1889 quibus
1542 1839 1724 1877 difficul-

101 1923 215 1956 tates
235 1915 540 1968 philosophiae
571 1912 724 1952 sedulo
757 1913 1051 1951 excutiuntur.
1085 1913 1303 1950 Rethores
1333 1911 1486 1949 sedulo
1518 1911 1559 1949 in
1581 1911 1723 1949 decla-

101 1989 365 2028 mationibus
389 2000 435 2025 se
461 1990 688 2024 exercent.
714 1984 800 2034 Qui
822 1985 935 2022 enim
964 1982 1271 2034 prouectiores
1303 1996 1356 2020 ex
1387 1983 1439 2031 ijs
1462 1988 1575 2029 sunt,
1599 1982 1724 2020 festis

101 2061 343 2111 quibusque
363 2059 516 2097 diebus
533 2057 575 2094 in
591 2057 765 2107 publico
785 2055 1080 2093 studiosorum
1099 2068 1329 2102 concessu,
1352 2054 1631 2105 presentibus
1649 2053 1723 2092 do-

102 2132 296 2171 mesticis
316 2129 653 2181 preceptoribus
675 2132 805 2178 atque
829 2127 1038 2174 externis,
1060 2127 1282 2165 orationes
1304 2138 1402 2163 suas
1418 2126 1720 2176 pronunciant.

103 2205 156 2242 Et
176 2203 401 2241 auditores
421 2201 600 2252 poesios
622 2211 699 2237 sua
720 2210 831 2249 quae
854 2204 1195 2249 composuerunt
1217 2196 1420 2235 carmina.
1455 2198 1577 2234 Duae
1609 2197 1723 2235 enim

102 2276 258 2314 diebus
280 2274 362 2312 illis
386 2273 608 2311 orationes
630 2271 883 2317 recitantur,
907 2271 1043 2308 altera
1063 2283 1208 2321 prosa,
1231 2270 1469 2320 posteriori
1490 2270 1590 2307 1000
1614 2281 1637 2306 a
1658 2281 1723 2305 re-

105 2346 247 2393 thore,
273 2345 412 2382 altera
434 2343 625 2382 carmine
648 2354 671 2379 a
691 2346 840 2392 poeta,
866 2346 910 2379 et
931 2342 1109 2379 alternis
1139 2341 1309 2379 vicibus
1341 2354 1501 2391 graece
1533 2341 1636 2378 dicit
1658 2353 1722 2377 re-

103 2417 217 2455 thor.
242 2416 326 2454 Hic
348 2416 462 2453 enim
488 2421 506 2439 a
540 2418 741 2451 seruatur
764 2412 888 2459 ordo,
919 2418 967 2450 vt
997 2425 1094 2450 cum
1123 2425 1254 2464 prosa
1285 2413 1485 2451 oratione
1516 2412 1720 2458 rethoris,

107 2487 354 2526 alternatim
376 2499 491 2524 nunc
510 2486 641 2536 poeta
676 2485 866 2523 carmina
886 2485 1061 2532 recitet,
1094 2497 1209 2522 nunc
1244 2485 1395 2522 rethor
1416 2484 1524 2522 alius
1562 2495 1722 2534 graece

103 2558 336 2605 declamat,
360 2564 409 2596 vt
444 2570 540 2596 cum
576 2557 618 2594 in
651 2556 895 2606 linguarum
930 2556 1100 2604 notitia,
1133 2561 1224 2594 tum
1246 2555 1380 2606 ligata
1414 2560 1544 2604 atque
1581 2555 1724 2592 soluta

104 2629 304 2668 oratione
326 2633 633 2680 promoueant.
659 2627 743 2676 Qui
765 2639 873 2665 vero
896 2627 1090 2665 iuniores
1112 2632 1225 2674 sunt,
1248 2632 1339 2664 tum
1361 2632 1522 2677 poetae
1544 2631 1634 2663 tum
1657 2637 1722 2662 re-

103 2701 270 2748 thores,
295 2699 356 2738 illi
377 2700 419 2738 in
441 2699 664 2738 rethorica
685 2699 835 2737 schola
852 2699 1006 2737 diebus
1024 2700 1157 2749 jouis,
1182 2700 1224 2737 in
1243 2711 1406 2737 corona
1424 2711 1599 2735 suorum
1623 2710 1723 2735 con-

104 2771 416 2822 discipulorum
448 2769 659 2808 videlicet
695 2775 738 2807 et
758 2776 1004 2821 poetarum,
1043 2776 1088 2809 et
1121 2776 1352 2822 praeterea
1373 2771 1536 2820 aliquot
1570 2770 1723 2819 magis-

89 2850 283 2902 ¹trorum,
307 2843 349 2880 in
371 2842 763 2880 declamationibus
785 2854 832 2880 se
856 2848 1082 2890 exercent,
1106 2848 1155 2881 vt
1182 2844 1222 2881 in
1251 2842 1471 2894 publicum
1493 2840 1721 2891 aliquando

102 2928 190 2953 non
211 2915 303 2952 sine
323 2914 493 2952 honore
514 2912 690 2964 prodire
712 2911 857 2951 liceat.
881 2913 937 2951 Vt
958 2918 1104 2951 autem
1125 2914 1434 2952 adolescentes
1450 2913 1520 2951 isti
1536 2924 1723 2963 pronun-

149 3051 169 3071 a
217 3062 283 3088 vv.
306 3064 329 3088 a
348 3051 510 3088 rethore
532 3070 572 3075 -
593 3049 672 3087 Hic
692 3049 798 3086 enim
817 3054 923 3087 sunt
938 3052 986 3088 in
1003 3060 1142 3096 marg.
