2038 3400
374 232 445 271 818
865 229 1087 268 LITTERAE
1112 229 1470 276 QUADmMESTRES

1090 457 1204 508 420

627 592 679 638 Ρ.
715 588 1152 636 FRANCISCUS
1187 586 1668 635 HAEMEROLUS

803 713 985 740 COLONIA
1010 703 1034 739 5
1058 712 1314 739 SEPTEMBRIS
1342 701 1432 738 1560
1460 703 1484 738 ¹.

330 815 363 853 l.
389 813 633 853 Sociorum
655 825 890 858 nmnerzrs·
909 811 1149 863 profectus
1171 810 1219 850 in
1248 809 1531 862 spiritu.—2.
1559 809 1804 850 Comitissa
1834 811 1964 850 eccle-

408 880 504 919 siae
526 879 648 919 Stae.
680 879 874 919 Ursulae
890 876 1156 929 praeposita
1187 876 1305 915 illud
1335 877 1551 926 templum
1579 876 1753 915 nostris
1782 878 1964 916 tradere

408 947 550 991 vellet.
597 945 852 985 Contiones.
891 944 1190 983 Peccatorum
1231 942 1564 982 conversiones.
1609 941 1806 994 Collegii
1845 944 1965 993 apud

408 1015 616 1052 externos
637 1009 1038 1051 existimarim—3.
1066 1008 1358 1049 Convictores
1388 1008 1572 1059 optimis
1602 1008 1808 1047 moribus
1834 1011 1964 1059 prae-

409 1078 509 1126 diti,
543 1080 581 1117 et
602 1091 693 1116 non
710 1075 852 1127 pauci
872 1075 1123 1128 religiosae
1139 1074 1440 1127 perfectionis
1462 1073 1731 1125 cupidi.—4.
1757 1073 1964 1124 Discipu-

408 1144 561 1182 Zorum
591 1155 827 1189 nmnerus;
858 1140 1317 1182 exercitationes.—5.
1352 1141 1416 1180 De
1449 1153 1565 1180 novo
1602 1139 1796 1192 collegio
1832 1139 1964 1178 trevi-

407 1208 647 1249 rensi.-—6.
671 1209 734 1248 De
757 1208 989 1259 aliquibus
1010 1206 1197 1259 collegii
1219 1206 1492 1246 coloniensis
1514 1205 1894 1258 benefactoribus.

386 1339 419 1367 Ι.
480 1330 569 1366 Pax
594 1327 770 1367 Christi.
797 1328 949 1366 Monet
969 1340 1051 1365 nos
1074 1325 1205 1375 officij
1225 1325 1365 1364 nostri
1381 1325 1607 1373 memoria,
1633 1325 1731 1363 Rae
1756 1325 1799 1362 in
1822 1325 1964 1364 Chris-

328 1405 374 1438 to
398 1401 464 1447 P„
488 1405 536 1438 vt
557 1411 669 1450 quae
692 1412 769 1450 per
790 1411 871 1437 nos
893 1398 976 1436 Dei
999 1395 1235 1436 clementia
1251 1397 1338 1435 hoc
1355 1396 1663 1447 quadrimestri
1681 1396 1853 1447 operari
1874 1395 1964 1446 dig-

326 1475 428 1508 nata
449 1476 531 1518 est,
556 1484 643 1509 non
666 1483 900 1521 grauemur
922 1469 1169 1507 luculenter
1191 1468 1400 1506 indicare.
1425 1469 1480 1505 Et
1499 1480 1555 1506 ne
1577 1468 1625 1505 R.
1657 1469 1703 1505 P.
1738 1468 1787 1505 T.
1820 1467 1964 1505 amba-

328 1543 455 1594 gibus
476 1556 764 1590 remoremur,
789 1555 814 1580 a
835 1541 1090 1580 domesticis
1112 1540 1314 1591 negocijs
1332 1539 1562 1578 exordium
1580 1551 1817 1577 sumemus.
1839 1539 1963 1588 Quae

329 1615 506 1665 quidem
530 1628 629 1653 sese
653 1615 693 1652 in
715 1615 831 1652 hunc
851 1612 1029 1652 modum
1051 1613 1233 1650 habent:
1257 1612 1370 1650 inter
1392 1617 1483 1650 tres
1505 1611 1639 1649 aedes
1661 1609 1962 1662 amplissimas,

328 1700 441 1725 Vnae
465 1687 741 1738 potissimum
761 1687 919 1724 fratres
942 1684 1183 1724 Societatis
1213 1697 1291 1735 pro
1309 1684 1463 1722 incolis
1485 1683 1664 1730 habent,
1688 1683 1760 1733 qui
1780 1694 1964 1720 numero

329 1764 428 1796 sunt
451 1768 500 1807 54
521 1763 551 1806 2,
575 1759 688 1797 inter
710 1771 820 1809 quos
842 1756 1102 1795 sacerdotes
1125 1761 1225 1794 sunt
1251 1766 1310 1803 13,
1334 1760 1625 1806 preceptores
1647 1766 1754 1792 vero
1794 1764 1855 1801 12,
1893 1751 1965 1804 qui

328 1836 508 1868 strenue
531 1831 572 1868 in
604 1830 765 1868 scholis
796 1829 993 1880 quotidie
1027 1829 1191 1866 docent
1223 1841 1320 1866 cum
1352 1827 1652 1865 satisfactione
1688 1825 1879 1864 omnium
1914 1837 1965 1863 ac

326 1901 471 1940 fructu
493 1902 731 1939 animarum
755 1900 992 1939 vberrimo.
1018 1901 1128 1939 Sunt
1163 1905 1397 1950 praeterea
1430 1899 1544 1936 inter
1573 1898 1655 1935 hos
1688 1907 1732 1935 12
1763 1892 1962 1947 proximo

327 1973 634 2024 quadrimestri
652 1971 892 2023 magisterij
913 1971 1040 2009 titulo
1059 1970 1270 2017 initiandi,
1290 1970 1362 2020 qui
1378 1970 1561 2013 aliorum
1578 1969 1753 2006 labores
1769 1967 1963 2005 nonnihil

328 2046 529 2096 mitigare
552 2050 728 2095 queant.
756 2044 924 2094 Reliqui
947 2056 1055 2081 vero
1079 2042 1393 2093 discipulorum
1424 2041 1570 2079 munia
1592 2040 1772 2087 obeunt,
1807 2044 1851 2077 et
1873 2039 1963 2076 dili-

330 2123 488 2168 genter
523 2118 564 2154 in
600 2117 737 2154 literis
759 2122 920 2153 nauant
943 2127 1137 2165 operam,
1171 2114 1226 2151 de
1258 2114 1415 2164 quibus
1445 2118 1602 2163 postea
1637 2116 1844 2162 suppetet
1878 2123 1964 2148 ma-

330 2189 396 2227 ior
427 2188 602 2226 dicendi
626 2188 915 2238 oportunitas,
950 2186 1115 2225 Omnes
1145 2185 1322 2236 quidem
1354 2189 1477 2222 recte
1508 2184 1672 2230 ualent,
1707 2188 1751 2220 et
1781 2182 1963 2232 quisque

332 2260 447 2310 quod
482 2259 763 2297 obedientiae
796 2259 906 2296 ratio
938 2258 1109 2304 suadet,
1146 2270 1233 2295 non
1254 2256 1451 2307 segniter
1475 2255 1722 2306 exequitur.
1747 2254 1793 2291 In
1816 2253 1964 2292 obser-

331 2332 510 2370 uatione
550 2332 801 2382 regularum
842 2328 1080 2369 Societatis
1115 2330 1314 2379 (quarum
1356 2327 1694 2378 explicationem
1731 2325 1966 2376 superiori-

328 2404 409 2441 bus
432 2402 654 2440 mensibus
676 2402 926 2451 audierunt)
957 2405 969 2424 ³
1000 2401 1069 2452 pia
1099 2400 1284 2451 quadam
1317 2399 1603 2438 contentione
1634 2399 1744 2436 alter
1779 2397 1963 2435 alterum

331 2487 541 2525 superare
564 2474 807 2512 contendit.
833 2474 974 2511 Tanta
993 2473 1106 2511 inter
1125 2484 1278 2510 omnes
1297 2470 1486 2509 charitas
1502 2469 1625 2521 viget
1643 2475 1773 2520 atque
1792 2468 1963 2506 modes-

330 2547 405 2593 tia,
431 2552 478 2584 vt
499 2547 698 2584 internos
720 2547 918 2583 alumnos
939 2557 1027 2582 non
1050 2545 1205 2591 solum,
1231 2543 1310 2581 sed
1333 2548 1378 2580 et
1401 2547 1610 2581 externos
1632 2541 1674 2578 in
1696 2540 1761 2578 sui
1782 2538 1963 2578 admira-

329 2618 495 2656 tionem
518 2630 569 2655 ac
589 2617 644 2655 ad
667 2617 829 2656 Christi
849 2616 1188 2654 aemulationem
1212 2614 1305 2654 sine
1326 2614 1518 2665 negocio
1549 2613 1819 2664 pertrahant3
1841 2623 1963 2662 prae-

377 2758 385 2776 ¹
439 2756 502 2793 Ex
520 2754 755 2802 apographo
775 2766 926 2790 coaevo
944 2753 986 2790 in
1003 2753 1089 2790 cod.
1114 2752 1257 2790 Germ.
1280 2750 1374 2794 139,
1392 2750 1414 2787 2
1432 2749 1491 2794 ff„
1513 2763 1580 2786 nn.
1600 2749 1658 2792 41.
1680 2748 1737 2793 42;
1759 2748 1869 2796 prius
1898 2747 1964 2785 123

328 2817 440 2861 (108).
470 2815 598 2852 Aliud
627 2814 858 2861 exemplum
886 2814 925 2850 in
953 2813 996 2851 ff.
1023 2813 1082 2856 43,
1103 2813 1161 2859 443
1182 2812 1348 2848 tertium
1367 2811 1408 2847 in
1426 2810 1511 2847 cod.
1536 2809 1678 2847 Germ.
1702 2808 1794 2854 142,
1816 2807 1856 2845 ff.
1882 2807 1960 2851 178,

332 2877 410 2913 179.
433 2877 629 2921 Magnam
649 2882 805 2922 partem
826 2874 949 2910 edidit
968 2873 1160 2917 HANSEN,
1185 2874 1211 2908 l.
1231 2886 1280 2916 c.,
1300 2872 1369 2909 367
1388 2884 1475 2917 sqq.

376 2936 388 2956 ²
441 2935 668 2981 Catalogus
695 2935 893 2970 sociorum
921 2947 1012 2971 eum
1039 2934 1099 2970 his
1127 2933 1273 2969 litteris
1306 2931 1478 2968 Romam
1509 2930 1655 2967 missus
1686 2928 1893 2965 invenitur
1923 2927 1963 2963 in

328 2996 413 3033 cod.
438 2996 580 3033 Germ.
603 2993 691 3038 131,
712 2993 738 3030 f.
756 2993 814 3030 47.

375 3055 390 3075 ⁸
441 3055 588 3102 Supra.
609 3067 647 3102 p.
668 3053 751 3090 431.
