<?xml version="1.0" encoding="UTF-8"?>
<!DOCTYPE html PUBLIC "-//W3C//DTD XHTML 1.0 Transitional//EN"
    "http://www.w3.org/TR/xhtml1/DTD/xhtml1-transitional.dtd">
<html xmlns="http://www.w3.org/1999/xhtml" xml:lang="en" lang="en">
 <head>
  <title>
</title>
<meta http-equiv="Content-Type" content="text/html;charset=utf-8" />
  <meta name='ocr-system' content='tesseract 3.04.00' />
  <meta name='ocr-capabilities' content='ocr_page ocr_carea ocr_par ocr_line ocrx_word'/>
</head>
<body>
  <div class='ocr_page' id='page_1' title='image "./litteraequadrime18lain_0296.png"; bbox 0 0 2038 3400; ppageno 0'>
   <div class='ocr_carea' id='block_1_1' title="bbox 350 241 1443 290">
    <p class='ocr_par' dir='ltr' id='par_1_1' title="bbox 350 241 1443 290">
     <span class='ocr_line' id='line_1_1' title="bbox 350 241 1443 290; baseline 0.001 -10"><span class='ocrx_word' id='word_1_1' title='bbox 350 241 421 281; x_wconf 83' lang='lat'><strong>278</strong></span> <span class='ocrx_word' id='word_1_2' title='bbox 835 242 1059 281; x_wconf 80' lang='lat' dir='ltr'>LITTERAE</span> <span class='ocrx_word' id='word_1_3' title='bbox 1085 243 1443 290; x_wconf 74' lang='lat' dir='ltr'><strong>QUADmMEsrREs</strong></span> 
     </span>
    </p>
   </div>
   <div class='ocr_carea' id='block_1_2' title="bbox 296 346 1940 2904">
    <p class='ocr_par' dir='ltr' id='par_1_2' title="bbox 299 346 1940 899">
     <span class='ocr_line' id='line_1_2' title="bbox 300 346 1935 395; baseline 0.002 -13"><span class='ocrx_word' id='word_1_4' title='bbox 300 352 575 395; x_wconf 80' lang='lat' dir='ltr'><strong>premeretur</strong></span> <span class='ocrx_word' id='word_1_5' title='bbox 605 347 754 392; x_wconf 85' lang='lat' dir='ltr'><strong>nimio,</strong></span> <span class='ocrx_word' id='word_1_6' title='bbox 794 346 1014 394; x_wconf 89' lang='lat' dir='ltr'><strong>eleuabat,</strong></span> <span class='ocrx_word' id='word_1_7' title='bbox 1047 351 1093 385; x_wconf 88' lang='lat' dir='ltr'><strong>vt</strong></span> <span class='ocrx_word' id='word_1_8' title='bbox 1125 346 1381 394; x_wconf 87' lang='lat' dir='ltr'><strong>dimitteret,</strong></span> <span class='ocrx_word' id='word_1_9' title='bbox 1417 359 1543 386; x_wconf 84' lang='lat' dir='ltr'><strong>orans</strong></span> <span class='ocrx_word' id='word_1_10' title='bbox 1577 360 1633 386; x_wconf 93' lang='lat' dir='ltr'><strong>ne</strong></span> <span class='ocrx_word' id='word_1_11' title='bbox 1667 349 1754 387; x_wconf 91' lang='lat' dir='ltr'><strong>hoc</strong></span> <span class='ocrx_word' id='word_1_12' title='bbox 1789 347 1935 387; x_wconf 88' lang='lat' dir='ltr'><strong>officio</strong></span> 
     </span>
     <span class='ocr_line' id='line_1_3' title="bbox 299 414 1937 470; baseline 0.002 -18"><span class='ocrx_word' id='word_1_13' title='bbox 299 414 489 456; x_wconf 87' lang='lat' dir='ltr'><strong>fructum</strong></span> <span class='ocrx_word' id='word_1_14' title='bbox 510 418 750 469; x_wconf 83' lang='lat' dir='ltr'><strong>patientiae</strong></span> <span class='ocrx_word' id='word_1_15' title='bbox 774 417 983 456; x_wconf 81' lang='lat' dir='ltr'>auferret.</span> <span class='ocrx_word' id='word_1_16' title='bbox 1007 419 1103 457; x_wconf 91' lang='lat' dir='ltr'><strong>Vno</strong></span> <span class='ocrx_word' id='word_1_17' title='bbox 1128 417 1282 465; x_wconf 88' lang='lat' dir='ltr'><strong>verbo,</strong></span> <span class='ocrx_word' id='word_1_18' title='bbox 1306 418 1367 456; x_wconf 89' lang='lat' dir='ltr'><strong>ita</strong></span> <span class='ocrx_word' id='word_1_19' title='bbox 1389 430 1436 456; x_wconf 92' lang='lat' dir='ltr'><strong>se</strong></span> <span class='ocrx_word' id='word_1_20' title='bbox 1458 419 1499 456; x_wconf 89' lang='lat' dir='ltr'><strong>in</strong></span> <span class='ocrx_word' id='word_1_21' title='bbox 1529 424 1671 457; x_wconf 89' lang='lat' dir='ltr'><strong>morte</strong></span> <span class='ocrx_word' id='word_1_22' title='bbox 1707 420 1859 470; x_wconf 78' lang='lat' dir='ltr'>gessit,</span> <span class='ocrx_word' id='word_1_23' title='bbox 1892 423 1937 457; x_wconf 89' lang='lat' dir='ltr'><strong>vt</strong></span> 
     </span>
     <span class='ocr_line' id='line_1_4' title="bbox 300 488 1939 540; baseline 0.001 -13"><span class='ocrx_word' id='word_1_24' title='bbox 300 488 403 527; x_wconf 89' lang='lat' dir='ltr'><strong>nihil</strong></span> <span class='ocrx_word' id='word_1_25' title='bbox 426 502 569 540; x_wconf 84' lang='lat' dir='ltr'><strong>supra.</strong></span> <span class='ocrx_word' id='word_1_26' title='bbox 597 490 711 539; x_wconf 79' lang='lat' dir='ltr'><strong>Quin</strong></span> <span class='ocrx_word' id='word_1_27' title='bbox 732 494 1049 527; x_wconf 89' lang='lat' dir='ltr'><strong>testamentum</strong></span> <span class='ocrx_word' id='word_1_28' title='bbox 1073 490 1205 527; x_wconf 90' lang='lat' dir='ltr'><strong>etiam</strong></span> <span class='ocrx_word' id='word_1_29' title='bbox 1228 489 1334 527; x_wconf 89' lang='lat' dir='ltr'><strong>fecit</strong></span> <span class='ocrx_word' id='word_1_30' title='bbox 1355 489 1396 527; x_wconf 89' lang='lat' dir='ltr'><strong>in</strong></span> <span class='ocrx_word' id='word_1_31' title='bbox 1417 502 1503 539; x_wconf 90' lang='lat' dir='ltr'><strong>quo</strong></span> <span class='ocrx_word' id='word_1_32' title='bbox 1527 503 1695 528; x_wconf 91' lang='lat' dir='ltr'><strong>summo</strong></span> <span class='ocrx_word' id='word_1_33' title='bbox 1719 490 1862 529; x_wconf 89' lang='lat' dir='ltr'><strong>studio</strong></span> <span class='ocrx_word' id='word_1_34' title='bbox 1895 491 1939 528; x_wconf 90' lang='lat' dir='ltr'><strong>li-</strong></span> 
     </span>
     <span class='ocr_line' id='line_1_5' title="bbox 299 559 1937 611; baseline 0.001 -13"><span class='ocrx_word' id='word_1_35' title='bbox 299 561 432 598; x_wconf 89' lang='lat' dir='ltr'><strong>beros</strong></span> <span class='ocrx_word' id='word_1_36' title='bbox 463 560 517 599; x_wconf 88' lang='lat' dir='ltr'><strong>ad</strong></span> <span class='ocrx_word' id='word_1_37' title='bbox 547 561 817 611; x_wconf 81' lang='lat' dir='ltr'>probitatem</span> <span class='ocrx_word' id='word_1_38' title='bbox 848 560 1122 608; x_wconf 81' lang='lat' dir='ltr'>hortabatur,</span> <span class='ocrx_word' id='word_1_39' title='bbox 1155 561 1267 599; x_wconf 89' lang='lat' dir='ltr'><strong>hanc</strong></span> <span class='ocrx_word' id='word_1_40' title='bbox 1296 560 1414 599; x_wconf 87' lang='lat' dir='ltr'><strong>vitae</strong></span> <span class='ocrx_word' id='word_1_41' title='bbox 1446 559 1603 599; x_wconf 90' lang='lat' dir='ltr'><strong>ducem</strong></span> <span class='ocrx_word' id='word_1_42' title='bbox 1627 574 1724 599; x_wconf 89' lang='lat' dir='ltr'><strong>esse</strong></span> <span class='ocrx_word' id='word_1_43' title='bbox 1748 561 1937 609; x_wconf 87' lang='lat' dir='ltr'><strong>dicebat,</strong></span> 
     </span>
     <span class='ocr_line' id='line_1_6' title="bbox 300 630 1939 683; baseline 0.001 -13"><span class='ocrx_word' id='word_1_44' title='bbox 300 645 427 683; x_wconf 91' lang='lat' dir='ltr'><strong>quam</strong></span> <span class='ocrx_word' id='word_1_45' title='bbox 450 632 522 682; x_wconf 91' lang='lat' dir='ltr'><strong>qui</strong></span> <span class='ocrx_word' id='word_1_46' title='bbox 542 630 808 682; x_wconf 81' lang='lat' dir='ltr'><strong>possideret,</strong></span> <span class='ocrx_word' id='word_1_47' title='bbox 834 631 1009 670; x_wconf 83' lang='lat' dir='ltr'><strong>diuitias</strong></span> <span class='ocrx_word' id='word_1_48' title='bbox 1033 644 1186 670; x_wconf 89' lang='lat' dir='ltr'><strong>omnes</strong></span> <span class='ocrx_word' id='word_1_49' title='bbox 1208 631 1326 670; x_wconf 89' lang='lat' dir='ltr'><strong>domi</strong></span> <span class='ocrx_word' id='word_1_50' title='bbox 1347 633 1529 674; x_wconf 77' lang='lat' dir='ltr'><strong>habere:</strong></span> <span class='ocrx_word' id='word_1_51' title='bbox 1563 645 1613 671; x_wconf 93' lang='lat' dir='ltr'><strong>ea</strong></span> <span class='ocrx_word' id='word_1_52' title='bbox 1644 646 1751 672; x_wconf 87' lang='lat' dir='ltr'><strong>vero</strong></span> <span class='ocrx_word' id='word_1_53' title='bbox 1789 640 1939 672; x_wconf 85' lang='lat' dir='ltr'><strong>contra</strong></span> 
     </span>
     <span class='ocr_line' id='line_1_7' title="bbox 299 703 1940 756; baseline 0.002 -15"><span class='ocrx_word' id='word_1_54' title='bbox 299 706 372 756; x_wconf 90' lang='lat' dir='ltr'><strong>qui</strong></span> <span class='ocrx_word' id='word_1_55' title='bbox 403 708 590 752; x_wconf 83' lang='lat' dir='ltr'><strong>careret,</strong></span> <span class='ocrx_word' id='word_1_56' title='bbox 623 704 752 743; x_wconf 89' lang='lat' dir='ltr'><strong>bonis</strong></span> <span class='ocrx_word' id='word_1_57' title='bbox 785 703 986 742; x_wconf 89' lang='lat' dir='ltr'><strong>omnibus</strong></span> <span class='ocrx_word' id='word_1_58' title='bbox 1010 703 1279 755; x_wconf 84' lang='lat' dir='ltr'><strong>expoliatum</strong></span> <span class='ocrx_word' id='word_1_59' title='bbox 1304 717 1419 753; x_wconf 84' lang='lat' dir='ltr'><strong>esse;</strong></span> <span class='ocrx_word' id='word_1_60' title='bbox 1444 710 1486 743; x_wconf 90' lang='lat' dir='ltr'><strong>et</strong></span> <span class='ocrx_word' id='word_1_61' title='bbox 1509 706 1591 744; x_wconf 89' lang='lat' dir='ltr'><strong>alia</strong></span> <span class='ocrx_word' id='word_1_62' title='bbox 1613 706 1746 744; x_wconf 87' lang='lat' dir='ltr'><strong>multa</strong></span> <span class='ocrx_word' id='word_1_63' title='bbox 1768 707 1808 744; x_wconf 88' lang='lat' dir='ltr'><strong>in</strong></span> <span class='ocrx_word' id='word_1_64' title='bbox 1830 706 1940 744; x_wconf 86' lang='lat' dir='ltr'><strong>hanc</strong></span> 
     </span>
     <span class='ocr_line' id='line_1_8' title="bbox 303 775 1940 829; baseline 0 -13"><span class='ocrx_word' id='word_1_65' title='bbox 303 775 584 816; x_wconf 79' lang='lat' dir='ltr'><strong>sententiam.</strong></span> <span class='ocrx_word' id='word_1_66' title='bbox 610 776 677 814; x_wconf 92' lang='lat' dir='ltr'><strong>Ac</strong></span> <span class='ocrx_word' id='word_1_67' title='bbox 698 775 752 814; x_wconf 93' lang='lat' dir='ltr'><strong>de</strong></span> <span class='ocrx_word' id='word_1_68' title='bbox 775 776 862 815; x_wconf 87' lang='lat' dir='ltr'><strong>hoc</strong></span> <span class='ocrx_word' id='word_1_69' title='bbox 883 776 1061 827; x_wconf 90' lang='lat' dir='ltr'><strong>quidem</strong></span> <span class='ocrx_word' id='word_1_70' title='bbox 1082 775 1201 815; x_wconf 92' lang='lat' dir='ltr'><strong>satis.</strong></span> <span class='ocrx_word' id='word_1_71' title='bbox 1232 777 1297 814; x_wconf 86' lang='lat' dir='ltr'><strong>Ex</strong></span> <span class='ocrx_word' id='word_1_72' title='bbox 1327 789 1412 828; x_wconf 92' lang='lat' dir='ltr'><strong>quo</strong></span> <span class='ocrx_word' id='word_1_73' title='bbox 1446 778 1492 816; x_wconf 83' lang='lat' dir='ltr'><strong>P.</strong></span> <span class='ocrx_word' id='word_1_74' title='bbox 1526 778 1576 816; x_wconf 88' lang='grc' dir='ltr'><strong>Τ.</strong></span> <span class='ocrx_word' id='word_1_75' title='bbox 1608 776 1825 829; x_wconf 87' lang='lat' dir='ltr'><strong>integrum</strong></span> <span class='ocrx_word' id='word_1_76' title='bbox 1860 779 1940 817; x_wconf 83' lang='lat' dir='ltr'><strong>erit</strong></span> 
     </span>
     <span class='ocr_line' id='line_1_9' title="bbox 302 848 718 899; baseline -0.002 -12"><span class='ocrx_word' id='word_1_77' title='bbox 302 849 469 899; x_wconf 82' lang='lat' dir='ltr'><strong>reliqua</strong></span> <span class='ocrx_word' id='word_1_78' title='bbox 492 848 718 899; x_wconf 74' lang='lat' dir='ltr'><strong>colligere.</strong></span> 
     </span>
    </p>

    <p class='ocr_par' dir='ltr' id='par_1_3' title="bbox 298 918 1940 1832">
     <span class='ocr_line' id='line_1_10' title="bbox 353 918 1939 972; baseline 0.001 -14"><span class='ocrx_word' id='word_1_79' title='bbox 353 921 391 958; x_wconf 91' lang='lat'><strong>8.</strong></span> <span class='ocrx_word' id='word_1_80' title='bbox 454 921 637 958; x_wconf 87' lang='lat' dir='ltr'><strong>Possem</strong></span> <span class='ocrx_word' id='word_1_81' title='bbox 661 919 776 958; x_wconf 90' lang='lat' dir='ltr'><strong>enim</strong></span> <span class='ocrx_word' id='word_1_82' title='bbox 799 918 953 958; x_wconf 82' lang='lat' dir='ltr'><strong>similia</strong></span> <span class='ocrx_word' id='word_1_83' title='bbox 972 919 1174 970; x_wconf 84' lang='lat' dir='ltr'><strong>exempla</strong></span> <span class='ocrx_word' id='word_1_84' title='bbox 1192 920 1326 958; x_wconf 90' lang='lat' dir='ltr'><strong>multa</strong></span> <span class='ocrx_word' id='word_1_85' title='bbox 1342 920 1517 958; x_wconf 88' lang='lat' dir='ltr'><strong>afferre.</strong></span> <span class='ocrx_word' id='word_1_86' title='bbox 1540 919 1703 959; x_wconf 81' lang='lat' dir='ltr'><strong>Dicam</strong></span> <span class='ocrx_word' id='word_1_87' title='bbox 1723 920 1873 972; x_wconf 68' lang='lat' dir='ltr'><strong>igitur</strong></span> <span class='ocrx_word' id='word_1_88' title='bbox 1890 922 1939 960; x_wconf 82' lang='lat' dir='ltr'><strong>de</strong></span> 
     </span>
     <span class='ocr_line' id='line_1_11' title="bbox 301 989 1939 1042; baseline 0.001 -12"><span class='ocrx_word' id='word_1_89' title='bbox 301 991 395 1030; x_wconf 81' lang='lat' dir='ltr'><strong>aliis</strong></span> <span class='ocrx_word' id='word_1_90' title='bbox 426 991 498 1042; x_wconf 90' lang='lat' dir='ltr'><strong>qui</strong></span> <span class='ocrx_word' id='word_1_91' title='bbox 528 995 710 1042; x_wconf 89' lang='lat' dir='ltr'><strong>propter</strong></span> <span class='ocrx_word' id='word_1_92' title='bbox 739 991 908 1030; x_wconf 86' lang='lat' dir='ltr'><strong>leuiora</strong></span> <span class='ocrx_word' id='word_1_93' title='bbox 937 989 1189 1029; x_wconf 84' lang='lat' dir='ltr'><strong>detinentur</strong></span> <span class='ocrx_word' id='word_1_94' title='bbox 1209 991 1241 1028; x_wconf 73' lang='lat'><strong>²².</strong></span> <span class='ocrx_word' id='word_1_95' title='bbox 1269 990 1355 1029; x_wconf 77' lang='lat' dir='ltr'><strong>His</strong></span> <span class='ocrx_word' id='word_1_96' title='bbox 1376 990 1621 1030; x_wconf 85' lang='lat' dir='ltr'><strong>destinatus</strong></span> <span class='ocrx_word' id='word_1_97' title='bbox 1644 997 1711 1030; x_wconf 86' lang='lat' dir='ltr'><strong>est</strong></span> <span class='ocrx_word' id='word_1_98' title='bbox 1742 992 1862 1031; x_wconf 90' lang='lat' dir='ltr'><strong>locus</strong></span> <span class='ocrx_word' id='word_1_99' title='bbox 1898 994 1939 1031; x_wconf 87' lang='lat' dir='ltr'><strong>in</strong></span> 
     </span>
     <span class='ocr_line' id='line_1_12' title="bbox 300 1061 1940 1115; baseline 0.001 -14"><span class='ocrx_word' id='word_1_100' title='bbox 300 1074 481 1102; x_wconf 89' lang='lat' dir='ltr'><strong>carcere</strong></span> <span class='ocrx_word' id='word_1_101' title='bbox 499 1061 574 1101; x_wconf 87' lang='lat' dir='ltr'><strong>vbi</strong></span> <span class='ocrx_word' id='word_1_102' title='bbox 594 1062 688 1101; x_wconf 89' lang='lat' dir='ltr'><strong>fere</strong></span> <span class='ocrx_word' id='word_1_103' title='bbox 711 1074 886 1113; x_wconf 87' lang='lat' dir='ltr'><strong>semper</strong></span> <span class='ocrx_word' id='word_1_104' title='bbox 903 1061 1082 1100; x_wconf 88' lang='lat' dir='ltr'><strong>ducenti</strong></span> <span class='ocrx_word' id='word_1_105' title='bbox 1103 1066 1176 1100; x_wconf 89' lang='lat' dir='ltr'><strong>aut</strong></span> <span class='ocrx_word' id='word_1_106' title='bbox 1196 1063 1384 1101; x_wconf 83' lang='lat' dir='ltr'><strong>trecenti</strong></span> <span class='ocrx_word' id='word_1_107' title='bbox 1406 1069 1701 1110; x_wconf 90' lang='lat' dir='ltr'><strong>asseruantur,</strong></span> <span class='ocrx_word' id='word_1_108' title='bbox 1722 1064 1792 1115; x_wconf 88' lang='lat' dir='ltr'><strong>qui</strong></span> <span class='ocrx_word' id='word_1_109' title='bbox 1811 1065 1940 1102; x_wconf 88' lang='lat' dir='ltr'><strong>inter-</strong></span> 
     </span>
     <span class='ocr_line' id='line_1_13' title="bbox 300 1132 1939 1186; baseline 0.001 -14"><span class='ocrx_word' id='word_1_110' title='bbox 300 1133 402 1173; x_wconf 89' lang='lat' dir='ltr'><strong>dum</strong></span> <span class='ocrx_word' id='word_1_111' title='bbox 424 1134 621 1173; x_wconf 89' lang='lat' dir='ltr'><strong>moribus</strong></span> <span class='ocrx_word' id='word_1_112' title='bbox 642 1132 887 1185; x_wconf 87' lang='lat' dir='ltr'><strong>persimiles</strong></span> <span class='ocrx_word' id='word_1_113' title='bbox 908 1140 1008 1173; x_wconf 88' lang='lat' dir='ltr'><strong>sunt</strong></span> <span class='ocrx_word' id='word_1_114' title='bbox 1026 1134 1289 1183; x_wconf 84' lang='lat' dir='ltr'><strong>compeditis</strong></span> <span class='ocrx_word' id='word_1_115' title='bbox 1311 1134 1549 1186; x_wconf 85' lang='lat' dir='ltr'><strong>remigibus</strong></span> <span class='ocrx_word' id='word_1_116' title='bbox 1567 1134 1823 1182; x_wconf 73' lang='lat' dir='ltr'><strong>triremium,</strong></span> <span class='ocrx_word' id='word_1_117' title='bbox 1843 1149 1939 1174; x_wconf 87' lang='lat' dir='ltr'><strong>nam</strong></span> 
     </span>
     <span class='ocr_line' id='line_1_14' title="bbox 299 1205 1938 1259; baseline 0 -14"><span class='ocrx_word' id='word_1_118' title='bbox 299 1206 401 1245; x_wconf 90' lang='lat' dir='ltr'><strong>inde</strong></span> <span class='ocrx_word' id='word_1_119' title='bbox 422 1206 465 1245; x_wconf 90' lang='lat' dir='ltr'><strong>in</strong></span> <span class='ocrx_word' id='word_1_120' title='bbox 485 1205 689 1244; x_wconf 89' lang='lat' dir='ltr'><strong>triremes</strong></span> <span class='ocrx_word' id='word_1_121' title='bbox 711 1206 978 1257; x_wconf 88' lang='lat' dir='ltr'><strong>relegantur.</strong></span> <span class='ocrx_word' id='word_1_122' title='bbox 1004 1207 1099 1246; x_wconf 92' lang='lat' dir='ltr'><strong>Hos</strong></span> <span class='ocrx_word' id='word_1_123' title='bbox 1121 1219 1255 1259; x_wconf 80' lang='lat' dir='ltr'><strong>saepe</strong></span> <span class='ocrx_word' id='word_1_124' title='bbox 1279 1207 1517 1245; x_wconf 90' lang='lat' dir='ltr'><strong>conuenire</strong></span> <span class='ocrx_word' id='word_1_125' title='bbox 1540 1207 1685 1245; x_wconf 90' lang='lat' dir='ltr'><strong>solent</strong></span> <span class='ocrx_word' id='word_1_126' title='bbox 1700 1208 1838 1246; x_wconf 87' lang='lat' dir='ltr'><strong>nostri</strong></span> <span class='ocrx_word' id='word_1_127' title='bbox 1864 1209 1938 1245; x_wconf 84' lang='lat' dir='ltr'><strong>Pa-</strong></span> 
     </span>
     <span class='ocr_line' id='line_1_15' title="bbox 298 1277 1939 1330; baseline 0.001 -15"><span class='ocrx_word' id='word_1_128' title='bbox 298 1282 390 1316; x_wconf 90' lang='lat' dir='ltr'><strong>tres</strong></span> <span class='ocrx_word' id='word_1_129' title='bbox 413 1282 456 1316; x_wconf 93' lang='lat' dir='ltr'><strong>et</strong></span> <span class='ocrx_word' id='word_1_130' title='bbox 480 1289 632 1316; x_wconf 87' lang='lat' dir='ltr'><strong>eorum</strong></span> <span class='ocrx_word' id='word_1_131' title='bbox 657 1277 963 1317; x_wconf 89' lang='lat' dir='ltr'><strong>confessiones</strong></span> <span class='ocrx_word' id='word_1_132' title='bbox 983 1278 1150 1317; x_wconf 88' lang='lat' dir='ltr'><strong>audire.</strong></span> <span class='ocrx_word' id='word_1_133' title='bbox 1176 1279 1397 1329; x_wconf 90' lang='lat' dir='ltr'><strong>Tempore</strong></span> <span class='ocrx_word' id='word_1_134' title='bbox 1416 1278 1599 1327; x_wconf 86' lang='lat' dir='ltr'><strong>jubilaei</strong></span> <span class='ocrx_word' id='word_1_135' title='bbox 1627 1284 1670 1316; x_wconf 92' lang='lat' dir='ltr'><strong>et</strong></span> <span class='ocrx_word' id='word_1_136' title='bbox 1698 1278 1939 1330; x_wconf 86' lang='lat' dir='ltr'><strong>quadrage-</strong></span> 
     </span>
     <span class='ocr_line' id='line_1_16' title="bbox 299 1350 1940 1402; baseline 0 -14"><span class='ocrx_word' id='word_1_137' title='bbox 299 1350 434 1389; x_wconf 86' lang='lat' dir='ltr'><strong>simae</strong></span> <span class='ocrx_word' id='word_1_138' title='bbox 456 1350 522 1400; x_wconf 93' lang='lat' dir='ltr'><strong>(vt</strong></span> <span class='ocrx_word' id='word_1_139' title='bbox 543 1362 614 1388; x_wconf 94' lang='lat' dir='ltr'><strong>me</strong></span> <span class='ocrx_word' id='word_1_140' title='bbox 634 1355 871 1401; x_wconf 87' lang='lat' dir='ltr'><strong>praesente</strong></span> <span class='ocrx_word' id='word_1_141' title='bbox 894 1350 1066 1389; x_wconf 91' lang='lat' dir='ltr'><strong>cuidam</strong></span> <span class='ocrx_word' id='word_1_142' title='bbox 1087 1350 1205 1389; x_wconf 88' lang='lat' dir='ltr'><strong>Patri</strong></span> <span class='ocrx_word' id='word_1_143' title='bbox 1227 1350 1569 1402; x_wconf 87' lang='lat' dir='ltr'><strong>responderunt)</strong></span> <span class='ocrx_word' id='word_1_144' title='bbox 1591 1362 1744 1389; x_wconf 88' lang='lat' dir='ltr'><strong>omnes</strong></span> <span class='ocrx_word' id='word_1_145' title='bbox 1766 1357 1940 1402; x_wconf 88' lang='lat' dir='ltr'><strong>praeter</strong></span> 
     </span>
     <span class='ocr_line' id='line_1_17' title="bbox 298 1421 1940 1474; baseline 0.001 -14"><span class='ocrx_word' id='word_1_146' title='bbox 298 1434 431 1460; x_wconf 89' lang='lat' dir='ltr'><strong>vnum</strong></span> <span class='ocrx_word' id='word_1_147' title='bbox 454 1421 648 1460; x_wconf 85' lang='lat' dir='ltr'><strong>confessi</strong></span> <span class='ocrx_word' id='word_1_148' title='bbox 669 1421 859 1469; x_wconf 87' lang='lat' dir='ltr'><strong>fuerant,</strong></span> <span class='ocrx_word' id='word_1_149' title='bbox 883 1434 1014 1473; x_wconf 90' lang='lat' dir='ltr'><strong>quem</strong></span> <span class='ocrx_word' id='word_1_150' title='bbox 1036 1421 1202 1461; x_wconf 91' lang='lat' dir='ltr'><strong>audiuit</strong></span> <span class='ocrx_word' id='word_1_151' title='bbox 1223 1422 1317 1474; x_wconf 89' lang='lat' dir='ltr'><strong>ipse</strong></span> <span class='ocrx_word' id='word_1_152' title='bbox 1339 1423 1485 1461; x_wconf 86' lang='lat' dir='ltr'><strong>Pater.</strong></span> <span class='ocrx_word' id='word_1_153' title='bbox 1511 1423 1648 1461; x_wconf 85' lang='lat' dir='ltr'><strong>Porro</strong></span> <span class='ocrx_word' id='word_1_154' title='bbox 1671 1436 1758 1461; x_wconf 90' lang='lat' dir='ltr'><strong>non</strong></span> <span class='ocrx_word' id='word_1_155' title='bbox 1780 1422 1940 1462; x_wconf 86' lang='lat' dir='ltr'><strong>desunt</strong></span> 
     </span>
     <span class='ocr_line' id='line_1_18' title="bbox 301 1493 1939 1546; baseline 0.001 -14"><span class='ocrx_word' id='word_1_156' title='bbox 301 1493 381 1533; x_wconf 85' lang='lat' dir='ltr'><strong>viri</strong></span> <span class='ocrx_word' id='word_1_157' title='bbox 402 1493 600 1545; x_wconf 86' lang='lat' dir='ltr'><strong>religiosi</strong></span> <span class='ocrx_word' id='word_1_158' title='bbox 616 1494 689 1544; x_wconf 91' lang='lat' dir='ltr'><strong>qui</strong></span> <span class='ocrx_word' id='word_1_159' title='bbox 711 1493 869 1544; x_wconf 90' lang='lat' dir='ltr'><strong>stipem</strong></span> <span class='ocrx_word' id='word_1_160' title='bbox 893 1498 1072 1545; x_wconf 88' lang='lat' dir='ltr'><strong>cogunt,</strong></span> <span class='ocrx_word' id='word_1_161' title='bbox 1091 1506 1220 1544; x_wconf 89' lang='lat' dir='ltr'><strong>quam</strong></span> <span class='ocrx_word' id='word_1_162' title='bbox 1241 1506 1319 1546; x_wconf 93' lang='lat' dir='ltr'><strong>per</strong></span> <span class='ocrx_word' id='word_1_163' title='bbox 1342 1495 1495 1533; x_wconf 85' lang='lat' dir='ltr'><strong>Patres</strong></span> <span class='ocrx_word' id='word_1_164' title='bbox 1532 1495 1700 1545; x_wconf 80' lang='lat' dir='ltr'><strong>egenis,</strong></span> <span class='ocrx_word' id='word_1_165' title='bbox 1734 1496 1939 1534; x_wconf 87' lang='lat' dir='ltr'><strong>maxime-</strong></span> 
     </span>
     <span class='ocr_line' id='line_1_19' title="bbox 298 1565 1937 1617; baseline 0.001 -13"><span class='ocrx_word' id='word_1_166' title='bbox 298 1577 384 1617; x_wconf 90' lang='lat' dir='ltr'><strong>que</strong></span> <span class='ocrx_word' id='word_1_167' title='bbox 415 1565 653 1613; x_wconf 82' lang='lat' dir='ltr'><strong>destitutis,</strong></span> <span class='ocrx_word' id='word_1_168' title='bbox 693 1570 894 1617; x_wconf 79' lang='lat' dir='ltr'><strong>erogant3</strong></span> <span class='ocrx_word' id='word_1_169' title='bbox 932 1565 1055 1604; x_wconf 86' lang='lat' dir='ltr'><strong>cuius</strong></span> <span class='ocrx_word' id='word_1_170' title='bbox 1092 1578 1175 1617; x_wconf 92' lang='lat' dir='ltr'><strong>ope</strong></span> <span class='ocrx_word' id='word_1_171' title='bbox 1211 1566 1334 1605; x_wconf 89' lang='lat' dir='ltr'><strong>multi</strong></span> <span class='ocrx_word' id='word_1_172' title='bbox 1371 1579 1393 1604; x_wconf 89' lang='lat' dir='ltr'><strong>e</strong></span> <span class='ocrx_word' id='word_1_173' title='bbox 1434 1579 1612 1605; x_wconf 89' lang='lat' dir='ltr'><strong>carcere</strong></span> <span class='ocrx_word' id='word_1_174' title='bbox 1649 1567 1937 1606; x_wconf 86' lang='lat' dir='ltr'><strong>dimittuntur.</strong></span> 
     </span>
     <span class='ocr_line' id='line_1_20' title="bbox 299 1636 1936 1689; baseline 0.001 -13"><span class='ocrx_word' id='word_1_175' title='bbox 299 1636 515 1676; x_wconf 77' lang='lat' dir='ltr'><strong>Custodes</strong></span> <span class='ocrx_word' id='word_1_176' title='bbox 536 1649 641 1676; x_wconf 83' lang='lat' dir='ltr'><strong>vero</strong></span> <span class='ocrx_word' id='word_1_177' title='bbox 664 1636 868 1676; x_wconf 81' lang='lat' dir='ltr'><strong>carceris</strong></span> <span class='ocrx_word' id='word_1_178' title='bbox 898 1636 1036 1677; x_wconf 72' lang='lat' dir='ltr'><strong>libere</strong></span> <span class='ocrx_word' id='word_1_179' title='bbox 1065 1649 1149 1676; x_wconf 79' lang='lat' dir='ltr'><strong>nos</strong></span> <span class='ocrx_word' id='word_1_180' title='bbox 1174 1640 1256 1688; x_wconf 74' lang='lat' dir='ltr'><strong>per</strong></span> <span class='ocrx_word' id='word_1_181' title='bbox 1288 1640 1417 1678; x_wconf 84' lang='lat' dir='ltr'><strong>aedes</strong></span> <span class='ocrx_word' id='word_1_182' title='bbox 1446 1638 1622 1689; x_wconf 77' lang='lat' dir='ltr'><strong>vagari</strong></span> <span class='ocrx_word' id='word_1_183' title='bbox 1651 1638 1936 1689; x_wconf 74' lang='lat' dir='ltr'><strong>permittunt.</strong></span> 
     </span>
     <span class='ocr_line' id='line_1_21' title="bbox 300 1707 1938 1761; baseline 0.002 -16"><span class='ocrx_word' id='word_1_184' title='bbox 300 1708 425 1747; x_wconf 83' lang='lat' dir='ltr'><strong>Haec</strong></span> <span class='ocrx_word' id='word_1_185' title='bbox 444 1708 660 1747; x_wconf 90' lang='lat' dir='ltr'><strong>hactenus</strong></span> <span class='ocrx_word' id='word_1_186' title='bbox 682 1707 737 1746; x_wconf 94' lang='lat' dir='ltr'><strong>de</strong></span> <span class='ocrx_word' id='word_1_187' title='bbox 760 1720 940 1746; x_wconf 89' lang='lat' dir='ltr'><strong>carcere</strong></span> <span class='ocrx_word' id='word_1_188' title='bbox 963 1707 1102 1760; x_wconf 88' lang='lat' dir='ltr'><strong>regio,</strong></span> <span class='ocrx_word' id='word_1_189' title='bbox 1126 1721 1242 1747; x_wconf 89' lang='lat' dir='ltr'><strong>nunc</strong></span> <span class='ocrx_word' id='word_1_190' title='bbox 1262 1721 1374 1760; x_wconf 88' lang='lat' dir='ltr'><strong>quae</strong></span> <span class='ocrx_word' id='word_1_191' title='bbox 1392 1709 1447 1747; x_wconf 91' lang='lat' dir='ltr'><strong>de</strong></span> <span class='ocrx_word' id='word_1_192' title='bbox 1470 1709 1670 1748; x_wconf 88' lang='lat' dir='ltr'><strong>custodia</strong></span> <span class='ocrx_word' id='word_1_193' title='bbox 1691 1710 1734 1748; x_wconf 88' lang='lat' dir='ltr'><strong>S.</strong></span> <span class='ocrx_word' id='word_1_194' title='bbox 1762 1711 1938 1761; x_wconf 85' lang='lat' dir='ltr'><strong>Inquisi-</strong></span> 
     </span>
     <span class='ocr_line' id='line_1_22' title="bbox 301 1778 1252 1832; baseline 0.002 -15"><span class='ocrx_word' id='word_1_195' title='bbox 301 1780 470 1818; x_wconf 90' lang='lat' dir='ltr'><strong>sitionis</strong></span> <span class='ocrx_word' id='word_1_196' title='bbox 493 1778 680 1818; x_wconf 89' lang='lat' dir='ltr'><strong>dicenda</strong></span> <span class='ocrx_word' id='word_1_197' title='bbox 702 1785 816 1827; x_wconf 90' lang='lat' dir='ltr'><strong>sunt,</strong></span> <span class='ocrx_word' id='word_1_198' title='bbox 840 1779 990 1832; x_wconf 89' lang='lat' dir='ltr'><strong>paucis</strong></span> <span class='ocrx_word' id='word_1_199' title='bbox 1011 1781 1252 1819; x_wconf 86' lang='lat' dir='ltr'><strong>absoluam.</strong></span> 
     </span>
    </p>

    <p class='ocr_par' dir='ltr' id='par_1_4' title="bbox 296 1852 1939 2904">
     <span class='ocr_line' id='line_1_23' title="bbox 352 1852 1939 1904; baseline 0.002 -14"><span class='ocrx_word' id='word_1_200' title='bbox 352 1863 390 1902; x_wconf 88' lang='lat'><strong>9.</strong></span> <span class='ocrx_word' id='word_1_201' title='bbox 453 1852 656 1902; x_wconf 86' lang='lat' dir='ltr'><strong>Plerique</strong></span> <span class='ocrx_word' id='word_1_202' title='bbox 679 1853 835 1890; x_wconf 92' lang='lat' dir='ltr'><strong>horum</strong></span> <span class='ocrx_word' id='word_1_203' title='bbox 857 1852 939 1890; x_wconf 91' lang='lat' dir='ltr'><strong>viri</strong></span> <span class='ocrx_word' id='word_1_204' title='bbox 968 1865 1019 1891; x_wconf 90' lang='lat' dir='ltr'><strong>ac</strong></span> <span class='ocrx_word' id='word_1_205' title='bbox 1051 1853 1257 1891; x_wconf 86' lang='lat' dir='ltr'><strong>mulieres</strong></span> <span class='ocrx_word' id='word_1_206' title='bbox 1292 1856 1365 1891; x_wconf 83' lang='lat' dir='ltr'><strong>aut</strong></span> <span class='ocrx_word' id='word_1_207' title='bbox 1400 1859 1580 1904; x_wconf 87' lang='lat' dir='ltr'><strong>propter</strong></span> <span class='ocrx_word' id='word_1_208' title='bbox 1614 1854 1830 1893; x_wconf 86' lang='lat' dir='ltr'><strong>haeresim</strong></span> <span class='ocrx_word' id='word_1_209' title='bbox 1867 1863 1939 1893; x_wconf 86' lang='lat' dir='ltr'><strong>aut</strong></span> 
     </span>
     <span class='ocr_line' id='line_1_24' title="bbox 296 1921 1939 1975; baseline 0.002 -13"><span class='ocrx_word' id='word_1_210' title='bbox 296 1924 562 1973; x_wconf 90' lang='lat' dir='ltr'><strong>judaismum</strong></span> <span class='ocrx_word' id='word_1_211' title='bbox 577 1922 621 1962; x_wconf 89' lang='lat' dir='ltr'><strong>in</strong></span> <span class='ocrx_word' id='word_1_212' title='bbox 639 1921 863 1962; x_wconf 87' lang='lat' dir='ltr'><strong>custodias</strong></span> <span class='ocrx_word' id='word_1_213' title='bbox 880 1924 1042 1971; x_wconf 81' lang='lat' dir='ltr'><strong>traditi,</strong></span> <span class='ocrx_word' id='word_1_214' title='bbox 1063 1929 1161 1962; x_wconf 91' lang='lat' dir='ltr'><strong>sunt</strong></span> <span class='ocrx_word' id='word_1_215' title='bbox 1178 1923 1241 1974; x_wconf 78' lang='lat' dir='ltr'><strong>(vt</strong></span> <span class='ocrx_word' id='word_1_216' title='bbox 1258 1923 1448 1975; x_wconf 75' lang='lat' dir='ltr'><strong>dicunt),</strong></span> <span class='ocrx_word' id='word_1_217' title='bbox 1468 1925 1553 1971; x_wconf 87' lang='lat' dir='ltr'><strong>alii,</strong></span> <span class='ocrx_word' id='word_1_218' title='bbox 1570 1930 1615 1962; x_wconf 87' lang='lat' dir='ltr'><strong>vt</strong></span> <span class='ocrx_word' id='word_1_219' title='bbox 1629 1924 1714 1963; x_wconf 85' lang='lat' dir='ltr'><strong>dici</strong></span> <span class='ocrx_word' id='word_1_220' title='bbox 1731 1925 1860 1973; x_wconf 91' lang='lat' dir='ltr'><strong>solet,</strong></span> <span class='ocrx_word' id='word_1_221' title='bbox 1875 1939 1939 1965; x_wconf 92' lang='lat' dir='ltr'><strong>re-</strong></span> 
     </span>
     <span class='ocr_line' id='line_1_25' title="bbox 300 1995 1939 2047; baseline 0.001 -13"><span class='ocrx_word' id='word_1_222' title='bbox 300 1996 519 2035; x_wconf 81' lang='lat' dir='ltr'><strong>conciliati</strong></span> <span class='ocrx_word' id='word_1_223' title='bbox 540 1995 612 2033; x_wconf 93' lang='lat' dir='ltr'><strong>vel</strong></span> <span class='ocrx_word' id='word_1_224' title='bbox 633 1995 934 2047; x_wconf 89' lang='lat' dir='ltr'><strong>poenitentes,</strong></span> <span class='ocrx_word' id='word_1_225' title='bbox 959 1995 1031 2034; x_wconf 89' lang='lat' dir='ltr'><strong>alii</strong></span> <span class='ocrx_word' id='word_1_226' title='bbox 1051 1995 1340 2046; x_wconf 88' lang='lat' dir='ltr'><strong>producendi,</strong></span> <span class='ocrx_word' id='word_1_227' title='bbox 1366 1996 1438 2046; x_wconf 87' lang='lat' dir='ltr'><strong>qui</strong></span> <span class='ocrx_word' id='word_1_228' title='bbox 1460 1995 1563 2033; x_wconf 90' lang='lat' dir='ltr'><strong>licet</strong></span> <span class='ocrx_word' id='word_1_229' title='bbox 1589 2009 1677 2034; x_wconf 92' lang='lat' dir='ltr'><strong>non</strong></span> <span class='ocrx_word' id='word_1_230' title='bbox 1699 1997 1783 2034; x_wconf 88' lang='lat' dir='ltr'><strong>sint</strong></span> <span class='ocrx_word' id='word_1_231' title='bbox 1811 1998 1939 2047; x_wconf 89' lang='lat' dir='ltr'><strong>perti-</strong></span> 
     </span>
     <span class='ocr_line' id='line_1_26' title="bbox 298 2066 1939 2117; baseline 0.001 -12"><span class='ocrx_word' id='word_1_232' title='bbox 298 2079 447 2113; x_wconf 87' lang='lat' dir='ltr'><strong>naces,</strong></span> <span class='ocrx_word' id='word_1_233' title='bbox 467 2072 615 2105; x_wconf 87' lang='lat' dir='ltr'><strong>tamen</strong></span> <span class='ocrx_word' id='word_1_234' title='bbox 632 2067 880 2105; x_wconf 89' lang='lat' dir='ltr'><strong>accuratius</strong></span> <span class='ocrx_word' id='word_1_235' title='bbox 898 2066 952 2105; x_wconf 90' lang='lat' dir='ltr'><strong>ad</strong></span> <span class='ocrx_word' id='word_1_236' title='bbox 969 2066 1101 2105; x_wconf 90' lang='lat' dir='ltr'><strong>fidem</strong></span> <span class='ocrx_word' id='word_1_237' title='bbox 1118 2066 1379 2105; x_wconf 87' lang='lat' dir='ltr'><strong>informandi</strong></span> <span class='ocrx_word' id='word_1_238' title='bbox 1401 2072 1516 2114; x_wconf 87' lang='lat' dir='ltr'><strong>sunt;</strong></span> <span class='ocrx_word' id='word_1_239' title='bbox 1539 2067 1812 2117; x_wconf 87' lang='lat' dir='ltr'><strong>potissimum</strong></span> <span class='ocrx_word' id='word_1_240' title='bbox 1835 2081 1939 2107; x_wconf 89' lang='lat' dir='ltr'><strong>neo-</strong></span> 
     </span>
     <span class='ocr_line' id='line_1_27' title="bbox 298 2136 1939 2189; baseline 0.001 -13"><span class='ocrx_word' id='word_1_241' title='bbox 298 2138 436 2189; x_wconf 91' lang='lat' dir='ltr'><strong>phyti,</strong></span> <span class='ocrx_word' id='word_1_242' title='bbox 461 2138 535 2188; x_wconf 92' lang='lat' dir='ltr'><strong>qui</strong></span> <span class='ocrx_word' id='word_1_243' title='bbox 558 2142 602 2175; x_wconf 92' lang='lat' dir='ltr'><strong>et</strong></span> <span class='ocrx_word' id='word_1_244' title='bbox 627 2138 801 2176; x_wconf 90' lang='lat' dir='ltr'><strong>occulte</strong></span> <span class='ocrx_word' id='word_1_245' title='bbox 824 2138 843 2163; x_wconf 71' lang='lat' dir='ltr'><strong>b</strong></span> <span class='ocrx_word' id='word_1_246' title='bbox 865 2137 1127 2176; x_wconf 87' lang='lat' dir='ltr'><strong>traditiones</strong></span> <span class='ocrx_word' id='word_1_247' title='bbox 1148 2136 1259 2189; x_wconf 89' lang='lat' dir='ltr'><strong>legis</strong></span> <span class='ocrx_word' id='word_1_248' title='bbox 1281 2138 1502 2176; x_wconf 88' lang='lat' dir='ltr'><strong>mosaicae</strong></span> <span class='ocrx_word' id='word_1_249' title='bbox 1522 2138 1774 2186; x_wconf 85' lang='lat' dir='ltr'><strong>obseruant,</strong></span> <span class='ocrx_word' id='word_1_250' title='bbox 1801 2142 1843 2176; x_wconf 91' lang='lat' dir='ltr'><strong>et</strong></span> <span class='ocrx_word' id='word_1_251' title='bbox 1865 2140 1939 2178; x_wconf 90' lang='lat' dir='ltr'><strong>lin-</strong></span> 
     </span>
     <span class='ocr_line' id='line_1_28' title="bbox 300 2207 1939 2261; baseline 0.001 -14"><span class='ocrx_word' id='word_1_252' title='bbox 300 2222 430 2260; x_wconf 88' lang='lat' dir='ltr'><strong>guam</strong></span> <span class='ocrx_word' id='word_1_253' title='bbox 452 2209 692 2248; x_wconf 87' lang='lat' dir='ltr'><strong>hebraeam</strong></span> <span class='ocrx_word' id='word_1_254' title='bbox 716 2208 897 2256; x_wconf 78' lang='lat' dir='ltr'><strong>docent3</strong></span> <span class='ocrx_word' id='word_1_255' title='bbox 922 2208 1167 2247; x_wconf 90' lang='lat' dir='ltr'><strong>cuiusmodi</strong></span> <span class='ocrx_word' id='word_1_256' title='bbox 1188 2207 1492 2259; x_wconf 87' lang='lat' dir='ltr'><strong>depraehensa</strong></span> <span class='ocrx_word' id='word_1_257' title='bbox 1524 2215 1592 2248; x_wconf 92' lang='lat' dir='ltr'><strong>est</strong></span> <span class='ocrx_word' id='word_1_258' title='bbox 1620 2222 1732 2248; x_wconf 91' lang='lat' dir='ltr'><strong>anno</strong></span> <span class='ocrx_word' id='word_1_259' title='bbox 1768 2216 1939 2261; x_wconf 88' lang='lat' dir='ltr'><strong>praete-</strong></span> 
     </span>
     <span class='ocr_line' id='line_1_29' title="bbox 299 2279 1939 2332; baseline 0.001 -14"><span class='ocrx_word' id='word_1_260' title='bbox 299 2280 381 2320; x_wconf 91' lang='lat' dir='ltr'><strong>rito</strong></span> <span class='ocrx_word' id='word_1_261' title='bbox 404 2281 555 2319; x_wconf 89' lang='lat' dir='ltr'><strong>vetula</strong></span> <span class='ocrx_word' id='word_1_262' title='bbox 577 2280 809 2330; x_wconf 88' lang='lat' dir='ltr'><strong>quaedam.</strong></span> <span class='ocrx_word' id='word_1_263' title='bbox 835 2279 913 2319; x_wconf 91' lang='lat' dir='ltr'><strong>His</strong></span> <span class='ocrx_word' id='word_1_264' title='bbox 935 2281 1067 2332; x_wconf 88' lang='lat' dir='ltr'><strong>igitur</strong></span> <span class='ocrx_word' id='word_1_265' title='bbox 1091 2279 1377 2319; x_wconf 85' lang='lat' dir='ltr'><strong>concionatus</strong></span> <span class='ocrx_word' id='word_1_266' title='bbox 1410 2285 1477 2319; x_wconf 91' lang='lat' dir='ltr'><strong>est</strong></span> <span class='ocrx_word' id='word_1_267' title='bbox 1510 2282 1638 2319; x_wconf 79' lang='lat' dir='ltr'><strong>Pater</strong></span> <span class='ocrx_word' id='word_1_268' title='bbox 1661 2287 1808 2320; x_wconf 85' lang='lat' dir='ltr'><strong>rector</strong></span> <span class='ocrx_word' id='word_1_269' title='bbox 1830 2282 1939 2321; x_wconf 79' lang='lat' dir='ltr'><strong>duos</strong></span> 
     </span>
     <span class='ocr_line' id='line_1_30' title="bbox 299 2351 1938 2404; baseline 0.001 -13"><span class='ocrx_word' id='word_1_270' title='bbox 299 2359 372 2391; x_wconf 88' lang='lat' dir='ltr'><strong>aut</strong></span> <span class='ocrx_word' id='word_1_271' title='bbox 408 2358 499 2391; x_wconf 87' lang='lat' dir='ltr'><strong>tres</strong></span> <span class='ocrx_word' id='word_1_272' title='bbox 536 2365 727 2400; x_wconf 86' lang='lat' dir='ltr'><strong>menses,</strong></span> <span class='ocrx_word' id='word_1_273' title='bbox 764 2353 888 2391; x_wconf 90' lang='lat' dir='ltr'><strong>cuius</strong></span> <span class='ocrx_word' id='word_1_274' title='bbox 911 2353 1199 2391; x_wconf 90' lang='lat' dir='ltr'><strong>concionibus</strong></span> <span class='ocrx_word' id='word_1_275' title='bbox 1222 2365 1306 2403; x_wconf 91' lang='lat' dir='ltr'><strong>ego</strong></span> <span class='ocrx_word' id='word_1_276' title='bbox 1329 2351 1549 2391; x_wconf 87' lang='lat' dir='ltr'><strong>interdum</strong></span> <span class='ocrx_word' id='word_1_277' title='bbox 1571 2352 1689 2401; x_wconf 82' lang='lat' dir='ltr'><strong>affui,</strong></span> <span class='ocrx_word' id='word_1_278' title='bbox 1713 2354 1755 2391; x_wconf 89' lang='lat' dir='ltr'><strong>in</strong></span> <span class='ocrx_word' id='word_1_279' title='bbox 1783 2353 1938 2404; x_wconf 81' lang='lat' dir='ltr'><strong>quibus</strong></span> 
     </span>
     <span class='ocr_line' id='line_1_31' title="bbox 303 2422 1938 2475; baseline 0.001 -13"><span class='ocrx_word' id='word_1_280' title='bbox 303 2436 478 2475; x_wconf 80' lang='lat' dir='ltr'><strong>semper</strong></span> <span class='ocrx_word' id='word_1_281' title='bbox 508 2424 563 2462; x_wconf 93' lang='lat' dir='ltr'><strong>de</strong></span> <span class='ocrx_word' id='word_1_282' title='bbox 596 2422 683 2462; x_wconf 88' lang='lat' dir='ltr'><strong>fide</strong></span> <span class='ocrx_word' id='word_1_283' title='bbox 707 2424 970 2471; x_wconf 88' lang='lat' dir='ltr'><strong>disserebat,</strong></span> <span class='ocrx_word' id='word_1_284' title='bbox 994 2428 1174 2474; x_wconf 88' lang='lat' dir='ltr'><strong>propter</strong></span> <span class='ocrx_word' id='word_1_285' title='bbox 1195 2425 1446 2475; x_wconf 87' lang='lat' dir='ltr'><strong>neophytos</strong></span> <span class='ocrx_word' id='word_1_286' title='bbox 1477 2431 1493 2448; x_wconf 68' lang='lat'>0</span> <span class='ocrx_word' id='word_1_287' title='bbox 1514 2424 1769 2474; x_wconf 88' lang='lat' dir='ltr'><strong>frequenter</strong></span> <span class='ocrx_word' id='word_1_288' title='bbox 1800 2437 1938 2463; x_wconf 78' lang='lat' dir='ltr'><strong>sacra-</strong></span> 
     </span>
     <span class='ocr_line' id='line_1_32' title="bbox 300 2495 1935 2547; baseline 0.001 -14"><span class='ocrx_word' id='word_1_289' title='bbox 300 2509 394 2535; x_wconf 90' lang='lat' dir='ltr'><strong>rum</strong></span> <span class='ocrx_word' id='word_1_290' title='bbox 430 2496 654 2534; x_wconf 88' lang='lat' dir='ltr'><strong>literarum</strong></span> <span class='ocrx_word' id='word_1_291' title='bbox 692 2501 822 2534; x_wconf 89' lang='lat' dir='ltr'><strong>vtens</strong></span> <span class='ocrx_word' id='word_1_292' title='bbox 858 2495 1130 2542; x_wconf 87' lang='lat' dir='ltr'><strong>testimonio,</strong></span> <span class='ocrx_word' id='word_1_293' title='bbox 1169 2495 1484 2546; x_wconf 87' lang='lat' dir='ltr'><strong>comprobabat</strong></span> <span class='ocrx_word' id='word_1_294' title='bbox 1520 2496 1741 2534; x_wconf 88' lang='lat' dir='ltr'><strong>Christum</strong></span> <span class='ocrx_word' id='word_1_295' title='bbox 1770 2497 1935 2547; x_wconf 91' lang='lat' dir='ltr'><strong>Jesum,</strong></span> 
     </span>
     <span class='ocr_line' id='line_1_33' title="bbox 300 2565 1938 2618; baseline 0.001 -13"><span class='ocrx_word' id='word_1_296' title='bbox 300 2567 381 2606; x_wconf 90' lang='lat' dir='ltr'><strong>Dei</strong></span> <span class='ocrx_word' id='word_1_297' title='bbox 398 2567 547 2615; x_wconf 89' lang='lat' dir='ltr'><strong>filiurn,</strong></span> <span class='ocrx_word' id='word_1_298' title='bbox 568 2580 593 2606; x_wconf 90' lang='lat' dir='ltr'><strong>a</strong></span> <span class='ocrx_word' id='word_1_299' title='bbox 607 2568 764 2618; x_wconf 90' lang='lat' dir='ltr'><strong>Moyse</strong></span> <span class='ocrx_word' id='word_1_300' title='bbox 782 2580 833 2606; x_wconf 85' lang='lat' dir='ltr'><strong>ac</strong></span> <span class='ocrx_word' id='word_1_301' title='bbox 851 2567 1094 2618; x_wconf 87' lang='lat' dir='ltr'><strong>prophetis,</strong></span> <span class='ocrx_word' id='word_1_302' title='bbox 1115 2568 1210 2605; x_wconf 86' lang='lat' dir='ltr'><strong>Deo</strong></span> <span class='ocrx_word' id='word_1_303' title='bbox 1229 2565 1465 2614; x_wconf 90' lang='lat' dir='ltr'><strong>indicante,</strong></span> <span class='ocrx_word' id='word_1_304' title='bbox 1485 2567 1745 2617; x_wconf 85' lang='lat' dir='ltr'><strong>promissum</strong></span> <span class='ocrx_word' id='word_1_305' title='bbox 1763 2568 1847 2606; x_wconf 90' lang='lat' dir='ltr'><strong>iarn</strong></span> <span class='ocrx_word' id='word_1_306' title='bbox 1865 2582 1938 2607; x_wconf 86' lang='lat' dir='ltr'><strong>ve-</strong></span> 
     </span>
     <span class='ocr_line' id='line_1_34' title="bbox 299 2637 1937 2689; baseline 0.001 -13"><span class='ocrx_word' id='word_1_307' title='bbox 299 2637 432 2686; x_wconf 83' lang='lat' dir='ltr'><strong>nisse,</strong></span> <span class='ocrx_word' id='word_1_308' title='bbox 452 2650 536 2677; x_wconf 89' lang='lat' dir='ltr'><strong>nec</strong></span> <span class='ocrx_word' id='word_1_309' title='bbox 554 2640 712 2677; x_wconf 90' lang='lat' dir='ltr'><strong>iterum</strong></span> <span class='ocrx_word' id='word_1_310' title='bbox 731 2643 862 2676; x_wconf 87' lang='lat' dir='ltr'><strong>antea</strong></span> <span class='ocrx_word' id='word_1_311' title='bbox 880 2642 1112 2676; x_wconf 78' lang='lat' dir='ltr'><strong>venturum</strong></span> <span class='ocrx_word' id='word_1_312' title='bbox 1130 2644 1298 2689; x_wconf 90' lang='lat' dir='ltr'><strong>aperte,</strong></span> <span class='ocrx_word' id='word_1_313' title='bbox 1319 2651 1445 2688; x_wconf 89' lang='lat' dir='ltr'><strong>quarn</strong></span> <span class='ocrx_word' id='word_1_314' title='bbox 1463 2642 1688 2689; x_wconf 82' lang='lat' dir='ltr'><strong>postremo</strong></span> <span class='ocrx_word' id='word_1_315' title='bbox 1709 2639 1871 2686; x_wconf 88' lang='lat' dir='ltr'><strong>veniat,</strong></span> <span class='ocrx_word' id='word_1_316' title='bbox 1892 2646 1937 2677; x_wconf 89' lang='lat' dir='ltr'><strong>vt</strong></span> 
     </span>
     <span class='ocr_line' id='line_1_35' title="bbox 299 2709 1937 2761; baseline 0.001 -13"><span class='ocrx_word' id='word_1_317' title='bbox 299 2709 503 2748; x_wconf 89' lang='lat' dir='ltr'><strong>restituat</strong></span> <span class='ocrx_word' id='word_1_318' title='bbox 524 2723 575 2748; x_wconf 88' lang='lat' dir='ltr'><strong>ac</strong></span> <span class='ocrx_word' id='word_1_319' title='bbox 598 2710 858 2749; x_wconf 89' lang='lat' dir='ltr'><strong>reaedificet</strong></span> <span class='ocrx_word' id='word_1_320' title='bbox 877 2710 1117 2748; x_wconf 88' lang='lat' dir='ltr'><strong>caelestem</strong></span> <span class='ocrx_word' id='word_1_321' title='bbox 1149 2711 1403 2757; x_wconf 85' lang='lat' dir='ltr'><strong>Ierusalem,</strong></span> <span class='ocrx_word' id='word_1_322' title='bbox 1428 2710 1637 2761; x_wconf 91' lang='lat' dir='ltr'><strong>improbis</strong></span> <span class='ocrx_word' id='word_1_323' title='bbox 1659 2710 1712 2747; x_wconf 90' lang='lat' dir='ltr'><strong>ad</strong></span> <span class='ocrx_word' id='word_1_324' title='bbox 1745 2723 1898 2750; x_wconf 80' lang='lat' dir='ltr'><strong>manes</strong></span> <span class='ocrx_word' id='word_1_325' title='bbox 1919 2713 1937 2736; x_wconf 75' lang='lat'><strong>¹¹</strong></span> 
     </span>
     <span class='ocr_line' id='line_1_36' title="bbox 299 2781 1937 2833; baseline 0.001 -13"><span class='ocrx_word' id='word_1_326' title='bbox 299 2782 505 2829; x_wconf 90' lang='lat' dir='ltr'><strong>detrusis,</strong></span> <span class='ocrx_word' id='word_1_327' title='bbox 531 2781 693 2820; x_wconf 91' lang='lat' dir='ltr'><strong>sanctis</strong></span> <span class='ocrx_word' id='word_1_328' title='bbox 716 2794 823 2820; x_wconf 88' lang='lat' dir='ltr'><strong>vero</strong></span> <span class='ocrx_word' id='word_1_329' title='bbox 847 2783 889 2820; x_wconf 89' lang='lat' dir='ltr'><strong>in</strong></span> <span class='ocrx_word' id='word_1_330' title='bbox 926 2783 1168 2821; x_wconf 87' lang='lat' dir='ltr'><strong>caelestem</strong></span> <span class='ocrx_word' id='word_1_331' title='bbox 1189 2781 1510 2820; x_wconf 83' lang='lat' dir='ltr'><strong>beatitudinem</strong></span> <span class='ocrx_word' id='word_1_332' title='bbox 1537 2781 1776 2833; x_wconf 90' lang='lat' dir='ltr'><strong>prouectis.</strong></span> <span class='ocrx_word' id='word_1_333' title='bbox 1807 2782 1937 2821; x_wconf 91' lang='lat' dir='ltr'><strong>Dein-</strong></span> 
     </span>
     <span class='ocr_line' id='line_1_37' title="bbox 300 2852 1935 2904; baseline 0 -12"><span class='ocrx_word' id='word_1_334' title='bbox 300 2854 355 2893; x_wconf 88' lang='lat' dir='ltr'><strong>de</strong></span> <span class='ocrx_word' id='word_1_335' title='bbox 376 2853 430 2892; x_wconf 91' lang='lat' dir='ltr'><strong>ad</strong></span> <span class='ocrx_word' id='word_1_336' title='bbox 451 2854 709 2904; x_wconf 87' lang='lat' dir='ltr'><strong>patientiam</strong></span> <span class='ocrx_word' id='word_1_337' title='bbox 730 2854 1002 2893; x_wconf 89' lang='lat' dir='ltr'><strong>hortabatur.</strong></span> <span class='ocrx_word' id='word_1_338' title='bbox 1027 2853 1192 2892; x_wconf 88' lang='lat' dir='ltr'><strong>Aderat</strong></span> <span class='ocrx_word' id='word_1_339' title='bbox 1213 2865 1387 2904; x_wconf 90' lang='lat' dir='ltr'><strong>semper</strong></span> <span class='ocrx_word' id='word_1_340' title='bbox 1404 2852 1578 2903; x_wconf 88' lang='lat' dir='ltr'><strong>quidam</strong></span> <span class='ocrx_word' id='word_1_341' title='bbox 1608 2852 1832 2900; x_wconf 85' lang='lat' dir='ltr'><strong>sacerdos,</strong></span> <span class='ocrx_word' id='word_1_342' title='bbox 1856 2853 1935 2892; x_wconf 92' lang='lat' dir='ltr'><strong>So-</strong></span> 
     </span>
    </p>
   </div>
   <div class='ocr_carea' id='block_1_3' title="bbox 299 3007 1934 3115">
    <p class='ocr_par' dir='ltr' id='par_1_5' title="bbox 299 3007 1934 3115">
     <span class='ocr_line' id='line_1_38' title="bbox 346 3007 1934 3055; baseline 0 -9"><span class='ocrx_word' id='word_1_343' title='bbox 346 3009 366 3028; x_wconf 85' lang='lat' dir='ltr'><strong>a</strong></span> <span class='ocrx_word' id='word_1_344' title='bbox 417 3008 471 3046; x_wconf 89' lang='lat' dir='ltr'><strong>In</strong></span> <span class='ocrx_word' id='word_1_345' title='bbox 493 3019 571 3046; x_wconf 88' lang='lat' dir='ltr'><strong>ms.</strong></span> <span class='ocrx_word' id='word_1_346' title='bbox 596 3019 714 3045; x_wconf 83' lang='lat' dir='ltr'><strong>nunc</strong></span> <span class='ocrx_word' id='word_1_347' title='bbox 729 3012 869 3046; x_wconf 81' lang='lat' dir='ltr'><strong>exstat</strong></span> <span class='ocrx_word' id='word_1_348' title='bbox 883 3009 1058 3055; x_wconf 81' lang='lat' dir='ltr'><strong>virgula</strong></span> <span class='ocrx_word' id='word_1_349' title='bbox 1078 3010 1146 3054; x_wconf 88' lang='lat'><strong>(‚).</strong></span> <span class='ocrx_word' id='word_1_350' title='bbox 1201 3009 1265 3033; x_wconf 78' lang='lat' dir='ltr'><strong>-b</strong></span> <span class='ocrx_word' id='word_1_351' title='bbox 1287 3007 1342 3045; x_wconf 81' lang='lat' dir='ltr'><strong>In</strong></span> <span class='ocrx_word' id='word_1_352' title='bbox 1357 3018 1438 3046; x_wconf 89' lang='lat' dir='ltr'><strong>ms.</strong></span> <span class='ocrx_word' id='word_1_353' title='bbox 1455 3008 1632 3045; x_wconf 83' lang='lat' dir='ltr'><strong>videtur</strong></span> <span class='ocrx_word' id='word_1_354' title='bbox 1644 3007 1859 3052; x_wconf 83' lang='lat' dir='ltr'><strong>scriptum</strong></span> <span class='ocrx_word' id='word_1_355' title='bbox 1875 3021 1934 3046; x_wconf 93' lang='lat' dir='ltr'><strong>oc-</strong></span> 
     </span>
     <span class='ocr_line' id='line_1_39' title="bbox 299 3067 1418 3115; baseline -0.001 -10"><span class='ocrx_word' id='word_1_356' title='bbox 299 3069 448 3106; x_wconf 84' lang='lat' dir='ltr'><strong>cultae.</strong></span> <span class='ocrx_word' id='word_1_357' title='bbox 509 3074 567 3094; x_wconf 75' lang='lat'><strong>—0</strong></span> <span class='ocrx_word' id='word_1_358' title='bbox 589 3081 638 3106; x_wconf 83' lang='lat' dir='ltr'><strong>ex</strong></span> <span class='ocrx_word' id='word_1_359' title='bbox 657 3067 855 3115; x_wconf 88' lang='lat' dir='ltr'><strong>judaismo</strong></span> <span class='ocrx_word' id='word_1_360' title='bbox 874 3068 981 3106; x_wconf 83' lang='lat' dir='ltr'><strong>add.</strong></span> <span class='ocrx_word' id='word_1_361' title='bbox 1005 3067 1098 3105; x_wconf 83' lang='lat' dir='ltr'><strong>Pol.</strong></span> <span class='ocrx_word' id='word_1_362' title='bbox 1164 3067 1231 3094; x_wconf 71' lang='lat' dir='ltr'><strong>-d</strong></span> <span class='ocrx_word' id='word_1_363' title='bbox 1251 3072 1418 3105; x_wconf 86' lang='lat' dir='ltr'><strong>tartara.</strong></span> 
     </span>
    </p>
   </div>
  </div>
 </body>
</html>
