2038 3400
364 235 411 273 22
831 235 1052 272 erTERAE
1087 234 1442 280 QUADRIMESTRES

321 332 616 384 applicuisset,
649 333 801 372 nescio
825 346 908 384 qua
940 337 1077 379 sorte,
1104 332 1146 370 in
1176 336 1354 369 nostrae
1377 331 1613 371 Societatis
1642 333 1795 370 Patres
1817 330 1952 370 conti-

318 418 405 444 nuo
427 406 596 453 incidit3
619 418 643 443 a
666 404 823 456 quibus
844 404 1073 456 permultis
1096 407 1453 454 argumentorum
1475 403 1574 441 telis
1594 404 1797 454 ultroque
1826 403 1954 440 citro-

319 490 403 527 que
441 477 610 515 emissis
636 476 866 515 conuictus
889 483 922 523 a,
949 480 992 513 et
1013 480 1114 525 post
1137 473 1361 512 diuturnas
1397 486 1558 525 easque
1589 474 1743 526 longas
1765 474 1953 524 disputa-

320 549 465 587 tiones
499 550 614 598 (erat
643 561 829 599 namque
861 546 1142 586 accutissimo
1174 546 1387 597 ingenio),
1420 546 1597 584 tandem
1633 546 1819 585 edoctus
1849 550 1955 596 quot

321 620 579 672 quantisque
602 621 643 658 in
667 633 865 658 errorum
888 618 1083 657 tenebris
1105 621 1373 664 versaretur,
1407 617 1687 655 christianum
1720 630 1817 655 esse
1840 617 1955 655 velle

322 692 539 731 constanti
570 692 712 730 animo
742 691 992 742 profitetur.
1018 690 1169 739 Itaque
1202 688 1318 727 omni
1353 688 1579 739 diligentia
1612 689 1806 727 adhibita
1834 689 1876 727 in
1906 688 1956 726 iis

323 764 540 812 curandis,
577 777 689 815 quae
711 763 765 802 ad
800 762 883 801 Dei
913 762 1098 814 gloriam
1131 766 1175 799 et
1204 759 1316 798 illius
1338 760 1507 798 animae
1535 761 1719 799 salutem
1756 765 1957 811 spectare

322 836 601 883 videbantur;
621 836 676 874 de
694 834 830 874 totius
852 836 916 873 rei
939 839 1103 872 euentu
1124 831 1539 872 reuerendissimum
1558 833 1811 884 episcopum
1835 839 1842 857 ¹
1868 845 1957 871 cer-

323 908 480 946 tiorem
501 907 665 946 faciunt
706 908 876 954 Patres;
899 904 972 957 qui
1001 910 1047 944 ut
1083 908 1150 943 est
1180 904 1222 942 in
1243 903 1309 942 his
1330 917 1441 955 quae
1463 904 1517 942 ad
1539 904 1621 943 Dei
1643 905 1805 942 cultum
1837 917 1958 955 spec-

322 983 430 1027 tant,
455 978 830 1030 vigilantissimus,
863 982 906 1016 et
937 977 1175 1015 animarum
1205 974 1417 1014 maximus
1452 975 1632 1023 zelator,
1670 974 1723 1013 ad
1749 976 1959 1026 templum

323 1050 603 1089 beatissimae
640 1050 809 1101 Virgini
849 1062 872 1088 a
907 1048 1071 1088 Gratiis
1111 1047 1255 1086 dictae
1295 1047 1597 1086 lubentissime
1636 1048 1759 1086 venit
1792 1048 1852 1097 (in
1873 1060 1959 1098 quo

325 1124 471 1171 etiam,
491 1123 526 1161 si
542 1128 691 1161 tamen
712 1122 816 1160 facit
835 1121 889 1159 ad
910 1133 1019 1168 rem,
1038 1124 1190 1159 nostro
1213 1118 1370 1158 honori
1391 1117 1617 1157 deseruire
1635 1119 1793 1168 voluit)
1814 1118 1960 1170 ibique

324 1207 449 1234 sacro
491 1194 655 1233 deuote
679 1194 732 1231 ab
754 1194 849 1244 ipso
874 1191 1083 1243 episcopo
1105 1195 1302 1243 peract0‚
1326 1190 1445 1228 illum
1480 1190 1597 1228 laeto
1620 1191 1762 1228 animo
1786 1190 1960 1229 Christo

324 1266 642 1312 reconciliauit,
669 1269 711 1303 et
735 1264 981 1303 catholicae
1011 1262 1202 1301 restituit
1231 1262 1464 1301 ecclesiae.
1488 1262 1539 1299 Ei
1559 1261 1612 1299 sit
1642 1262 1783 1299 honor
1806 1266 1849 1299 et
1871 1261 1962 1311 glo-

325 1338 401 1385 ria,
426 1337 499 1388 qui
520 1337 704 1375 animam
727 1335 859 1383 illam,
886 1348 999 1387 quae
1022 1347 1119 1373 cum
1154 1333 1300 1372 multis
1321 1332 1588 1371 amatoribus
1617 1333 1831 1371 fornicata
1853 1338 1961 1380 erat,

326 1414 415 1448 tam
436 1409 642 1460 benignis
665 1407 869 1459 excaepit
892 1406 1166 1458 amplexibus
1187 1409 1213 1443 2.

380 1489 416 1529 5.
476 1480 602 1518 Alter
623 1492 732 1518 vero
754 1492 843 1518 non
864 1477 1032 1517 minore
1054 1476 1184 1515 animi
1211 1477 1365 1514 morbo
1397 1480 1641 1526 correthS‚
1674 1474 1760 1513 imo
1792 1475 1965 1513 teterri-

326 1565 395 1591 ma
416 1551 744 1590 haereticorum
767 1550 940 1589 sentina
962 1549 1188 1588 oculorum
1211 1553 1339 1586 tenus
1360 1548 1425 1598 (ut
1447 1547 1583 1596 aiunt)
1603 1547 1848 1594 immersus,
1872 1545 1966 1585 dies

326 1627 574 1674 noctesque
615 1623 746 1662 variis
769 1634 1012 1662 concussus
1047 1618 1388 1671 cogitationibus
1423 1618 1652 1669 agebatur3
1674 1617 1758 1655 iam
1794 1617 1965 1667 iamque

325 1696 545 1748 periturus
567 1695 622 1734 ad
642 1696 792 1746 ignem
814 1693 1082 1745 properabat
1103 1696 1346 1737 aeternum,
1370 1690 1451 1728 nisi
1480 1689 1598 1727 illum
1629 1689 1862 1727 ineffabilis
1885 1690 1967 1727 Dei

326 1767 500 1806 bonitas
522 1766 809 1813 retardasset,
836 1770 880 1803 et
901 1778 926 1803 a
945 1764 1144 1803 faucibus
1176 1761 1407 1813 eripuisset
1428 1760 1598 1799 inferni.
1623 1761 1663 1799 Is
1684 1759 1830 1811 igitur,
1863 1773 1967 1811 gen-

270 1833 281 1843 ’
327 1846 371 1879 te
394 1839 648 1891 germanica
670 1842 806 1885 ortus,
832 1850 929 1876 cum
950 1836 1011 1874 ita
1031 1835 1191 1873 multos
1213 1847 1349 1872 annos
1370 1831 1545 1871 haeresi
1578 1831 1774 1879 fauisset‚
1800 1837 1843 1870 et
1865 1844 1968 1870 ven—

327 1911 579 1962 tripotentis
600 1908 771 1948 Martini
791 1908 1002 1947 nefariam
1023 1911 1189 1945 sectam
1210 1905 1271 1943 ita
1291 1905 1423 1955 longe
1454 1902 1697 1951 inbibisset‚
1721 1909 1769 1941 ut
1802 1917 1889 1942 non
1910 1904 1969 1941 fa-

330 1984 413 2024 cile
453 1984 507 2022 ab
549 1995 601 2021 ea
631 1980 792 2020 deduci
831 1985 999 2032 posset,
1036 1983 1267 2030 postquam
1302 1981 1478 2015 nostros
1517 1976 1733 2014 allocutus
1769 1981 1850 2023 est,
1890 1974 1971 2013 Dei

328 2054 538 2107 imprimis
558 2053 834 2105 benignitate
856 2051 1045 2097 adiutus,
1069 2050 1142 2101 qui
1162 2061 1249 2087 non
1270 2048 1364 2086 vult
1384 2051 1571 2086 mortem
1605 2046 1868 2097 peccatoris,
1892 2046 1971 2084 sed

330 2125 469 2177 magis
505 2130 551 2163 ut
582 2127 867 2163 conuertatur
905 2127 949 2160 et
978 2121 1100 2160 viuat
1120 2124 1150 2167 ³3
1174 2118 1332 2158 deinde
1364 2119 1541 2156 Patrum
1575 2117 1843 2168 fratrumque
1873 2118 1971 2155 hor-

329 2195 570 2235 tationibus
601 2198 863 2241 commotus,
898 2205 945 2231 se
981 2192 1170 2231 maximo
1192 2189 1235 2229 in
1267 2201 1417 2228 errore
1439 2188 1607 2226 versari
1637 2189 1864 2227 confessus
1888 2194 1969 2236 est,

333 2273 377 2306 et
411 2267 465 2306 ad
502 2266 723 2307 Christum
760 2264 982 2304 desiderio
1006 2260 1251 2302 incredibili
1286 2260 1487 2299 conuerti
1522 2258 1743 2307 studebat3
1779 2261 1926 2310 itaque
1949 2273 1973 2298 a

330 2339 492 2378 nostris
527 2338 782 2385 instructus,
821 2341 865 2375 et
899 2340 1022 2374 recte
1059 2333 1244 2372 edoctus
1281 2331 1478 2371 ordinem
1514 2344 1592 2369 seu
1627 2331 1819 2379 modum,
1852 2332 1974 2370 iuxta

332 2424 462 2462 quem
491 2410 627 2449 totius
649 2409 767 2448 vitae
789 2408 1005 2446 rationem
1040 2410 1234 2457 regeret,
1259 2402 1444 2453 accepit.
1477 2403 1697 2453 propellat
1727 2403 1846 2441 Deus
1869 2403 1969 2454 Opt.

335 2484 448 2521 Max.
473 2481 749 2533 ignorantiae
779 2480 987 2517 tenebras
1009 2477 1063 2515 ab
1083 2475 1179 2523 illis,
1204 2474 1276 2525 qui
1307 2472 1464 2513 eodem
1488 2473 1705 2511 ducuntur
1728 2486 1893 2521 errore,
1917 2487 1973 2512 ne

334 2553 503 2592 animae
524 2551 878 2604 praeciosissimo
902 2546 1063 2589 Christi
1079 2546 1289 2599 sanguine
1311 2545 1567 2596 redemptae
1590 2542 1749 2582 misere
1771 2551 1969 2595 pereant.

335 2624 426 2664 Sed
447 2624 502 2663 de
523 2624 590 2663 his
611 2623 844 2662 hactenus.

380 2788 400 2808 ²
453 2787 703 2826 correctum
723 2795 775 2823 ex
792 2783 1045 2822 eonuinetus.

385 2945 394 2965 ¹
448 2940 653 2989 Aegidius
672 2938 872 2976 Falzetta.
894 2935 979 2975 Cfr.
1002 2935 1102 2973 Litt.
1123 2934 1375 2981 Quadrima„
1397 2932 1452 2977 V,
1472 2931 1554 2969 629.

385 3003 398 3023 ²
450 3000 536 3038 Cfr.
569 2999 683 3046 JER„
704 2997 772 3039 HI,
798 2998 828 3033 1.

385 3063 398 3083 ⁸
450 3059 624 3105 EzECH„
645 3057 799 3102 ΧΧΙΙΙ,
824 3057 877 3094 11.
