2038 3400
516 223 903 261 328f-V1N00130NA
935 222 946 258 1
973 222 1176 268 JANUARn
1207 223 1295 259 1560
1595 226 1663 261 455

89 326 247 364 iudicio
271 323 480 363 momenti
503 329 545 361 et
567 330 665 362 acta
688 328 800 371 sunt,
826 328 870 360 et
891 322 1022 360 modo
1057 323 1186 360 etiam
1217 327 1473 365 tractantnr;
1508 325 1591 362 hoc
1621 331 1709 362 tan-

89 405 177 435 tum
208 397 363 443 dicam,
396 396 438 433 id
468 409 548 434 nos
581 401 624 433 et
656 401 808 446 optare
845 399 887 433 et
925 393 1119 440 studere,
1159 398 1202 431 ut
1233 393 1429 432 nimirum
1466 396 1614 444 inclyti
1654 397 1708 433 illi

88 468 317 519 principes,
356 480 467 518 pene
503 466 644 505 adhuc
680 467 865 505 infantes
901 465 991 515 (uix
1029 466 1141 503 enim
1179 469 1382 503 octauum
1418 467 1605 515 attigere.
1641 481 1709 504 an-

87 541 205 589 num)
229 540 253 587 ¹,
279 552 330 577 ea
352 540 519 577 ratione
542 539 819 576 instituantur
842 550 956 575 nune
976 537 1202 587 temporiS,
1226 550 1280 574 ne
1304 537 1358 574 de
1381 538 1549 575 animae
1572 540 1709 575 salute

88 616 317 660 tantopere
339 610 640 660 periclitentur
671 616 705 655 ἃς
733 608 774 646 εἰ
804 608 941 658 (qnod
964 608 1084 646 Dens
1119 608 1318 654 auertat)
1343 607 1387 644 id
1414 611 1495 657 per
1526 611 1709 657 peccata

89 684 245 720 nostra
277 680 575 732 contingeret,
604 682 649 718 nt
672 679 719 717 in
736 680 1072 729 praeceptorem
1090 677 1255 727 pietate
1278 691 1330 716 ac
1352 678 1564 717 doctrina
1588 680 1706 716 insa-

86 766 195 791 num
218 752 479 791 inciderent.
505 751 661 801 Neque
685 751 797 788 enirn
821 750 1068 787 dubitamus
1090 749 1192 799 quin
1215 755 1258 786 et
1286 750 1380 787 Deo
1404 750 1505 800 Opt.
1532 751 1644 788 Max.
1670 756 1711 788 et

87 836 203 862 caes,
227 824 314 862 inti
337 829 380 861 et
402 823 494 873 regi
517 829 662 860 ser.1120
696 821 905 871 obsequia
936 821 1045 858 haec
1079 826 1229 858 nostra
1264 821 1348 858 sint
1384 833 1555 871 semper
1590 828 1713 872 grata

86 895 243 942 futura,
286 901 331 932 ut
370 895 530 945 populo
572 894 807 931 christiano
844 892 1188 943 pernecessaria.
1232 892 1331 930 Non
1370 893 1526 930 attinet
1565 893 1713 931 dicere

87 972 246 1017 quanto
272 979 367 1004 cum
390 966 533 1003 fructu
557 965 642 1003 Κῶ
667 966 818 1002 Patres
840 963 976 1002 nostri
999 963 1053 1001 de
1071 963 1124 1012 ijs
1146 976 1197 1002 ac
1217 964 1311 1013 alijs
1333 965 1478 1015 magni
1500 966 1603 1003 satis
1625 978 1713 1004 mo-

87 1038 222 1076 menti
243 1038 388 1084 rebus,
413 1049 509 1074 cum
531 1035 786 1087 primatibus
807 1040 895 1073 tam
919 1034 1231 1073 ecclesiasticis
1258 1047 1386 1085 quam
1418 1036 1714 1073 saecularibus

86 1121 219 1159 saepe
240 1109 485 1158 loquantur,
511 1107 624 1158 apud
645 1119 755 1157 quos
778 1106 952 1144 minima
973 1107 1084 1144 haec
1104 1111 1254 1144 nostra
1282 1105 1482 1144 Societas
1512 1119 1710 1157 magnum

86 1180 302 1230 profecto,
335 1190 446 1229 quae
482 1178 562 1215 Dei
597 1178 770 1215 bonitas
807 1183 888 1224 est,
915 1176 1141 1215 doctrinae
1163 1189 1214 1215 ac
1235 1176 1410 1227 pietatis
1431 1190 1591 1215 nomen
1614 1190 1713 1215 con-

87 1250 413 1290 stantissimnm
434 1251 453 1274 ¹)
483 1249 684 1296 obtinuit,
710 1251 828 1299 qnod
850 1257 865 1274 C
889 1249 1104 1287 offuscare
1128 1261 1204 1299 pro
1228 1249 1339 1286 uirili
1359 1254 1482 1299 parte
1505 1255 1626 1287 curat
1643 1263 1714 1287 an-

87 1323 230 1373 tiquus
266 1321 492 1360 societatis
526 1324 705 1358 nostrae
740 1333 791 1358 ac
826 1320 1039 1357 humanae
1075 1319 1224 1358 salutis
1259 1320 1414 1367 hostis,
1454 1322 1502 1358 at
1536 1320 1631 1359 iam
1666 1334 1713 1359 eo

88 1393 310 1432 andaciae
345 1390 573 1431 denenerit
605 1404 658 1430 ac
695 1390 1014 1441 impudentiae,
1052 1393 1101 1429 nt
1134 1404 1225 1429 non
1264 1392 1479 1430 nereatar
1513 1391 1712 1439 mentiri,

88 1466 310 1514 quendam
330 1477 382 1502 ex
405 1461 574 1501 nostris
596 1461 668 1500 hic
699 1461 939 1511 antiquam
962 1463 1100 1513 fldem
1130 1461 1391 1508 deseruisse,
1428 1462 1580 1500 virum
1616 1465 1714 1501 doc-

87 1538 196 1583 tum,
220 1534 450 1586 egisseque
473 1534 641 1572 occulte
659 1534 891 1584 permulta
912 1547 965 1572 ea
987 1535 1036 1572 de
1059 1547 1106 1572 re
1129 1547 1229 1572 cnm
1252 1533 1412 1572 intimo
1436 1533 1591 1584 aliquo
1609 1534 1714 1573 ntro

87 1606 232 1658 regio,
261 1606 327 1644 nel
350 1618 451 1643 cnm
475 1604 567 1654 ipso
590 1603 728 1643 etiam
748 1611 896 1642 ser.⁷¹²0
917 1616 1039 1655 rege,
1065 1617 1193 1654 quem
1215 1604 1426 1643 diabolus
1447 1605 1617 1644 hostem
1649 1618 1713 1644 re-

87 1675 280 1729 ligionis
302 1675 530 1725 antiquae,
558 1677 603 1712 nt
618 1674 816 1726 facilins
841 1674 1010 1721 aincat,
1035 1688 1126 1713 non
1148 1678 1242 1714 tam
1264 1689 1353 1715 esse
1374 1676 1477 1726 (hoc
1498 1676 1630 1722 enim,
1668 1679 1714 1714 ztt

88 1750 138 1788 de
172 1748 335 1797 inclyto
373 1759 479 1798 rege
510 1748 642 1796 atqne
673 1745 840 1796 pietate
872 1745 1027 1784 divina
1052 1747 1336 1795 confidimus,
1360 1747 1432 1796 fiet
1452 1751 1581 1798 spero
1604 1761 1715 1786 nnn-

88 1820 257 1870 qnam),
283 1831 419 1868 qnam
441 1817 602 1857 haberi
622 1817 794 1867 dicique
815 1817 937 1867 cupit
968 1816 1120 1867 inique
1156 1820 1288 1868 atque
1324 1819 1550 1857 contendit
1585 1818 1611 1857 ⁴².
1646 1819 1714 1857 Ea

87 1892 149 1929 est
165 1891 409 1940 postquam
430 1901 450 1927 e
471 1889 590 1927 coelo
613 1890 675 1927 est
692 1889 854 1938 pulsus
876 1888 1128 1928 temeritate
1145 1889 1401 1939 praeditas.

143 1970 179 2010 5.
239 1962 323 1998 Per
352 1959 468 1998 idem
499 1965 686 2009 tempus,
719 1959 761 1997 id
793 1965 859 1997 est
892 1961 1006 1998 circa
1041 1973 1236 1999 mensem
1266 1961 1507 1999 Octobrem
1542 1968 1716 2012 praeter

88 2032 464 2082 archiepiscopum
486 2031 734 2081 Strigoniae
756 2032 768 2048 ³
790 2031 863 2080 qui
886 2032 1016 2069 etiam
1038 2044 1153 2070 nunc
1180 2032 1407 2083 negotium
1440 2032 1494 2070 de
1527 2032 1714 2083 collegio

89 2103 318 2142 Tirnauiae
337 2101 548 2153 erigendo
569 2103 769 2141 omnibus
786 2102 926 2141 modis
943 2104 1099 2154 quibus
1116 2109 1264 2154 potest
1282 2110 1502 2143 rectorem
1520 2110 1714 2143 nostrum

91 2181 232 2226 urget,
266 2175 393 2212 ΚΛΜΝ
425 2186 600 2224 quoque
628 2174 876 2212 nominatus
909 2174 1112 2225 Quinque
1134 2175 1429 2213 Ecclesiarum
1453 2174 1683 2226 episcopus
1704 2177 1716 2195 ⁴

90 2246 144 2283 de
166 2245 354 2295 quodam
375 2244 459 2282 alio
483 2244 672 2295 collegio
701 2244 939 2282 Societatis
970 2245 1012 2283 in
1042 2245 1141 2284 loco
1174 2246 1425 2296 Hungariae
1456 2246 1715 2285 commodis-

91 2318 198 2355 simo
221 2314 489 2354 instituendo
513 2329 610 2354 cum
634 2315 792 2354 eodem
815 2322 991 2354 rectore
1014 2317 1161 2368 coepit
1182 2330 1332 2368 agere.

136 2461 155 2480 a
206 2460 341 2497 Prius
359 2459 700 2506 periclitarentur,
754 2459 820 2484 -b
842 2463 1086 2496 constanter.
1146 2460 1336 2497 *clicet

140 2605 148 2623 ¹
201 2602 434 2644 Rodulfum,
455 2607 552 2638 natu
580 2603 772 2650 majorem
801 2607 840 2638 et
866 2601 1045 2639 futurum
1072 2603 1371 2650 imperatorem,
1403 2603 1551 2640 editum
1584 2603 1717 2640 ferunt

91 2664 154 2699 die
177 2662 219 2698 18
236 2661 386 2699 mensis
398 2661 500 2708 Julii
519 2661 613 2698 anni
635 2661 737 2699 1552.

138 2724 150 2743 ²
203 2722 267 2758 De
287 2720 555 2758 Maximiliani
574 2722 683 2768 regis
711 2733 812 2768 erga
838 2722 1079 2759 catholicam
1106 2722 1224 2759 fidem
1251 2723 1383 2759 animo
1413 2723 1500 2758 vide
1531 2721 1712 2758 BRAUNs-

91 2792 274 2825 BERGER.
296 2781 348 2817 Β.
374 2781 494 2817 Petri
513 2781 680 2818 Canz‘siz'
695 2782 831 2828 epist„
852 2780 901 2823 II,
926 2780 1002 2818 194.

139 2842 152 2862 ³
202 2839 396 2877 Nicolaus
415 2838 584 2877 Olahus.

139 2903 152 2922 ⁴
204 2900 327 2937 Anno
355 2899 445 2936 1560
474 2899 679 2937 Antonius
709 2899 931 2937 Warchius
963 2900 1218 2945 (Verantius)
1250 2901 1426 2947 quinque
1461 2899 1715 2936 ecclesiensis

93 2961 227 3007 (Pecs)
246 2958 455 3006 episeopus
481 2960 702 2996 translatus
730 2965 790 2996 est
816 2960 866 2996 ad
893 2959 1030 2997 sedem
1057 2960 1289 3005 agriensem
1317 2959 1488 3003 (Edan),
1519 2965 1558 2994 et
1589 2971 1715 2994 nox-us

94 3022 303 3069 episcopus
321 3018 497 3065 quinque
517 3019 662 3056 eccles.
684 3024 845 3056 creatus
865 3024 925 3056 est
944 3018 1149 3066 Georgius
1169 3018 1447 3056 Draskowich.
