<?xml version="1.0" encoding="UTF-8"?>
<!DOCTYPE html PUBLIC "-//W3C//DTD XHTML 1.0 Transitional//EN"
    "http://www.w3.org/TR/xhtml1/DTD/xhtml1-transitional.dtd">
<html xmlns="http://www.w3.org/1999/xhtml" xml:lang="en" lang="en">
 <head>
  <title>
</title>
<meta http-equiv="Content-Type" content="text/html;charset=utf-8" />
  <meta name='ocr-system' content='tesseract 3.04.00' />
  <meta name='ocr-capabilities' content='ocr_page ocr_carea ocr_par ocr_line ocrx_word'/>
</head>
<body>
  <div class='ocr_page' id='page_1' title='image "./litteraequadrime18lain_0677.png"; bbox 0 0 2038 3400; ppageno 0'>
   <div class='ocr_carea' id='block_1_1' title="bbox 604 251 1689 301">
    <p class='ocr_par' dir='ltr' id='par_1_1' title="bbox 604 251 1689 301">
     <span class='ocr_line' id='line_1_1' title="bbox 604 251 1689 301; baseline 0.001 -11"><span class='ocrx_word' id='word_1_1' title='bbox 604 251 930 291; x_wconf 68' lang='lat' dir='ltr'>380.—Sssc‚0v1A</span> <span class='ocrx_word' id='word_1_2' title='bbox 960 253 1001 289; x_wconf 90' lang='lat'>17</span> <span class='ocrx_word' id='word_1_3' title='bbox 1028 253 1134 301; x_wconf 84' lang='lat' dir='ltr'>MAJI</span> <span class='ocrx_word' id='word_1_4' title='bbox 1163 253 1252 292; x_wconf 82' lang='lat'>1560</span> <span class='ocrx_word' id='word_1_5' title='bbox 1620 254 1689 292; x_wconf 78' lang='lat'>659</span> 
     </span>
    </p>
   </div>
   <div class='ocr_carea' id='block_1_2' title="bbox 122 355 1754 2466">
    <p class='ocr_par' dir='ltr' id='par_1_2' title="bbox 122 355 1742 678">
     <span class='ocr_line' id='line_1_2' title="bbox 122 355 1738 406; baseline 0.001 -13"><span class='ocrx_word' id='word_1_6' title='bbox 122 361 234 394; x_wconf 89' lang='lat' dir='ltr'>runt.</span> <span class='ocrx_word' id='word_1_7' title='bbox 260 355 353 394; x_wconf 88' lang='lat' dir='ltr'>Vna</span> <span class='ocrx_word' id='word_1_8' title='bbox 372 356 454 394; x_wconf 85' lang='lat' dir='ltr'>fuit</span> <span class='ocrx_word' id='word_1_9' title='bbox 488 361 670 403; x_wconf 89' lang='lat' dir='ltr'>tanturn,</span> <span class='ocrx_word' id='word_1_10' title='bbox 695 368 805 406; x_wconf 91' lang='lat' dir='ltr'>quae</span> <span class='ocrx_word' id='word_1_11' title='bbox 843 355 1061 393; x_wconf 85' lang='lat' dir='ltr'>obstinata</span> <span class='ocrx_word' id='word_1_12' title='bbox 1090 356 1131 393; x_wconf 90' lang='lat' dir='ltr'>in</span> <span class='ocrx_word' id='word_1_13' title='bbox 1166 357 1391 406; x_wconf 87' lang='lat' dir='ltr'>proposito</span> <span class='ocrx_word' id='word_1_14' title='bbox 1424 357 1738 405; x_wconf 81' lang='lat' dir='ltr'>perseuerauit,</span> 
     </span>
     <span class='ocr_line' id='line_1_3' title="bbox 122 425 1741 477; baseline 0 -13"><span class='ocrx_word' id='word_1_15' title='bbox 122 439 247 476; x_wconf 90' lang='lat' dir='ltr'>quam</span> <span class='ocrx_word' id='word_1_16' title='bbox 271 426 400 464; x_wconf 87' lang='lat' dir='ltr'>etiarn</span> <span class='ocrx_word' id='word_1_17' title='bbox 423 439 522 477; x_wconf 87' lang='lat' dir='ltr'>spes</span> <span class='ocrx_word' id='word_1_18' title='bbox 545 432 611 464; x_wconf 90' lang='lat' dir='ltr'>est</span> <span class='ocrx_word' id='word_1_19' title='bbox 627 426 840 465; x_wconf 87' lang='lat' dir='ltr'>facturam</span> <span class='ocrx_word' id='word_1_20' title='bbox 857 425 974 476; x_wconf 90' lang='lat' dir='ltr'>quod</span> <span class='ocrx_word' id='word_1_21' title='bbox 997 427 1155 463; x_wconf 90' lang='lat' dir='ltr'>sociae.</span> <span class='ocrx_word' id='word_1_22' title='bbox 1179 427 1381 476; x_wconf 80' lang='lat' dir='ltr'>Suscepit</span> <span class='ocrx_word' id='word_1_23' title='bbox 1404 439 1549 463; x_wconf 87' lang='lat' dir='ltr'>earum</span> <span class='ocrx_word' id='word_1_24' title='bbox 1572 428 1741 476; x_wconf 80' lang='lat' dir='ltr'>prouin-</span> 
     </span>
     <span class='ocr_line' id='line_1_4' title="bbox 123 496 1742 549; baseline -0.001 -13"><span class='ocrx_word' id='word_1_25' title='bbox 123 498 233 536; x_wconf 93' lang='lat' dir='ltr'>ciam</span> <span class='ocrx_word' id='word_1_26' title='bbox 254 496 378 536; x_wconf 89' lang='lat' dir='ltr'>diues</span> <span class='ocrx_word' id='word_1_27' title='bbox 399 498 611 549; x_wconf 79' lang='lat' dir='ltr'>quaedam</span> <span class='ocrx_word' id='word_1_28' title='bbox 633 497 838 536; x_wconf 87' lang='lat' dir='ltr'>foemina.</span> <span class='ocrx_word' id='word_1_29' title='bbox 864 498 1063 547; x_wconf 87' lang='lat' dir='ltr'>Denique</span> <span class='ocrx_word' id='word_1_30' title='bbox 1084 503 1204 535; x_wconf 89' lang='lat' dir='ltr'>tanta</span> <span class='ocrx_word' id='word_1_31' title='bbox 1230 497 1346 536; x_wconf 86' lang='lat' dir='ltr'>facta</span> <span class='ocrx_word' id='word_1_32' title='bbox 1378 503 1443 534; x_wconf 84' lang='lat' dir='ltr'>est</span> <span class='ocrx_word' id='word_1_33' title='bbox 1477 498 1612 534; x_wconf 78' lang='lat' dir='ltr'>Patris</span> <span class='ocrx_word' id='word_1_34' title='bbox 1643 510 1742 535; x_wconf 90' lang='lat' dir='ltr'>con—</span> 
     </span>
     <span class='ocr_line' id='line_1_5' title="bbox 123 569 1742 619; baseline 0 -14"><span class='ocrx_word' id='word_1_35' title='bbox 123 569 321 606; x_wconf 87' lang='lat' dir='ltr'>cionibus</span> <span class='ocrx_word' id='word_1_36' title='bbox 342 569 383 606; x_wconf 90' lang='lat' dir='ltr'>in</span> <span class='ocrx_word' id='word_1_37' title='bbox 404 570 625 607; x_wconf 86' lang='lat' dir='ltr'>hominurn</span> <span class='ocrx_word' id='word_1_38' title='bbox 649 569 802 607; x_wconf 90' lang='lat' dir='ltr'>animis</span> <span class='ocrx_word' id='word_1_39' title='bbox 825 569 1127 615; x_wconf 80' lang='lat' dir='ltr'>commutatio,</span> <span class='ocrx_word' id='word_1_40' title='bbox 1152 575 1197 606; x_wconf 90' lang='lat' dir='ltr'>ut</span> <span class='ocrx_word' id='word_1_41' title='bbox 1219 569 1425 606; x_wconf 83' lang='lat' dir='ltr'>latissima</span> <span class='ocrx_word' id='word_1_42' title='bbox 1446 569 1663 619; x_wconf 86' lang='lat' dir='ltr'>patefacta</span> <span class='ocrx_word' id='word_1_43' title='bbox 1690 570 1742 606; x_wconf 89' lang='lat' dir='ltr'>sit</span> 
     </span>
     <span class='ocr_line' id='line_1_6' title="bbox 122 639 864 678; baseline 0.001 -2"><span class='ocrx_word' id='word_1_44' title='bbox 122 639 315 677; x_wconf 80' lang='lat' dir='ltr'>fenestra</span> <span class='ocrx_word' id='word_1_45' title='bbox 335 639 389 678; x_wconf 88' lang='lat' dir='ltr'>ad</span> <span class='ocrx_word' id='word_1_46' title='bbox 410 641 644 678; x_wconf 91' lang='lat' dir='ltr'>multorum</span> <span class='ocrx_word' id='word_1_47' title='bbox 666 640 864 678; x_wconf 91' lang='lat' dir='ltr'>salutem.</span> 
     </span>
    </p>

    <p class='ocr_par' dir='ltr' id='par_1_3' title="bbox 124 710 1749 1674">
     <span class='ocr_line' id='line_1_7' title="bbox 178 710 1743 759; baseline -0.001 -11"><span class='ocrx_word' id='word_1_48' title='bbox 178 721 213 758; x_wconf 81' lang='grc'>5.</span> <span class='ocrx_word' id='word_1_49' title='bbox 273 711 319 748; x_wconf 91' lang='lat' dir='ltr'>In</span> <span class='ocrx_word' id='word_1_50' title='bbox 340 711 544 759; x_wconf 87' lang='lat' dir='ltr'>literarijs</span> <span class='ocrx_word' id='word_1_51' title='bbox 565 710 720 759; x_wconf 89' lang='lat' dir='ltr'>studijs</span> <span class='ocrx_word' id='word_1_52' title='bbox 742 711 928 748; x_wconf 87' lang='lat' dir='ltr'>maxima</span> <span class='ocrx_word' id='word_1_53' title='bbox 947 711 989 748; x_wconf 92' lang='lat' dir='ltr'>in</span> <span class='ocrx_word' id='word_1_54' title='bbox 1012 710 1104 748; x_wconf 88' lang='lat' dir='ltr'>dies</span> <span class='ocrx_word' id='word_1_55' title='bbox 1126 710 1235 747; x_wconf 90' lang='lat' dir='ltr'>fiunt</span> <span class='ocrx_word' id='word_1_56' title='bbox 1263 711 1572 748; x_wconf 88' lang='lat' dir='ltr'>emolumenta.</span> <span class='ocrx_word' id='word_1_57' title='bbox 1611 712 1743 749; x_wconf 81' lang='lat' dir='ltr'>Scho-</span> 
     </span>
     <span class='ocr_line' id='line_1_8' title="bbox 125 780 1745 831; baseline 0.001 -14"><span class='ocrx_word' id='word_1_58' title='bbox 125 781 261 818; x_wconf 88' lang='lat' dir='ltr'>lastici</span> <span class='ocrx_word' id='word_1_59' title='bbox 280 782 393 819; x_wconf 91' lang='lat' dir='ltr'>enim</span> <span class='ocrx_word' id='word_1_60' title='bbox 410 782 547 819; x_wconf 78' lang='lat' dir='ltr'>nostri</span> <span class='ocrx_word' id='word_1_61' title='bbox 566 788 610 820; x_wconf 93' lang='lat' dir='ltr'>et</span> <span class='ocrx_word' id='word_1_62' title='bbox 629 781 876 819; x_wconf 81' lang='lat' dir='ltr'>eruditione</span> <span class='ocrx_word' id='word_1_63' title='bbox 896 788 940 819; x_wconf 91' lang='lat' dir='ltr'>et</span> <span class='ocrx_word' id='word_1_64' title='bbox 962 782 1155 819; x_wconf 90' lang='lat' dir='ltr'>moribus</span> <span class='ocrx_word' id='word_1_65' title='bbox 1173 787 1271 818; x_wconf 81' lang='lat' dir='ltr'>sunt</span> <span class='ocrx_word' id='word_1_66' title='bbox 1293 782 1554 831; x_wconf 68' lang='lat' dir='ltr'>spectabiles</span> <span class='ocrx_word' id='word_1_67' title='bbox 1577 789 1608 818; x_wconf 53' lang='grc' dir='ltr'>ὃ.</span> <span class='ocrx_word' id='word_1_68' title='bbox 1631 780 1745 818; x_wconf 77' lang='lat' dir='ltr'>Missi</span> 
     </span>
     <span class='ocr_line' id='line_1_9' title="bbox 125 851 1745 903; baseline 0.001 -15"><span class='ocrx_word' id='word_1_69' title='bbox 125 857 223 889; x_wconf 87' lang='lat' dir='ltr'>sunt</span> <span class='ocrx_word' id='word_1_70' title='bbox 245 852 422 902; x_wconf 81' lang='lat' dir='ltr'>singulis</span> <span class='ocrx_word' id='word_1_71' title='bbox 445 851 599 890; x_wconf 87' lang='lat' dir='ltr'>diebus</span> <span class='ocrx_word' id='word_1_72' title='bbox 621 852 886 903; x_wconf 82' lang='lat' dir='ltr'>singularum</span> <span class='ocrx_word' id='word_1_73' title='bbox 917 852 1290 890; x_wconf 88' lang='lat' dir='ltr'>hebdomadarum</span> <span class='ocrx_word' id='word_1_74' title='bbox 1326 853 1452 901; x_wconf 86' lang='lat' dir='ltr'>hujus</span> <span class='ocrx_word' id='word_1_75' title='bbox 1483 852 1745 902; x_wconf 79' lang='lat' dir='ltr'>quadrages-</span> 
     </span>
     <span class='ocr_line' id='line_1_10' title="bbox 125 922 1745 973; baseline 0.001 -14"><span class='ocrx_word' id='word_1_76' title='bbox 125 923 258 960; x_wconf 86' lang='lat' dir='ltr'>simae</span> <span class='ocrx_word' id='word_1_77' title='bbox 281 935 378 961; x_wconf 91' lang='lat' dir='ltr'>cum</span> <span class='ocrx_word' id='word_1_78' title='bbox 401 923 724 961; x_wconf 83' lang='lat' dir='ltr'>institutoribus</span> <span class='ocrx_word' id='word_1_79' title='bbox 745 922 798 961; x_wconf 92' lang='lat' dir='ltr'>ad</span> <span class='ocrx_word' id='word_1_80' title='bbox 821 923 1041 973; x_wconf 79' lang='lat' dir='ltr'>quoddam</span> <span class='ocrx_word' id='word_1_81' title='bbox 1064 922 1403 969; x_wconf 83' lang='lat' dir='ltr'>xenodochium,</span> <span class='ocrx_word' id='word_1_82' title='bbox 1439 929 1483 961; x_wconf 78' lang='lat' dir='ltr'>vt</span> <span class='ocrx_word' id='word_1_83' title='bbox 1514 929 1745 973; x_wconf 82' lang='lat' dir='ltr'>aegrotan-</span> 
     </span>
     <span class='ocr_line' id='line_1_11' title="bbox 125 994 1746 1044; baseline 0 -12"><span class='ocrx_word' id='word_1_84' title='bbox 125 995 240 1032; x_wconf 82' lang='lat' dir='ltr'>tibus</span> <span class='ocrx_word' id='word_1_85' title='bbox 262 994 575 1041; x_wconf 72' lang='lat' dir='ltr'>ministrarent,</span> <span class='ocrx_word' id='word_1_86' title='bbox 599 995 671 1032; x_wconf 88' lang='lat' dir='ltr'>vbi</span> <span class='ocrx_word' id='word_1_87' title='bbox 694 1007 877 1032; x_wconf 88' lang='lat' dir='ltr'>cernere</span> <span class='ocrx_word' id='word_1_88' title='bbox 901 1000 1008 1041; x_wconf 68' lang='lat' dir='ltr'>erat,</span> <span class='ocrx_word' id='word_1_89' title='bbox 1042 1008 1126 1044; x_wconf 83' lang='lat' dir='ltr'>quo</span> <span class='ocrx_word' id='word_1_90' title='bbox 1152 994 1296 1032; x_wconf 87' lang='lat' dir='ltr'>studio</span> <span class='ocrx_word' id='word_1_91' title='bbox 1320 995 1360 1032; x_wconf 84' lang='lat' dir='ltr'>hi</span> <span class='ocrx_word' id='word_1_92' title='bbox 1393 995 1556 1041; x_wconf 82' lang='lat' dir='ltr'>trullas,</span> <span class='ocrx_word' id='word_1_93' title='bbox 1581 995 1640 1032; x_wconf 88' lang='lat' dir='ltr'>illi</span> <span class='ocrx_word' id='word_1_94' title='bbox 1662 1007 1746 1032; x_wconf 91' lang='lat' dir='ltr'>ma-</span> 
     </span>
     <span class='ocr_line' id='line_1_12' title="bbox 125 1065 1746 1116; baseline 0.001 -14"><span class='ocrx_word' id='word_1_95' title='bbox 125 1066 250 1103; x_wconf 82' lang='lat' dir='ltr'>tellas</span> <span class='ocrx_word' id='word_1_96' title='bbox 286 1065 561 1111; x_wconf 88' lang='lat' dir='ltr'>mundarent,</span> <span class='ocrx_word' id='word_1_97' title='bbox 599 1065 772 1116; x_wconf 89' lang='lat' dir='ltr'>quidam</span> <span class='ocrx_word' id='word_1_98' title='bbox 808 1065 945 1116; x_wconf 85' lang='lat' dir='ltr'>pedes</span> <span class='ocrx_word' id='word_1_99' title='bbox 967 1066 1144 1103; x_wconf 88' lang='lat' dir='ltr'>infirmis</span> <span class='ocrx_word' id='word_1_100' title='bbox 1162 1066 1406 1112; x_wconf 75' lang='lat' dir='ltr'>abluerent,</span> <span class='ocrx_word' id='word_1_101' title='bbox 1430 1071 1560 1116; x_wconf 89' lang='lat' dir='ltr'>atque</span> <span class='ocrx_word' id='word_1_102' title='bbox 1578 1078 1746 1116; x_wconf 82' lang='lat' dir='ltr'>ungues</span> 
     </span>
     <span class='ocr_line' id='line_1_13' title="bbox 124 1136 1748 1187; baseline -0.001 -13"><span class='ocrx_word' id='word_1_103' title='bbox 124 1136 450 1183; x_wconf 82' lang='lat' dir='ltr'>abscinderent,</span> <span class='ocrx_word' id='word_1_104' title='bbox 475 1137 546 1185; x_wconf 90' lang='lat' dir='ltr'>alij</span> <span class='ocrx_word' id='word_1_105' title='bbox 566 1136 929 1174; x_wconf 87' lang='lat' dir='ltr'>valetudinarium</span> <span class='ocrx_word' id='word_1_106' title='bbox 947 1141 1178 1175; x_wconf 83' lang='lat' dir='ltr'>verrerent</span> <span class='ocrx_word' id='word_1_107' title='bbox 1195 1141 1324 1187; x_wconf 84' lang='lat' dir='ltr'>atque</span> <span class='ocrx_word' id='word_1_108' title='bbox 1348 1136 1443 1185; x_wconf 88' lang='lat' dir='ltr'>alijs</span> <span class='ocrx_word' id='word_1_109' title='bbox 1465 1136 1534 1184; x_wconf 90' lang='lat' dir='ltr'>alij</span> <span class='ocrx_word' id='word_1_110' title='bbox 1558 1136 1748 1174; x_wconf 89' lang='lat' dir='ltr'>ministe-</span> 
     </span>
     <span class='ocr_line' id='line_1_14' title="bbox 124 1206 1746 1259; baseline -0.001 -13"><span class='ocrx_word' id='word_1_111' title='bbox 124 1209 186 1246; x_wconf 89' lang='lat' dir='ltr'>ria</span> <span class='ocrx_word' id='word_1_112' title='bbox 205 1208 526 1259; x_wconf 86' lang='lat' dir='ltr'>praeciperent,</span> <span class='ocrx_word' id='word_1_113' title='bbox 552 1213 598 1245; x_wconf 86' lang='lat' dir='ltr'>vt</span> <span class='ocrx_word' id='word_1_114' title='bbox 621 1212 664 1245; x_wconf 93' lang='lat' dir='ltr'>et</span> <span class='ocrx_word' id='word_1_115' title='bbox 686 1208 811 1245; x_wconf 90' lang='lat' dir='ltr'>nobis</span> <span class='ocrx_word' id='word_1_116' title='bbox 834 1214 979 1245; x_wconf 88' lang='lat' dir='ltr'>tantus</span> <span class='ocrx_word' id='word_1_117' title='bbox 1002 1221 1153 1246; x_wconf 92' lang='lat' dir='ltr'>eorum</span> <span class='ocrx_word' id='word_1_118' title='bbox 1176 1206 1305 1245; x_wconf 88' lang='lat' dir='ltr'>ardor</span> <span class='ocrx_word' id='word_1_119' title='bbox 1337 1212 1559 1257; x_wconf 79' lang='lat' dir='ltr'>stuporem</span> <span class='ocrx_word' id='word_1_120' title='bbox 1582 1208 1746 1245; x_wconf 91' lang='lat' dir='ltr'>incute-</span> 
     </span>
     <span class='ocr_line' id='line_1_15' title="bbox 126 1278 1747 1329; baseline -0.001 -13"><span class='ocrx_word' id='word_1_121' title='bbox 126 1285 206 1317; x_wconf 87' lang='lat' dir='ltr'>ret.</span> <span class='ocrx_word' id='word_1_122' title='bbox 231 1279 295 1316; x_wconf 87' lang='lat' dir='ltr'>Ita</span> <span class='ocrx_word' id='word_1_123' title='bbox 316 1278 504 1329; x_wconf 90' lang='lat' dir='ltr'>denique</span> <span class='ocrx_word' id='word_1_124' title='bbox 527 1291 573 1316; x_wconf 90' lang='lat' dir='ltr'>se</span> <span class='ocrx_word' id='word_1_125' title='bbox 591 1283 750 1329; x_wconf 83' lang='lat' dir='ltr'>gerunt</span> <span class='ocrx_word' id='word_1_126' title='bbox 767 1279 808 1316; x_wconf 91' lang='lat' dir='ltr'>in</span> <span class='ocrx_word' id='word_1_127' title='bbox 827 1279 1041 1325; x_wconf 87' lang='lat' dir='ltr'>omnibus,</span> <span class='ocrx_word' id='word_1_128' title='bbox 1062 1283 1108 1315; x_wconf 91' lang='lat' dir='ltr'>ut</span> <span class='ocrx_word' id='word_1_129' title='bbox 1126 1284 1170 1316; x_wconf 92' lang='lat' dir='ltr'>et</span> <span class='ocrx_word' id='word_1_130' title='bbox 1188 1278 1354 1317; x_wconf 89' lang='lat' dir='ltr'>cunctis</span> <span class='ocrx_word' id='word_1_131' title='bbox 1371 1278 1646 1316; x_wconf 87' lang='lat' dir='ltr'>admirationi</span> <span class='ocrx_word' id='word_1_132' title='bbox 1667 1278 1686 1302; x_wconf 76' lang='lat' dir='ltr'>b</span> <span class='ocrx_word' id='word_1_133' title='bbox 1704 1282 1747 1315; x_wconf 88' lang='lat' dir='ltr'>et</span> 
     </span>
     <span class='ocr_line' id='line_1_16' title="bbox 127 1349 1748 1400; baseline -0.001 -13"><span class='ocrx_word' id='word_1_134' title='bbox 127 1350 329 1400; x_wconf 82' lang='lat' dir='ltr'>exemplo</span> <span class='ocrx_word' id='word_1_135' title='bbox 351 1349 525 1388; x_wconf 89' lang='lat' dir='ltr'>virtutis</span> <span class='ocrx_word' id='word_1_136' title='bbox 548 1350 645 1387; x_wconf 89' lang='lat' dir='ltr'>sint.</span> <span class='ocrx_word' id='word_1_137' title='bbox 670 1349 830 1387; x_wconf 88' lang='lat' dir='ltr'>Sancta</span> <span class='ocrx_word' id='word_1_138' title='bbox 852 1350 1052 1387; x_wconf 86' lang='lat' dir='ltr'>doctrina</span> <span class='ocrx_word' id='word_1_139' title='bbox 1073 1349 1332 1387; x_wconf 87' lang='lat' dir='ltr'>decantatur</span> <span class='ocrx_word' id='word_1_140' title='bbox 1353 1361 1430 1399; x_wconf 89' lang='lat' dir='ltr'>per</span> <span class='ocrx_word' id='word_1_141' title='bbox 1452 1350 1575 1386; x_wconf 89' lang='lat' dir='ltr'>uicos</span> <span class='ocrx_word' id='word_1_142' title='bbox 1598 1355 1641 1387; x_wconf 88' lang='lat' dir='ltr'>et</span> <span class='ocrx_word' id='word_1_143' title='bbox 1662 1350 1748 1399; x_wconf 88' lang='lat' dir='ltr'>pla—</span> 
     </span>
     <span class='ocr_line' id='line_1_17' title="bbox 126 1420 1747 1472; baseline -0.001 -13"><span class='ocrx_word' id='word_1_144' title='bbox 126 1428 235 1468; x_wconf 89' lang='lat' dir='ltr'>teas,</span> <span class='ocrx_word' id='word_1_145' title='bbox 258 1421 627 1472; x_wconf 90' lang='lat' dir='ltr'>quemadmodum</span> <span class='ocrx_word' id='word_1_146' title='bbox 650 1421 703 1459; x_wconf 90' lang='lat' dir='ltr'>ad</span> <span class='ocrx_word' id='word_1_147' title='bbox 727 1421 775 1459; x_wconf 88' lang='lat' dir='ltr'>T.</span> <span class='ocrx_word' id='word_1_148' title='bbox 802 1422 847 1459; x_wconf 83' lang='lat' dir='ltr'>P.</span> <span class='ocrx_word' id='word_1_149' title='bbox 873 1421 1088 1471; x_wconf 87' lang='lat' dir='ltr'>superiori</span> <span class='ocrx_word' id='word_1_150' title='bbox 1111 1421 1298 1472; x_wconf 86' lang='lat' dir='ltr'>epistola</span> <span class='ocrx_word' id='word_1_151' title='bbox 1319 1420 1469 1471; x_wconf 87' lang='lat' dir='ltr'>scripsi</span> <span class='ocrx_word' id='word_1_152' title='bbox 1494 1420 1517 1458; x_wconf 92' lang='lat'>¹.</span> <span class='ocrx_word' id='word_1_153' title='bbox 1544 1421 1672 1458; x_wconf 84' lang='lat' dir='ltr'>Pueri</span> <span class='ocrx_word' id='word_1_154' title='bbox 1695 1420 1747 1458; x_wconf 91' lang='lat' dir='ltr'>ad</span> 
     </span>
     <span class='ocr_line' id='line_1_18' title="bbox 126 1491 1749 1543; baseline -0.001 -12"><span class='ocrx_word' id='word_1_155' title='bbox 126 1493 412 1532; x_wconf 89' lang='lat' dir='ltr'>imitationem</span> <span class='ocrx_word' id='word_1_156' title='bbox 447 1493 585 1531; x_wconf 89' lang='lat' dir='ltr'>nostri</span> <span class='ocrx_word' id='word_1_157' title='bbox 620 1493 836 1543; x_wconf 76' lang='lat' dir='ltr'>gregatim</span> <span class='ocrx_word' id='word_1_158' title='bbox 868 1491 1129 1531; x_wconf 86' lang='lat' dir='ltr'>incedentes</span> <span class='ocrx_word' id='word_1_159' title='bbox 1168 1498 1317 1539; x_wconf 90' lang='lat' dir='ltr'>noctu,</span> <span class='ocrx_word' id='word_1_160' title='bbox 1356 1492 1439 1530; x_wconf 87' lang='lat' dir='ltr'>alio</span> <span class='ocrx_word' id='word_1_161' title='bbox 1470 1492 1749 1542; x_wconf 86' lang='lat' dir='ltr'>praeferente</span> 
     </span>
     <span class='ocr_line' id='line_1_19' title="bbox 125 1564 1748 1614; baseline -0.001 -12"><span class='ocrx_word' id='word_1_162' title='bbox 125 1564 384 1602; x_wconf 91' lang='lat' dir='ltr'>tintinabulo</span> <span class='ocrx_word' id='word_1_163' title='bbox 410 1564 519 1613; x_wconf 80' lang='lat' dir='ltr'>[sic],</span> <span class='ocrx_word' id='word_1_164' title='bbox 544 1565 628 1602; x_wconf 89' lang='lat' dir='ltr'>alio</span> <span class='ocrx_word' id='word_1_165' title='bbox 651 1570 892 1614; x_wconf 88' lang='lat' dir='ltr'>praeeunte</span> <span class='ocrx_word' id='word_1_166' title='bbox 912 1565 1061 1611; x_wconf 89' lang='lat' dir='ltr'>verba,</span> <span class='ocrx_word' id='word_1_167' title='bbox 1087 1570 1182 1602; x_wconf 90' lang='lat' dir='ltr'>tota</span> <span class='ocrx_word' id='word_1_168' title='bbox 1199 1565 1305 1602; x_wconf 86' lang='lat' dir='ltr'>vrbe</span> <span class='ocrx_word' id='word_1_169' title='bbox 1327 1570 1575 1614; x_wconf 84' lang='lat' dir='ltr'>personant.</span> <span class='ocrx_word' id='word_1_170' title='bbox 1599 1564 1748 1614; x_wconf 88' lang='lat' dir='ltr'>Itaque</span> 
     </span>
     <span class='ocr_line' id='line_1_20' title="bbox 128 1635 1022 1674; baseline 0.001 -1"><span class='ocrx_word' id='word_1_171' title='bbox 128 1635 209 1674; x_wconf 84' lang='lat' dir='ltr'>iam</span> <span class='ocrx_word' id='word_1_172' title='bbox 231 1636 346 1674; x_wconf 81' lang='lat' dir='ltr'>nulla</span> <span class='ocrx_word' id='word_1_173' title='bbox 367 1636 461 1674; x_wconf 86' lang='lat' dir='ltr'>fere</span> <span class='ocrx_word' id='word_1_174' title='bbox 483 1636 565 1674; x_wconf 90' lang='lat' dir='ltr'>alia</span> <span class='ocrx_word' id='word_1_175' title='bbox 587 1637 754 1674; x_wconf 85' lang='lat' dir='ltr'>cantica</span> <span class='ocrx_word' id='word_1_176' title='bbox 776 1636 1022 1674; x_wconf 90' lang='lat' dir='ltr'>audiuntur.</span> 
     </span>
    </p>

    <p class='ocr_par' dir='ltr' id='par_1_4' title="bbox 127 1706 1752 1972">
     <span class='ocr_line' id='line_1_21' title="bbox 180 1706 1750 1758; baseline -0.001 -13"><span class='ocrx_word' id='word_1_177' title='bbox 180 1708 216 1745; x_wconf 79' lang='lat'>6.</span> <span class='ocrx_word' id='word_1_178' title='bbox 278 1707 519 1758; x_wconf 88' lang='lat' dir='ltr'>Episcopus</span> <span class='ocrx_word' id='word_1_179' title='bbox 541 1713 568 1755; x_wconf 69' lang='lat'>2,</span> <span class='ocrx_word' id='word_1_180' title='bbox 593 1708 665 1758; x_wconf 86' lang='lat' dir='ltr'>qui</span> <span class='ocrx_word' id='word_1_181' title='bbox 695 1709 830 1746; x_wconf 87' lang='lat' dir='ltr'>nostri</span> <span class='ocrx_word' id='word_1_182' title='bbox 865 1707 991 1745; x_wconf 85' lang='lat' dir='ltr'>valde</span> <span class='ocrx_word' id='word_1_183' title='bbox 1025 1706 1248 1745; x_wconf 88' lang='lat' dir='ltr'>studiosus</span> <span class='ocrx_word' id='word_1_184' title='bbox 1280 1713 1362 1753; x_wconf 78' lang='lat' dir='ltr'>est,</span> <span class='ocrx_word' id='word_1_185' title='bbox 1387 1720 1482 1744; x_wconf 89' lang='lat' dir='ltr'>cum</span> <span class='ocrx_word' id='word_1_186' title='bbox 1511 1707 1750 1755; x_wconf 88' lang='lat' dir='ltr'>jactaretur</span> 
     </span>
     <span class='ocr_line' id='line_1_22' title="bbox 127 1776 1752 1829; baseline -0.001 -14"><span class='ocrx_word' id='word_1_187' title='bbox 127 1778 446 1816; x_wconf 87' lang='lat' dir='ltr'>infirmitatibus</span> <span class='ocrx_word' id='word_1_188' title='bbox 467 1778 724 1829; x_wconf 86' lang='lat' dir='ltr'>quibusdam</span> <span class='ocrx_word' id='word_1_189' title='bbox 755 1779 837 1816; x_wconf 88' lang='lat' dir='ltr'>iam</span> <span class='ocrx_word' id='word_1_190' title='bbox 869 1779 1142 1825; x_wconf 72' lang='lat' dir='ltr'>inueteratis,</span> <span class='ocrx_word' id='word_1_191' title='bbox 1177 1776 1308 1815; x_wconf 88' lang='lat' dir='ltr'>cessit</span> <span class='ocrx_word' id='word_1_192' title='bbox 1341 1778 1447 1814; x_wconf 89' lang='lat' dir='ltr'>urbe</span> <span class='ocrx_word' id='word_1_193' title='bbox 1471 1776 1752 1814; x_wconf 88' lang='lat' dir='ltr'>confirmandi</span> 
     </span>
     <span class='ocr_line' id='line_1_23' title="bbox 129 1831 1751 1899; baseline -0.001 -13"><span class='ocrx_word' id='word_1_194' title='bbox 129 1861 175 1886; x_wconf 83' lang='lat' dir='ltr'>se</span> <span class='ocrx_word' id='word_1_195' title='bbox 197 1862 340 1887; x_wconf 88' lang='lat' dir='ltr'>causa.</span> <span class='ocrx_word' id='word_1_196' title='bbox 365 1849 453 1887; x_wconf 89' lang='lat' dir='ltr'>Sed</span> <span class='ocrx_word' id='word_1_197' title='bbox 476 1862 603 1888; x_wconf 86' lang='lat' dir='ltr'>secus</span> <span class='ocrx_word' id='word_1_198' title='bbox 627 1850 775 1888; x_wconf 88' lang='lat' dir='ltr'>euenit</span> <span class='ocrx_word' id='word_1_199' title='bbox 796 1863 923 1899; x_wconf 78' lang='lat' dir='ltr'>quani</span> <span class='ocrx_word' id='word_1_200' title='bbox 942 1850 1174 1899; x_wconf 65' lang='lat' dir='ltr'>cogitarat,</span> <span class='ocrx_word' id='word_1_201' title='bbox 1193 1849 1302 1886; x_wconf 83' lang='lat' dir='ltr'>febri</span> <span class='ocrx_word' id='word_1_202' title='bbox 1321 1861 1505 1899; x_wconf 87' lang='lat' dir='ltr'>namque</span> <span class='ocrx_word' id='word_1_203' title='bbox 1525 1831 1751 1898; x_wconf 66' lang='lat' dir='ltr'>correptus</span> 
     </span>
     <span class='ocr_line' id='line_1_24' title="bbox 131 1920 1644 1972; baseline -0.001 -14"><span class='ocrx_word' id='word_1_204' title='bbox 131 1926 212 1965; x_wconf 77' lang='lat' dir='ltr'>est,</span> <span class='ocrx_word' id='word_1_205' title='bbox 237 1934 348 1971; x_wconf 88' lang='lat' dir='ltr'>quae</span> <span class='ocrx_word' id='word_1_206' title='bbox 370 1921 423 1958; x_wconf 90' lang='lat' dir='ltr'>ad</span> <span class='ocrx_word' id='word_1_207' title='bbox 446 1921 636 1972; x_wconf 76' lang='lat' dir='ltr'>reliquos</span> <span class='ocrx_word' id='word_1_208' title='bbox 658 1922 836 1959; x_wconf 84' lang='lat' dir='ltr'>morbos</span> <span class='ocrx_word' id='word_1_209' title='bbox 859 1921 1003 1958; x_wconf 89' lang='lat' dir='ltr'>addita</span> <span class='ocrx_word' id='word_1_210' title='bbox 1025 1920 1197 1958; x_wconf 85' lang='lat' dir='ltr'>dubiam</span> <span class='ocrx_word' id='word_1_211' title='bbox 1223 1921 1317 1970; x_wconf 83' lang='lat' dir='ltr'>ejus</span> <span class='ocrx_word' id='word_1_212' title='bbox 1338 1921 1471 1959; x_wconf 87' lang='lat' dir='ltr'>vitam</span> <span class='ocrx_word' id='word_1_213' title='bbox 1493 1921 1596 1958; x_wconf 72' lang='lat' dir='ltr'>tacit</span> <span class='ocrx_word' id='word_1_214' title='bbox 1617 1921 1644 1957; x_wconf 73' lang='lat'>³.</span> 
     </span>
    </p>

    <p class='ocr_par' dir='ltr' id='par_1_5' title="bbox 130 1991 1754 2255">
     <span class='ocr_line' id='line_1_25' title="bbox 186 1991 1752 2041; baseline -0.002 -11"><span class='ocrx_word' id='word_1_215' title='bbox 186 2003 222 2040; x_wconf 90' lang='lat'>7.</span> <span class='ocrx_word' id='word_1_216' title='bbox 284 1992 516 2030; x_wconf 87' lang='lat' dir='ltr'>Meditatur</span> <span class='ocrx_word' id='word_1_217' title='bbox 540 1991 749 2030; x_wconf 82' lang='lat' dir='ltr'>exercitia</span> <span class='ocrx_word' id='word_1_218' title='bbox 779 1998 956 2029; x_wconf 82' lang='lat' dir='ltr'>nostrae</span> <span class='ocrx_word' id='word_1_219' title='bbox 989 1992 1225 2029; x_wconf 59' lang='lat' dir='ltr'>Societatis</span> <span class='ocrx_word' id='word_1_220' title='bbox 1257 1992 1320 2029; x_wconf 84' lang='lat' dir='ltr'>vir</span> <span class='ocrx_word' id='word_1_221' title='bbox 1351 1991 1523 2041; x_wconf 82' lang='lat' dir='ltr'>quidam</span> <span class='ocrx_word' id='word_1_222' title='bbox 1553 1991 1634 2028; x_wconf 89' lang='lat' dir='ltr'>iam</span> <span class='ocrx_word' id='word_1_223' title='bbox 1656 2003 1752 2040; x_wconf 89' lang='lat' dir='ltr'>pro-</span> 
     </span>
     <span class='ocr_line' id='line_1_26' title="bbox 131 2061 1752 2112; baseline -0.001 -12"><span class='ocrx_word' id='word_1_224' title='bbox 131 2068 286 2101; x_wconf 92' lang='lat' dir='ltr'>uectae</span> <span class='ocrx_word' id='word_1_225' title='bbox 307 2063 463 2100; x_wconf 87' lang='lat' dir='ltr'>aetatis</span> <span class='ocrx_word' id='word_1_226' title='bbox 485 2064 612 2112; x_wconf 88' lang='lat' dir='ltr'>hujus</span> <span class='ocrx_word' id='word_1_227' title='bbox 631 2063 748 2100; x_wconf 89' lang='lat' dir='ltr'>urbis</span> <span class='ocrx_word' id='word_1_228' title='bbox 769 2063 966 2101; x_wconf 87' lang='lat' dir='ltr'>decurio.</span> <span class='ocrx_word' id='word_1_229' title='bbox 986 2062 1034 2100; x_wconf 89' lang='lat' dir='ltr'>Id</span> <span class='ocrx_word' id='word_1_230' title='bbox 1052 2063 1189 2112; x_wconf 82' lang='lat' dir='ltr'>ipsum</span> <span class='ocrx_word' id='word_1_231' title='bbox 1206 2062 1362 2100; x_wconf 83' lang='lat' dir='ltr'>facturi</span> <span class='ocrx_word' id='word_1_232' title='bbox 1380 2061 1616 2100; x_wconf 89' lang='lat' dir='ltr'>creduntur</span> <span class='ocrx_word' id='word_1_233' title='bbox 1638 2073 1752 2098; x_wconf 90' lang='lat' dir='ltr'>com-</span> 
     </span>
     <span class='ocr_line' id='line_1_27' title="bbox 130 2133 1754 2184; baseline -0.002 -13"><span class='ocrx_word' id='word_1_234' title='bbox 130 2135 274 2184; x_wconf 91' lang='lat' dir='ltr'>plures</span> <span class='ocrx_word' id='word_1_235' title='bbox 309 2134 396 2183; x_wconf 85' lang='lat' dir='ltr'>alij,</span> <span class='ocrx_word' id='word_1_236' title='bbox 434 2141 524 2171; x_wconf 91' lang='lat' dir='ltr'>turn</span> <span class='ocrx_word' id='word_1_237' title='bbox 561 2134 864 2180; x_wconf 86' lang='lat' dir='ltr'>ecclesiastici,</span> <span class='ocrx_word' id='word_1_238' title='bbox 902 2140 992 2171; x_wconf 85' lang='lat' dir='ltr'>turn</span> <span class='ocrx_word' id='word_1_239' title='bbox 1028 2134 1140 2183; x_wconf 74' lang='lat' dir='ltr'>layci</span> <span class='ocrx_word' id='word_1_240' title='bbox 1176 2133 1271 2171; x_wconf 85' lang='lat' dir='ltr'>viri.</span> <span class='ocrx_word' id='word_1_241' title='bbox 1317 2133 1515 2172; x_wconf 84' lang='lat' dir='ltr'>Christus</span> <span class='ocrx_word' id='word_1_242' title='bbox 1555 2138 1754 2169; x_wconf 80' lang='lat' dir='ltr'>seruator</span> 
     </span>
     <span class='ocr_line' id='line_1_28' title="bbox 130 2204 754 2255; baseline 0 -13"><span class='ocrx_word' id='word_1_243' title='bbox 130 2208 281 2242; x_wconf 82' lang='lat' dir='ltr'>noster</span> <span class='ocrx_word' id='word_1_244' title='bbox 301 2205 367 2242; x_wconf 85' lang='lat' dir='ltr'>his</span> <span class='ocrx_word' id='word_1_245' title='bbox 389 2204 558 2255; x_wconf 88' lang='lat' dir='ltr'>coeptis</span> <span class='ocrx_word' id='word_1_246' title='bbox 579 2206 754 2255; x_wconf 88' lang='lat' dir='ltr'>aspiret.</span> 
     </span>
    </p>

    <p class='ocr_par' dir='ltr' id='par_1_6' title="bbox 134 2274 1754 2466">
     <span class='ocr_line' id='line_1_29' title="bbox 178 2274 1752 2327; baseline -0.002 -13"><span class='ocrx_word' id='word_1_247' title='bbox 178 2277 215 2315; x_wconf 87' lang='grc'>8.</span> <span class='ocrx_word' id='word_1_248' title='bbox 275 2277 358 2315; x_wconf 86' lang='lat' dir='ltr'>Hic</span> <span class='ocrx_word' id='word_1_249' title='bbox 381 2282 446 2314; x_wconf 89' lang='lat' dir='ltr'>est</span> <span class='ocrx_word' id='word_1_250' title='bbox 467 2276 594 2325; x_wconf 88' lang='lat' dir='ltr'>hujus</span> <span class='ocrx_word' id='word_1_251' title='bbox 618 2277 791 2327; x_wconf 81' lang='lat' dir='ltr'>collegij</span> <span class='ocrx_word' id='word_1_252' title='bbox 817 2282 968 2314; x_wconf 80' lang='lat' dir='ltr'>status.</span> <span class='ocrx_word' id='word_1_253' title='bbox 994 2278 1039 2314; x_wconf 89' lang='lat' dir='ltr'>In</span> <span class='ocrx_word' id='word_1_254' title='bbox 1062 2277 1241 2314; x_wconf 89' lang='lat' dir='ltr'>ciuitate</span> <span class='ocrx_word' id='word_1_255' title='bbox 1264 2288 1394 2314; x_wconf 90' lang='lat' dir='ltr'>nemo</span> <span class='ocrx_word' id='word_1_256' title='bbox 1419 2281 1500 2321; x_wconf 88' lang='lat' dir='ltr'>est,</span> <span class='ocrx_word' id='word_1_257' title='bbox 1534 2275 1605 2325; x_wconf 88' lang='lat' dir='ltr'>qui</span> <span class='ocrx_word' id='word_1_258' title='bbox 1626 2274 1752 2312; x_wconf 81' lang='lat' dir='ltr'>nobis</span> 
     </span>
     <span class='ocr_line' id='line_1_30' title="bbox 134 2345 1754 2398; baseline -0.002 -13"><span class='ocrx_word' id='word_1_259' title='bbox 134 2349 272 2398; x_wconf 88' lang='lat' dir='ltr'>palam</span> <span class='ocrx_word' id='word_1_260' title='bbox 296 2349 512 2386; x_wconf 88' lang='lat' dir='ltr'>oblatrare</span> <span class='ocrx_word' id='word_1_261' title='bbox 535 2348 661 2385; x_wconf 88' lang='lat' dir='ltr'>ausit.</span> <span class='ocrx_word' id='word_1_262' title='bbox 687 2347 888 2385; x_wconf 87' lang='lat' dir='ltr'>Omnium</span> <span class='ocrx_word' id='word_1_263' title='bbox 917 2347 1129 2394; x_wconf 86' lang='lat' dir='ltr'>ordinum,</span> <span class='ocrx_word' id='word_1_264' title='bbox 1165 2347 1303 2385; x_wconf 88' lang='lat' dir='ltr'>omnis</span> <span class='ocrx_word' id='word_1_265' title='bbox 1336 2345 1598 2385; x_wconf 84' lang='lat' dir='ltr'>conditionis</span> <span class='ocrx_word' id='word_1_266' title='bbox 1620 2345 1754 2383; x_wconf 89' lang='lat' dir='ltr'>homi-</span> 
     </span>
     <span class='ocr_line' id='line_1_31' title="bbox 134 2418 1753 2466; baseline -0.002 -10"><span class='ocrx_word' id='word_1_267' title='bbox 134 2432 212 2456; x_wconf 78' lang='lat' dir='ltr'>nes</span> <span class='ocrx_word' id='word_1_268' title='bbox 233 2420 393 2457; x_wconf 89' lang='lat' dir='ltr'>nostris</span> <span class='ocrx_word' id='word_1_269' title='bbox 415 2420 546 2457; x_wconf 90' lang='lat' dir='ltr'>rebus</span> <span class='ocrx_word' id='word_1_270' title='bbox 566 2419 730 2457; x_wconf 84' lang='lat' dir='ltr'>fauent.</span> <span class='ocrx_word' id='word_1_271' title='bbox 755 2419 967 2457; x_wconf 89' lang='lat' dir='ltr'>Omnibus</span> <span class='ocrx_word' id='word_1_272' title='bbox 990 2433 1136 2457; x_wconf 85' lang='lat' dir='ltr'>sumus</span> <span class='ocrx_word' id='word_1_273' title='bbox 1158 2419 1200 2457; x_wconf 92' lang='lat' dir='ltr'>in</span> <span class='ocrx_word' id='word_1_274' title='bbox 1233 2420 1370 2457; x_wconf 91' lang='lat' dir='ltr'>oculis</span> <span class='ocrx_word' id='word_1_275' title='bbox 1391 2418 1493 2456; x_wconf 77' lang='lat' dir='ltr'>tacti</span> <span class='ocrx_word' id='word_1_276' title='bbox 1529 2422 1753 2466; x_wconf 87' lang='lat' dir='ltr'>spectacu-</span> 
     </span>
    </p>
   </div>
   <div class='ocr_carea' id='block_1_3' title="bbox 127 2586 1391 2634">
    <p class='ocr_par' dir='ltr' id='par_1_7' title="bbox 127 2586 1391 2634">
     <span class='ocr_line' id='line_1_32' title="bbox 127 2586 1391 2634; baseline -0.002 -9"><span class='ocrx_word' id='word_1_277' title='bbox 127 2586 129 2588; x_wconf 62' lang='grc'><strong>’</strong></span> <span class='ocrx_word' id='word_1_278' title='bbox 179 2588 198 2608; x_wconf 68' lang='lat' dir='ltr'><strong>a</strong></span> <span class='ocrx_word' id='word_1_279' title='bbox 250 2588 433 2625; x_wconf 81' lang='lat' dir='ltr'>Emend.</span> <span class='ocrx_word' id='word_1_280' title='bbox 455 2599 505 2625; x_wconf 84' lang='lat' dir='ltr'>ex</span> <span class='ocrx_word' id='word_1_281' title='bbox 525 2587 811 2634; x_wconf 81' lang='lat' dir='ltr'>expectabiles.</span> <span class='ocrx_word' id='word_1_282' title='bbox 865 2588 929 2612; x_wconf 78' lang='lat' dir='ltr'>—b</span> <span class='ocrx_word' id='word_1_283' title='bbox 951 2586 1086 2623; x_wconf 69' lang='lat' dir='ltr'>Prius</span> <span class='ocrx_word' id='word_1_284' title='bbox 1112 2587 1391 2624; x_wconf 83' lang='lat' dir='ltr'>admiratione.</span> 
     </span>
    </p>
   </div>
   <div class='ocr_carea' id='block_1_4' title="bbox 135 2753 1755 2979">
    <p class='ocr_par' dir='ltr' id='par_1_8' title="bbox 183 2753 509 2800">
     <span class='ocr_line' id='line_1_33' title="bbox 183 2753 509 2800; baseline 0 -10"><span class='ocrx_word' id='word_1_285' title='bbox 183 2756 190 2775; x_wconf 81' lang='lat'>¹</span> <span class='ocrx_word' id='word_1_286' title='bbox 247 2754 352 2791; x_wconf 90' lang='lat' dir='ltr'>Vide</span> <span class='ocrx_word' id='word_1_287' title='bbox 370 2767 407 2800; x_wconf 93' lang='lat' dir='ltr'>p.</span> <span class='ocrx_word' id='word_1_288' title='bbox 427 2753 509 2791; x_wconf 82' lang='lat'>513.</span> 
     </span>
    </p>

    <p class='ocr_par' dir='ltr' id='par_1_9' title="bbox 181 2811 1015 2855">
     <span class='ocr_line' id='line_1_34' title="bbox 181 2811 1015 2855; baseline -0.004 -5"><span class='ocrx_word' id='word_1_289' title='bbox 181 2816 194 2833; x_wconf 77' lang='lat'>‘²</span> <span class='ocrx_word' id='word_1_290' title='bbox 244 2813 485 2851; x_wconf 86' lang='lat' dir='ltr'>Franciscus</span> <span class='ocrx_word' id='word_1_291' title='bbox 504 2812 746 2855; x_wconf 80' lang='lat' dir='ltr'>Benavides.</span> <span class='ocrx_word' id='word_1_292' title='bbox 769 2811 817 2850; x_wconf 92' lang='lat' dir='ltr'>O.</span> <span class='ocrx_word' id='word_1_293' title='bbox 839 2811 880 2849; x_wconf 85' lang='lat' dir='ltr'>S.</span> <span class='ocrx_word' id='word_1_294' title='bbox 902 2811 1015 2848; x_wconf 89' lang='lat' dir='ltr'>Hier.</span> 
     </span>
    </p>

    <p class='ocr_par' dir='ltr' id='par_1_10' title="bbox 135 2870 1755 2979">
     <span class='ocr_line' id='line_1_35' title="bbox 181 2870 1752 2920; baseline -0.003 -11"><span class='ocrx_word' id='word_1_295' title='bbox 181 2874 194 2892; x_wconf 78' lang='lat'><strong>³</strong></span> <span class='ocrx_word' id='word_1_296' title='bbox 244 2872 465 2920; x_wconf 85' lang='lat' dir='ltr'>Episcopus</span> <span class='ocrx_word' id='word_1_297' title='bbox 499 2872 655 2909; x_wconf 84' lang='lat' dir='ltr'>obierat</span> <span class='ocrx_word' id='word_1_298' title='bbox 689 2872 752 2909; x_wconf 90' lang='lat' dir='ltr'>die</span> <span class='ocrx_word' id='word_1_299' title='bbox 786 2871 829 2908; x_wconf 79' lang='lat'>15</span> <span class='ocrx_word' id='word_1_300' title='bbox 860 2871 971 2919; x_wconf 84' lang='lat' dir='ltr'>Maji.</span> <span class='ocrx_word' id='word_1_301' title='bbox 1004 2872 1074 2908; x_wconf 83' lang='lat' dir='ltr'>sed</span> <span class='ocrx_word' id='word_1_302' title='bbox 1101 2872 1141 2908; x_wconf 88' lang='lat' dir='ltr'>in</span> <span class='ocrx_word' id='word_1_303' title='bbox 1170 2873 1412 2909; x_wconf 85' lang='lat' dir='ltr'>monasterio</span> <span class='ocrx_word' id='word_1_304' title='bbox 1444 2870 1752 2917; x_wconf 71' lang='lat' dir='ltr'>guadalupensi,</span> 
     </span>
     <span class='ocr_line' id='line_1_36' title="bbox 135 2931 1755 2979; baseline -0.004 -10"><span class='ocrx_word' id='word_1_305' title='bbox 135 2933 240 2969; x_wconf 89' lang='lat' dir='ltr'>unde</span> <span class='ocrx_word' id='word_1_306' title='bbox 267 2933 367 2969; x_wconf 85' lang='lat' dir='ltr'>nihil</span> <span class='ocrx_word' id='word_1_307' title='bbox 385 2933 530 2969; x_wconf 90' lang='lat' dir='ltr'>mirum</span> <span class='ocrx_word' id='word_1_308' title='bbox 556 2933 661 2979; x_wconf 91' lang='lat' dir='ltr'>quod</span> <span class='ocrx_word' id='word_1_309' title='bbox 691 2932 882 2968; x_wconf 90' lang='lat' dir='ltr'>nuncium</span> <span class='ocrx_word' id='word_1_310' title='bbox 910 2933 996 2976; x_wconf 79' lang='lat' dir='ltr'>eius</span> <span class='ocrx_word' id='word_1_311' title='bbox 1017 2931 1156 2969; x_wconf 84' lang='lat' dir='ltr'>mortis</span> <span class='ocrx_word' id='word_1_312' title='bbox 1176 2932 1394 2977; x_wconf 85' lang='lat' dir='ltr'>Segoviam</span> <span class='ocrx_word' id='word_1_313' title='bbox 1424 2931 1552 2967; x_wconf 82' lang='lat' dir='ltr'>adhuc</span> <span class='ocrx_word' id='word_1_314' title='bbox 1572 2943 1647 2965; x_wconf 87' lang='lat' dir='ltr'>non</span> <span class='ocrx_word' id='word_1_315' title='bbox 1668 2941 1755 2975; x_wconf 84' lang='lat' dir='ltr'>per-</span> 
     </span>
    </p>
   </div>
   <div class='ocr_carea' id='block_1_5' title="bbox 135 2990 1755 3096">
    <p class='ocr_par' dir='ltr' id='par_1_11' title="bbox 135 2990 1755 3096">
     <span class='ocr_line' id='line_1_37' title="bbox 135 2990 1755 3034; baseline -0.002 -7"><span class='ocrx_word' id='word_1_316' title='bbox 135 2993 326 3029; x_wconf 85' lang='lat' dir='ltr'>venisset.</span> <span class='ocrx_word' id='word_1_317' title='bbox 348 2991 410 3029; x_wconf 83' lang='lat' dir='ltr'>Cf.</span> <span class='ocrx_word' id='word_1_318' title='bbox 433 2991 662 3029; x_wconf 77' lang='lat' dir='ltr'><strong>GONZALEZ</strong></span> <span class='ocrx_word' id='word_1_319' title='bbox 684 2991 866 3033; x_wconf 67' lang='lat' dir='ltr'>DAVfflA,</span> <span class='ocrx_word' id='word_1_320' title='bbox 896 2991 1040 3027; x_wconf 81' lang='lat' dir='ltr'>Teatro</span> <span class='ocrx_word' id='word_1_321' title='bbox 1072 2992 1336 3028; x_wconf 79' lang='lat' dir='ltr'>eclesia&#39;stico</span> <span class='ocrx_word' id='word_1_322' title='bbox 1364 2991 1418 3027; x_wconf 85' lang='lat' dir='ltr'>de</span> <span class='ocrx_word' id='word_1_323' title='bbox 1449 2992 1514 3026; x_wconf 75' lang='lat' dir='ltr'>las</span> <span class='ocrx_word' id='word_1_324' title='bbox 1534 2990 1755 3034; x_wconf 75' lang='lat' dir='ltr'>iglesias...</span> 
     </span>
     <span class='ocr_line' id='line_1_38' title="bbox 137 3050 764 3096; baseline -0.002 -8"><span class='ocrx_word' id='word_1_325' title='bbox 137 3050 191 3088; x_wconf 86' lang='lat' dir='ltr'>de</span> <span class='ocrx_word' id='word_1_326' title='bbox 209 3051 275 3088; x_wconf 82' lang='lat' dir='ltr'>las</span> <span class='ocrx_word' id='word_1_327' title='bbox 294 3051 371 3088; x_wconf 85' lang='lat' dir='ltr'>dos</span> <span class='ocrx_word' id='word_1_328' title='bbox 390 3051 604 3095; x_wconf 77' lang='lat' dir='ltr'>Castillczs,</span> <span class='ocrx_word' id='word_1_329' title='bbox 626 3051 655 3096; x_wconf 90' lang='grc' dir='ltr'>Ι,</span> <span class='ocrx_word' id='word_1_330' title='bbox 676 3051 764 3088; x_wconf 82' lang='grc'>574.</span> 
     </span>
    </p>
   </div>
   <div class='ocr_carea' id='block_1_6' title="bbox 259 2692 414 2696">
    <p class='ocr_par' dir='ltr' id='par_1_12' title="bbox 259 2692 414 2696">
     <span class='ocr_line' id='line_1_39' title="bbox 259 2692 414 2696; baseline 0 0"><span class='ocrx_word' id='word_1_331' title='bbox 259 2692 414 2696; x_wconf 95' lang='lat' dir='ltr'> </span> 
     </span>
    </p>
   </div>
  </div>
 </body>
</html>
