2038 3400
419 257 925 294 309.—CAESARAUGUSTA
951 257 973 292 8
999 255 1246 293 Novammus
1276 255 1364 292 1559
1611 255 1677 291 377

111 359 387 397 hebdomada
417 358 594 397 visitare
626 359 755 405 solet,
790 364 833 396 et
864 358 1021 396 vinctis
1052 357 1351 403 concionatur,
1376 363 1507 407 atque
1530 356 1649 393 multi
1674 369 1723 393 ex

110 430 190 467 illis
226 430 438 480 aliquibus
472 430 570 468 anni
604 431 915 469 festiuitatibus
949 428 1109 468 nostris
1146 429 1426 474 confitentur,
1459 432 1587 478 atque
1620 428 1729 464 vltra

110 502 279 539 illorum
302 502 652 540 consolationem
675 503 820 552 (quam
844 514 898 539 ex
921 502 985 539 his
1008 501 1237 538 maximam
1260 501 1482 551 suscipere
1505 512 1551 536 se
1585 503 1728 536 osten-

111 572 234 621 dunt)
257 572 420 610 fructus
442 584 529 610 non
550 572 733 623 quilibet
755 571 987 623 colligitur,
1013 578 1056 609 et
1075 572 1183 610 odor
1201 572 1413 610 maximus
1435 578 1453 595 a
1476 571 1725 608 excittatur.

112 644 254 682 Vincti
284 644 526 681 iuramenta
557 644 709 689 vitant,
743 648 872 694 atque
904 642 957 681 ad
988 644 1073 681 hoc
1101 644 1240 694 ipsum
1271 642 1482 680 sindicum
1513 641 1727 692 quendam

112 716 340 765 elegerunt
364 715 456 753 sbi.
484 716 579 753 Istis
601 728 624 753 a
646 717 806 754 nostris
828 715 992 754 rosaria
1013 715 1274 757 tribuuntur,
1300 720 1345 752 ut
1373 714 1473 751 huic
1503 713 1728 751 deuotioni

111 799 157 824 se
190 786 366 834 dedant,
402 787 552 836 eisque
576 787 806 838 aliquando
828 792 1078 825 nostrorum
1102 799 1236 837 opera
1257 786 1312 823 de
1333 784 1595 833 necessarijs
1617 785 1656 822 et
1676 783 1729 821 ad

112 858 273 896 victum
297 864 340 896 et
363 858 570 896 vestitum
595 859 708 896 solet
729 858 968 905 subueniri;
993 863 1036 895 et
1060 863 1104 895 vt
1126 857 1227 895 inde
1246 857 1371 895 citius
1395 861 1570 902 exeant,
1590 856 1731 906 aliqua

110 929 238 978 (quae
260 931 421 967 nostra
441 929 500 967 sz't
517 931 553 977 b)
577 942 680 967 cura
701 929 895 968 adhiberi
917 942 994 980 per
1017 943 1097 967 nos
1119 929 1248 967 solet.

163 1012 200 1049 4.
262 1001 488 1052 Aliquibus
521 1002 733 1039 exercitia
764 1002 1001 1052 spiritualia
1031 999 1132 1038 data
1162 1006 1275 1038 sunt.
1308 1000 1451 1050 Atque
1484 1013 1538 1038 ex
1570 998 1728 1041 multis,

110 1084 220 1120 quos
243 1072 361 1110 Deus
382 1072 435 1110 ad
458 1073 572 1110 hunc
594 1073 773 1110 viuendi
796 1073 972 1111 modum
1004 1073 1196 1119 vocauit,
1230 1071 1316 1109 duo
1349 1071 1604 1110 sacerdotes
1635 1084 1729 1121 pro-

111 1143 239 1180 batae
267 1143 456 1190 virtutis,
480 1148 611 1193 atque
634 1145 745 1181 alter
767 1144 809 1181 in
831 1144 923 1181 iure
948 1142 1158 1181 canonico
1183 1143 1393 1189 erudituS,
1419 1141 1594 1180 admissi
1616 1148 1729 1183 sunt:

110 1214 326 1264 amboque
348 1220 446 1252 sunt
467 1214 521 1252 ad
544 1215 785 1253 audiendas
808 1215 1113 1253 confessiones
1135 1216 1237 1265 apti,
1271 1215 1468 1264 alterque
1501 1213 1731 1252 conciona-

112 1290 253 1322 torem
283 1290 386 1336 aget
408 1286 504 1336 plus
525 1299 652 1336 quam
676 1285 919 1324 meliorem.
945 1286 1065 1324 Alius
1088 1287 1142 1324 al)
1164 1285 1235 1324 his
1255 1287 1298 1323 in
1320 1286 1485 1323 artibus
1506 1286 1729 1336 magister,

112 1362 316 1407 receptus
347 1363 429 1404 est,
464 1358 671 1408 egregius
702 1359 872 1396 futurus
904 1358 1203 1402 concionator;
1236 1355 1314 1407 qui
1343 1359 1382 1395 et
1412 1370 1533 1395 nunc
1566 1356 1612 1395 in
1650 1357 1732 1394 hoc

109 1428 330 1478 probatus
359 1431 435 1467 est.
470 1429 685 1468 Nondum
708 1431 858 1468 antem
875 1428 1088 1480 proprios
1111 1429 1308 1468 deseruit
1329 1429 1466 1475 lares,
1489 1430 1564 1467 sed
1587 1428 1730 1478 ipsum

113 1499 199 1538 cito
222 1501 462 1538 venturum
484 1502 779 1551 expectamus.
803 1501 945 1539 Alium
969 1501 1098 1539 etiarn
1126 1501 1445 1551 praesbiterum
1469 1499 1732 1550 parturien-

113 1573 198 1609 tem
219 1579 236 1596 0
257 1572 487 1622 aspicimus
508 1572 619 1619 fore,
644 1572 761 1623 quod
783 1573 824 1610 in
846 1573 1033 1611 Domino
1057 1585 1296 1623 speramus,
1322 1576 1366 1610 ut
1393 1572 1486 1622 ipse
1509 1585 1605 1610 cum
1629 1570 1731 1609 duo-

112 1643 191 1680 bus
213 1648 286 1681 aut
308 1643 445 1681 tribus
467 1656 567 1682 cum
591 1656 643 1682 eo
674 1645 869 1682 venturis
900 1657 987 1682 non
1019 1643 1389 1682 contemnendum
1418 1643 1605 1681 fructum
1636 1655 1732 1693 pro-

112 1712 255 1752 ducat.

167 1794 203 1833 5.
263 1785 519 1836 Aliquorum
549 1785 851 1824 dissidentium
882 1788 1050 1824 animos
1080 1787 1198 1825 Deus
1231 1800 1317 1825 non
1345 1788 1481 1825 semel
1504 1799 1647 1836 neque
1669 1786 1734 1823 bis

115 1857 364 1906 composuit
401 1869 534 1908 opera
566 1858 704 1895 Patris
736 1859 937 1904 rectoris,
971 1857 1044 1908 qui
1076 1859 1170 1907 alijs
1203 1858 1424 1897 charitatis
1456 1857 1660 1908 operibus
1692 1862 1733 1894 et

114 1928 309 1977 corporis
332 1932 374 1965 et
396 1928 565 1966 animae
595 1928 825 1966 intendere
848 1929 979 1973 solet3
1003 1929 1119 1978 quod
1151 1935 1195 1967 et
1225 1928 1419 1966 nonnulli
1451 1941 1503 1966 ex
1536 1928 1734 1965 Patribus

113 1997 344 2048 aliquoties
374 1999 694 2049 praestiterunt.
727 2001 851 2038 Haec
881 2006 1027 2038 autem
1050 2006 1093 2038 et
1115 2001 1356 2050 aliquorum
1378 2000 1431 2038 ad
1462 2000 1601 2037 Deum
1634 2012 1735 2037 con-

112 2068 336 2107 uersiones
358 2082 491 2121 opera
512 2075 759 2108 nostrorum
783 2071 959 2122 longum
983 2076 1101 2109 esset
1120 2083 1198 2121 per
1220 2071 1388 2121 singula
1408 2083 1599 2110 narrare.

165 2141 203 2179 6.
264 2141 444 2179 Duobus
466 2147 566 2179 ante
588 2142 808 2180 mensibus
825 2145 994 2192 pamm
1017 2143 1036 2167 <¹
1058 2142 1197 2180 minus
1215 2142 1379 2180 accesit
1400 2141 1453 2179 ad
1475 2156 1555 2180 nos
1579 2154 1632 2179 ex
1654 2143 1734 2180 Va-

114 2212 247 2249 lentia
268 2212 390 2250 R.d¹¹S
413 2213 542 2250 Pater
564 2212 720 2251 doctor
739 2213 948 2263 Baptista,
974 2212 1250 2263 prouincialis
1269 2217 1294 2260 ¹,
1318 2212 1401 2251 iam
1419 2213 1491 2251 diu
1515 2212 1735 2251 desidera-

115 2288 197 2330 tus,
217 2284 285 2332 qui
306 2283 476 2321 viscera
496 2290 646 2322 nostra
664 2291 680 2309 e
697 2284 889 2322 aduentu
909 2298 987 2322 suo
1010 2284 1169 2335 gaudio
1192 2284 1382 2335 perfudit
1400 2297 1485 2322 non
1508 2283 1733 2322 mediocri.

117 2355 304 2392 Domum
325 2354 486 2401 inuisit,
511 2355 750 2393 visitatoris
773 2360 817 2393 et
848 2356 987 2393 Patris
1018 2369 1172 2393 munus
1203 2367 1431 2394 exercens.
1456 2356 1609 2393 Intima
1630 2354 1736 2393 filio-

115 2438 207 2463 rum
229 2425 501 2475 praecordia,
525 2429 571 2463 ut
598 2438 679 2464 nos
702 2432 746 2464 et
775 2425 962 2465 doceret
993 2431 1037 2464 et
1069 2426 1339 2464 confortaret
1374 2426 1415 2464 in
1447 2427 1632 2465 Domino
1666 2439 1736 2464 co-

115 2496 283 2546 gnouit,
308 2497 380 2534 vel
400 2509 477 2546 per
500 2497 804 2535 confessiones
827 2498 896 2535 vel
928 2510 1005 2547 per
1036 2496 1205 2547 priuata
1236 2498 1467 2549 colloquia.
1491 2498 1736 2548 Aliquoties

115 2567 235 2614 foris,
273 2573 468 2618 rogatus,
503 2569 790 2606 concionatus
827 2574 893 2606 est
914 2569 955 2606 in
986 2568 1158 2619 templis
1189 2569 1316 2607 huius
1346 2569 1464 2607 vrbis
1492 2568 1737 2620 praecipuis

117 2638 281 2688 optimo
305 2639 528 2688 applausu.
552 2638 767 2677 Aedificio
790 2652 933 2677 nouae
964 2639 1182 2677 finiendae
1213 2640 1430 2678 ecclesiae
1453 2640 1648 2678 solicitus
1678 2641 1738 2678 111-

116 2708 271 2755 tendit,
296 2709 518 2760 multaque
541 2709 700 2748 direxit
721 2722 832 2760 quae
854 2710 986 2760 ipsius
1009 2710 1183 2760 quidem
1203 2711 1451 2760 praesentia
1466 2710 1733 2762 indigebant.

162 2857 181 2876 a
231 2858 354 2894 etiam
373 2858 477 2905 apud
497 2859 609 2895 alios.
676 2860 740 2884 -b
762 2871 833 2895 nos
852 2859 1007 2894 deceat.
1074 2865 1137 2884 —0
1158 2859 1195 2894 id
1215 2864 1440 2896 conantem.
1512 2860 1577 2884 —d
1604 2861 1735 2906 paulo.

117 2924 182 2942 -e
202 2929 288 2953 nra.
310 2917 415 2954 add.
437 2918 531 2954 ead.
553 2928 705 2955 manu.

167 3061 174 3080 ¹
227 3059 271 3096 P.
290 3059 470 3106 joannes
489 3059 672 3107 Baptista
691 3059 853 3097 Barma.
