2038 3400
383 261 453 299 668
846 267 1065 307 LITTERAE
1096 270 1450 316 QUADRIMESTRES

339 362 552 404 edocturi.
580 367 739 406 Eorum
759 370 887 408 etiam
913 374 1160 423 complures
1182 388 1318 426 usque
1337 376 1448 415 adeo
1467 379 1696 425 charitate,
1721 379 1960 418 deuotione

337 439 467 485 atque
490 436 666 476 feruore
691 441 903 479 exardent
924 443 965 480 in
986 443 1231 494 proximum
1255 461 1471 499 quemque
1494 464 1632 497 suum,
1657 457 1704 489 ut
1725 452 1887 489 nullum
1904 452 1961 489 la-

337 506 505 555 borem,
529 510 668 548 nullas
689 509 922 560 impensas,
948 514 1143 567 null[um]
1168 517 1281 567 apud
1303 518 1544 558 mundanos
1566 522 1765 560 homines
1782 522 1958 569 fauoris,

337 579 413 625 rei,
428 580 673 619 nominisue
690 582 931 632 periculum
949 587 1094 624 subire
1114 595 1363 637 uereantur,
1379 591 1616 631 dummodo
1634 594 1751 631 illum
1770 593 1823 631 ad
1841 606 1960 632 sanc-

336 656 425 687 tum
461 652 648 702 aliquem
685 659 727 691 et
758 655 874 704 pium
906 657 1083 696 uiuendi
1114 659 1243 698 ritum
1273 661 1506 700 adducant.
1532 664 1575 701 In
1612 678 1697 715 quo
1721 678 1823 703 sane
1846 665 1961 702 haud

334 734 484 771 parum
514 724 765 773 proficiuntg
798 740 1014 778 nunquam
1038 730 1153 768 enim
1173 744 1260 769 non
1282 733 1480 785 aliquo[s]
1505 735 1698 774 suauiter
1720 741 1959 787 sancteque

334 791 549 844 deceptos
579 796 633 834 ad
664 810 744 835 nos
767 798 1028 838 subducunt.
1056 802 1170 850 Quin
1203 804 1332 841 etiam
1355 805 1409 843 ad
1431 819 1477 843 se
1500 808 1702 846 conuersi
1724 812 1875 846 mutuo
1911 821 1957 846 se

334 865 387 902 ad
410 867 618 905 maiorem
639 866 680 905 in
717 869 785 907 uia
808 870 904 908 Dni.
937 872 1185 921 profectum
1216 875 1457 925 impellunt.
1484 879 1582 927 Quo
1614 878 1791 917 tandem
1814 880 1957 918 studio

333 936 466 984 ducti,
491 939 560 987 alij
598 946 790 979 nostram
814 942 1102 992 Societatem,
1134 945 1202 994 alij
1227 947 1331 985 alias
1362 949 1600 999 religiones
1623 952 1862 999 subierunt,
1888 952 1956 1001 alij

331 1007 489 1047 eodem
512 1023 670 1062 magno
693 1024 789 1050 cum
813 1013 1034 1053 desiderio
1057 1018 1260 1066 aspirant.

381 1080 420 1118 6.
482 1083 619 1120 Porro
643 1083 800 1122 fratres
830 1087 966 1124 nostri
999 1088 1138 1126 solitis
1169 1090 1406 1129 Societatis
1429 1093 1653 1142 exercitijs
1676 1099 1846 1142 uacant,
1870 1108 1956 1133 non

330 1152 577 1191 mediocres
595 1154 636 1192 in
654 1168 731 1193 suo
751 1169 932 1196 munere
950 1172 1026 1208 pro
1046 1173 1093 1197 se
1115 1162 1297 1212 quisque
1314 1162 1479 1201 faciens
1495 1177 1770 1216 progressus.
1790 1167 1956 1204 Horum

328 1229 514 1274 quatuor
536 1225 904 1266 instituendorum
925 1243 1161 1280 puerorum
1178 1234 1297 1283 no[n]
1319 1247 1501 1285 segnem
1519 1242 1653 1287 agunt
1670 1237 1954 1287 prouinciam3

328 1294 414 1334 duo
437 1296 558 1344 item,
584 1299 694 1336 alter
715 1300 964 1340 rethoricae
987 1302 1054 1352 (Il).
1080 1305 1189 1342 alter
1213 1307 1523 1355 grammaticae
1541 1307 1834 1348 addiscendae
1853 1308 1955 1348 dant

330 1381 506 1418 operam
538 1383 623 1407 non
654 1372 988 1421 pelnijtendam2
1031 1377 1198 1414 caeteri
1228 1378 1343 1416 circa
1374 1378 1618 1418 domestica
1649 1387 1748 1419 sunt
1782 1383 1952 1420 intenti.

327 1440 492 1479 Diebus
513 1441 637 1480 festis
660 1443 702 1480 hi
724 1443 897 1492 fratres,
922 1446 994 1495 qui
1025 1447 1228 1498 literarijs
1258 1450 1413 1500 studijs
1445 1458 1616 1499 uacant,
1642 1453 1695 1491 de
1720 1467 1842 1492 more
1863 1459 1954 1492 tum

327 1524 544 1555 carceres,
580 1518 670 1551 tum
703 1514 980 1555 xenodochia
1011 1518 1204 1566 uisitant3
1238 1526 1328 1559 tum
1360 1523 1529 1561 lusores
1560 1524 1738 1574 spiritali
1769 1526 1954 1575 quadam

326 1583 537 1622 industria
559 1585 804 1624 clanculum
835 1587 1141 1638 adorilunltur,
1175 1591 1280 1630 folia
1299 1594 1462 1632 lusoria
1492 1594 1744 1640 dilacerant,
1767 1602 1954 1647 arguunt

324 1655 421 1694 illos
443 1659 561 1706 quod
585 1658 686 1697 talia
707 1664 896 1709 patrem,
921 1661 1150 1700 hortantur
1172 1663 1362 1712 demum,
1389 1672 1433 1704 et
1450 1680 1754 1718 nonnunquam
1779 1669 1833 1706 ad
1856 1682 1952 1707 suo-

324 1741 415 1766 rum
439 1730 665 1769 criminum
688 1732 1012 1770 confessionem
1041 1736 1311 1783 pertrahunt.
1345 1738 1520 1777 Interim
1546 1746 1758 1778 consueta
1779 1741 1952 1791 spiritus

326 1802 539 1840 exercitia
559 1804 676 1840 nulla
698 1816 753 1841 ex
775 1809 898 1854 parte
920 1805 1316 1855 intermi[t}tuntur;
1340 1810 1532 1859 quinimo
1565 1812 1752 1850 maximo
1775 1812 1950 1850 feruore

325 1880 605 1913 exercentur.
645 1874 834 1914 Student
869 1890 947 1927 pro
986 1878 1148 1916 uiribus
1184 1881 1510 1920 mortificationi
1541 1896 1762 1930 sensuum,
1782 1884 1835 1922 ad
1857 1898 1950 1935 per-

323 1944 594 1992 flelctionem
617 1946 787 1985 ardenti
810 1948 954 1986 cordis
973 1949 1194 1989 desiderio
1213 1953 1484 2001 anhelantes,
1504 1962 1635 2005 atque
1654 1956 1695 1993 in
1716 1957 1846 1994 horas
1863 1969 1950 1994 me-

321 2015 455 2054 liores
474 2017 665 2056 euadere
685 2025 904 2067 curantes,
926 2022 1237 2060 seruandarum
1260 2025 1509 2074 regularum
1532 2025 1772 2065 districtam
1804 2040 1949 2066 curam

322 2087 500 2126 habent.

376 2170 411 2207 7.
473 2161 537 2199 De
559 2159 611 2209 ijs
634 2168 781 2200 autem
803 2176 913 2212 quae
936 2163 989 2201 ad
1012 2165 1303 2205 scholasticos
1320 2174 1536 2218 spectant3
1561 2168 1857 2208 studiosorum
1874 2184 1948 2209 nu—

321 2245 466 2269 merus
488 2238 638 2271 nostra
660 2235 885 2284 gymnasia
906 2236 1276 2286 frequentantium
1299 2245 1317 2263 3
1338 2253 1425 2278 non
1447 2241 1578 2279 modo
1610 2255 1697 2280 non
1719 2247 1786 2280 est
1812 2243 1947 2281 immi-

319 2308 464 2350 nutus,
504 2304 581 2341 sed
618 2305 747 2343 etiam
771 2319 857 2343 non
889 2307 1130 2357 uulgariter
1152 2314 1321 2349 auctus.
1362 2311 1447 2360 Qui
1477 2312 1654 2363 quidem
1675 2326 1858 2364 magnos
1889 2314 1946 2352 fa-

320 2375 437 2412 ciunt
468 2375 509 2412 in
543 2376 679 2413 literis
710 2390 985 2428 progressus,
1019 2392 1103 2418 nec
1132 2387 1367 2432 propterea
1397 2384 1628 2435 segniores
1660 2391 1760 2423 sunt
1788 2385 1842 2423 ad
1877 2398 1943 2433 ea,

318 2459 428 2496 quae
469 2446 522 2483 ad
553 2448 790 2486 animarum
824 2462 997 2488 suarum
1034 2452 1219 2490 salutem
1241 2454 1442 2492 attinent.
1479 2456 1587 2493 Sunt
1618 2454 1777 2506 quippe
1808 2469 1863 2495 ex
1893 2456 1945 2505 ijs

318 2518 441 2568 pueri
463 2518 574 2556 adeo
600 2520 771 2557 sincero
794 2534 992 2571 puroque
1016 2523 1166 2570 corde,
1192 2529 1237 2562 ut
1258 2538 1345 2562 non
1366 2525 1581 2573 homines,
1607 2528 1685 2566 sed
1716 2529 1943 2567 columbae

319 2588 564 2627 uideantur.
591 2592 699 2629 Sunt
722 2592 790 2641 alij
815 2594 1084 2642 prouectiori
1107 2602 1270 2643 aetate,
1291 2597 1362 2646 qui
1385 2598 1500 2636 uotis
1524 2599 1722 2638 omnibus
1749 2600 1944 2639 Societa-

319 2660 374 2698 tis
404 2666 581 2699 nostrae
613 2661 815 2712 ia[nuam]
843 2665 923 2702 sibi
955 2666 1113 2715 aperiri
1145 2674 1373 2718 expetunt.
1408 2669 1501 2707 Hos
1531 2670 1644 2708 inter
1674 2670 1847 2721 quidam
1878 2678 1943 2710 est

316 2743 517 2782 graecus,
543 2732 785 2775 modestus,
812 2735 907 2784 pius
930 2741 974 2773 et
997 2738 1170 2787 optimis
1202 2739 1395 2777 moribus
1417 2741 1608 2779 imbutus
1634 2742 1941 2792 {ado]lescenS.

318 2804 400 2842 Hic
435 2810 600 2842 certam
636 2805 716 2842 sibi
752 2808 1018 2856 prestolatur
1050 2809 1376 2855 admissionem,
1414 2825 1596 2851 reuerso
1627 2819 1779 2852 nostro
1812 2816 1942 2853 Patre

315 2880 505 2914 rectore.
532 2875 608 2912 Est
631 2881 675 2912 et
697 2877 822 2923 alter,
847 2891 976 2928 quem
999 2881 1051 2917 ab
1073 2881 1230 2930 studijs
1252 2882 1475 2921 literarum
1502 2884 1555 2921 ad
1578 2891 1851 2925 mercaturae
1874 2899 1941 2924 so-

314 2947 478 2985 licitum
499 2946 695 2984 laborem
719 2948 812 2986 eius
847 2956 1054 3000 parentes
1075 2960 1330 2991 auocarunt.
1371 2956 1455 3004 Qui
1477 2957 1769 3007 morigeratus
1791 2963 1858 2996 est
1880 2959 1939 2996 iu-

360 3083 379 3102 a
428 3082 745 3131 frequentatium
765 3095 846 3123 ms.
