2038 3400
335 391 381 428 86
805 393 1030 431 LmERAE
1057 393 1414 440 QUADRmsss‘rREs

290 495 458 533 consilii
496 495 633 534 omnis
669 496 794 548 inops
821 496 952 548 fores
983 505 1015 544 a,
1041 498 1345 535 confessorem
1376 496 1480 544 adit,
1505 511 1692 550 suasque
1717 500 1756 537 ei
1782 500 1931 550 pandit

290 565 504 614 miserias,
530 567 681 605 dicens
711 567 793 605 iam
826 569 958 607 tertio
981 569 1094 607 inter
1118 582 1163 606 se
1189 574 1232 607 et
1254 568 1454 607 maritum
1487 570 1757 609 celebratum
1789 570 1930 611 diuor-

289 637 396 676 tium
417 639 454 686 ὓς
479 651 664 690 cumque
688 640 861 690 saepius
898 640 967 678 ille
1000 641 1183 679 meliora
1212 641 1452 691 promittat,
1476 641 1580 679 nihil
1610 642 1750 680 minus
1786 648 1932 682 tamen

289 715 527 762 praestare,
561 711 845 749 substantiam
870 725 1042 750 omnem
1067 711 1303 763 dilapidare
1328 718 1372 750 et
1393 713 1595 751 infamiae
1618 714 1698 751 sibi
1725 727 1812 752 non
1839 728 1931 765 par-

288 797 388 821 uam
410 788 558 821 notam
595 783 785 829 inurere,
807 783 1025 821 iudicasse
1049 784 1180 822 etiam
1203 784 1504 835 magistratum
1528 791 1544 809 c
1574 785 1708 823 satius
1744 786 1930 825 fortasse

289 855 398 901 fore,
424 860 470 892 vt
494 868 547 893 eo
567 854 777 906 deinceps
800 869 886 894 non
909 855 1115 898 admisso,
1140 856 1182 894 in
1213 869 1320 907 pace
1354 870 1504 896 secum
1535 856 1628 908 ipsa
1660 858 1793 895 viuat.
1820 859 1932 897 Con-

286 926 444 973 fessor,
470 939 515 964 re
539 925 779 974 intellecta,
805 928 1006 965 maritum
1029 927 1282 979 alloquendi
1305 929 1585 967 occasionem
1622 928 1714 967 dari
1745 929 1824 968 sibi
1861 943 1931 968 cu-

290 998 396 1048 piuit
420 1004 463 1036 et
485 998 667 1045 inuenit,
691 1004 951 1050 tantumque
973 999 1087 1049 apud
1110 1012 1208 1038 eum
1232 1013 1309 1038 sua
1330 1000 1629 1039 admonitione
1652 1001 1803 1044 valuit,
1830 1008 1876 1040 vt
1896 1002 1932 1040 is

289 1070 498 1108 continuo
525 1070 639 1108 vitae
663 1075 894 1108 anteactae
917 1069 1265 1109 inordinationes
1286 1085 1374 1110 non
1391 1078 1657 1123 agnosceret
1680 1073 1828 1117 modo,
1854 1073 1932 1112 sed

292 1146 335 1179 et
359 1154 413 1179 ex
436 1141 578 1179 animo
603 1141 917 1187 detestaretur,
944 1142 1311 1193 sanctitatemque
1334 1155 1462 1193 quam
1491 1144 1753 1183 christianos
1785 1145 1931 1183 coniu-

289 1226 369 1265 ges
402 1213 548 1255 decet,
587 1213 726 1252 libens
761 1214 1057 1264 promitteret.
1092 1214 1332 1253 Redierunt
1366 1228 1472 1267 ergo
1510 1217 1550 1254 in
1586 1217 1770 1268 gratiam
1805 1217 1932 1255 huius

288 1285 428 1323 Patris
452 1297 600 1336 opera,
628 1290 672 1323 et
695 1284 887 1336 coniugii
922 1284 1186 1323 inuiolabilis
1216 1286 1326 1324 fides
1357 1286 1470 1325 inter
1503 1301 1580 1326 eos
1611 1293 1826 1327 renouata
1847 1292 1928 1327 est.

288 1358 451 1395 Verum
475 1362 521 1394 vt
544 1356 725 1395 solidior
746 1369 830 1407 pax
852 1357 936 1394 ista
957 1357 1088 1403 foret,
1115 1362 1159 1395 et
1180 1357 1221 1395 in
1244 1362 1383 1408 petra,
1408 1359 1481 1410 qui
1501 1359 1702 1398 Christus
1724 1365 1805 1408 est,
1839 1361 1932 1399 lun-

291 1427 406 1474 data,
433 1428 601 1465 curauit
621 1427 691 1477 pia
712 1428 867 1466 mulier
903 1428 1159 1479 generalem
1180 1441 1205 1466 a
1226 1429 1381 1468 marito
1410 1430 1507 1468 fieri
1538 1431 1864 1470 confessionem
1889 1436 1931 1470 et

290 1504 567 1537 sacramento
605 1499 752 1536 altaris
782 1499 824 1537 in
861 1504 1013 1537 sancto
1045 1500 1273 1550 proposito
1307 1514 1405 1539 eum
1428 1501 1448 1526 d
1471 1502 1734 1551 confirmar13
1771 1502 1843 1554 qui
1878 1503 1931 1542 ad

290 1572 403 1610 haec
423 1583 510 1609 non
533 1572 673 1609 solum
695 1577 943 1622 promptum
963 1584 1009 1609 se
1031 1572 1249 1622 praebuit,
1274 1573 1353 1611 sed
1372 1579 1416 1611 et
1437 1579 1712 1613 sacramenta
1728 1576 1931 1628 frequen-

288 1647 383 1681 tare
405 1641 566 1694 pergit,
590 1643 753 1681 nostris
774 1641 971 1695 quotidie
994 1643 1179 1682 interest
1216 1644 1365 1692 sacris,
1400 1650 1443 1683 et
1474 1651 1594 1684 tanta
1614 1646 1656 1685 in
1687 1659 1739 1686 eo
1762 1649 1932 1688 relucet

286 1714 505 1753 modestia
527 1727 786 1766 morumque
808 1714 1056 1766 integritas,
1082 1721 1128 1753 vt
1149 1716 1437 1755 mutationem
1466 1717 1577 1756 hanc
1600 1731 1698 1756 esse
1717 1719 1931 1759 dexterae

290 1787 457 1826 excelsi
474 1799 604 1825 nemo
627 1800 716 1825 non
737 1786 955 1838 intelligat
980 1787 1003 1824 ¹.

343 1868 379 1908 5.
439 1858 562 1897 Alius
584 1858 759 1910 quidam
778 1858 879 1897 dum
901 1863 1001 1909 post
1022 1864 1309 1910 peccatorum
1328 1861 1706 1900 enumerationem
1729 1861 1931 1902 sacerdo-

283 1931 315 1969 ti
336 1931 512 1977 factam,
538 1930 593 1969 de
615 1929 799 1969 internis
835 1936 1066 1982 rogaretur
1096 1929 1211 1970 circa
1245 1930 1363 1971 vitae
1399 1933 1687 1972 mutationem
1721 1934 1931 1973 instincti-

285 2003 381 2049 bus,
406 2002 635 2053 respondit
669 2003 705 2041 is
736 2003 820 2041 iam
852 2003 948 2054 plus
980 2002 1121 2041 minus
1150 2002 1538 2056 quadragenarius,
1572 2018 1619 2042 se
1649 2017 1733 2044 nec
1766 2007 1931 2046 sentire

284 2087 368 2113 nec
407 2074 660 2126 intelligere
701 2074 936 2113 interiores
981 2075 1063 2113 hos
1108 2074 1279 2114 animae
1319 2081 1478 2114 motus.
1522 2077 1644 2116 Tunc
1684 2079 1927 2118 confessor:

283 2159 446 2193 nonne,
479 2147 633 2198 inquit,
671 2151 935 2197 oportunum
966 2146 1158 2194 videtur,
1192 2151 1238 2185 vt
1268 2153 1369 2199 post
1405 2147 1580 2198 siliquas
1615 2161 1849 2200 porcorum
1879 2162 1931 2200 40

282 2219 403 2258 annis
425 2218 585 2257 misere
609 2219 862 2266 deuoratas,
887 2219 1075 2257 filiorum
1098 2219 1170 2257 vel
1197 2219 1281 2258 iam
1303 2219 1481 2258 tandem
1508 2233 1664 2271 panem
1687 2220 1925 2273 degustare

280 2291 483 2343 incipias?
506 2290 676 2340 Quibus
708 2291 780 2329 ille
804 2290 978 2335 auditis,
1004 2296 1171 2329 tantum
1207 2291 1390 2331 interius
1413 2297 1661 2331 commotus
1684 2299 1765 2341 est,
1790 2299 1837 2332 vt
1860 2308 1927 2333 re-

281 2365 452 2403 solutus
483 2364 527 2401 in
557 2364 821 2414 lachrymas,
845 2364 997 2401 fletum
1028 2368 1277 2414 temperare
1300 2377 1389 2403 non
1417 2370 1587 2416 posset,
1613 2371 1658 2403 et
1693 2379 1794 2404 mox
1818 2380 1929 2417 quae

282 2436 430 2477 mundi
452 2442 551 2475 sunt
585 2437 730 2476 omnia
750 2449 841 2475 sese
862 2436 1113 2485 relinquere
1137 2440 1181 2473 et
1209 2436 1480 2488 perfectiora
1502 2438 1619 2476 velle
1642 2438 1817 2482 sectari,
1852 2453 1928 2478 vo-

280 2510 425 2562 tisque
449 2510 582 2549 etiam
605 2517 622 2535 e
644 2509 891 2560 astringere
913 2507 1160 2548 deliberato
1184 2509 1328 2548 animo
1352 2508 1565 2548 decreuit.

333 2582 372 2620 6.
434 2582 530 2621 Fuit
554 2586 598 2620 et
621 2581 729 2619 alius
751 2581 824 2631 qui
845 2581 992 2619 laetali
1014 2582 1168 2619 morbo
1191 2579 1263 2618 diu
1285 2581 1503 2628 laborans,
1528 2581 1581 2620 ad
1600 2583 1926 2622 confessionem

281 2652 440 2692 adduci
469 2666 555 2692 non
586 2657 777 2703 poterat.
803 2652 999 2690 Tandem
1022 2654 1075 2691 ab
1111 2666 1197 2691 vno
1229 2652 1356 2691 nobis
1386 2652 1584 2692 familiari
1605 2667 1856 2705 persuasus,
1881 2658 1928 2693 vt

280 2725 323 2763 in
353 2725 439 2764 hoc
469 2724 623 2763 vltimo
648 2725 765 2762 vitae
788 2737 893 2762 suae
916 2724 1165 2762 discrimine
1187 2724 1375 2775 aliquem
1400 2737 1453 2762 ex
1482 2726 1643 2765 nostris
1666 2726 1747 2764 sibi
1768 2725 1925 2766 adesse

281 2797 574 2847 permitteret,
610 2795 848 2846 acquieuit3
881 2808 964 2833 nec
994 2808 1130 2840 mora,
1169 2795 1243 2834 vbi
1272 2795 1456 2846 primum
1490 2797 1620 2835 Pater
1651 2803 1836 2836 vocatus
1859 2811 1928 2836 ac-

334 2970 351 2987 a
393 2968 517 3001 esset.
572 2963 637 2987 —b
677 2962 898 3000 diuortium
935 2966 1074 3009 supra
1101 2972 1211 2999 vers.
1267 2969 1332 2987 -0
1373 2961 1465 3009 δερ.
1488 2968 1531 2999 ut
1548 2963 1673 3001 delet.
1731 2965 1796 2990 —d
1835 2961 1926 3002 eurn

293 3026 433 3069 supra
448 3032 554 3059 vers.
611 3030 676 3049 -θ
700 3035 792 3060 sese
807 3026 946 3067 supra
968 3032 1077 3058 vers.
1096 3020 1289 3059 Polanci
1305 3031 1459 3058 manu.

329 3204 339 3223 ¹
393 3201 458 3241 Cf.
478 3202 544 3240 ΡΞ.
568 3201 770 3247 LXXVI,
794 3203 847 3240 11.
