2038 3400
308 270 375 307 954
782 271 1000 307 LlTTERAE
1029 269 1386 314 QUADRIMESTRES

264 373 500 412 tenderunt
530 376 693 426 aliquot
716 375 847 415 ciues.
872 379 915 411 et
945 386 967 410 e
989 372 1180 410 finitimis
1210 371 1333 422 pagis
1349 372 1559 419 nonnulli,
1582 378 1630 410 vt
1651 372 1764 410 filios
1782 384 1884 409 suos

265 444 379 483 domi
410 446 627 484 aleremus
658 446 1023 495 doceremusque.
1057 445 1156 482 Non
1186 442 1339 481 alimus
1359 443 1550 493 quidem,
1574 442 1776 493 quoniam
1811 456 1883 481 ne-

264 527 347 566 que
369 517 487 563 licet,
512 529 655 566 neque
679 516 713 554 si
734 517 902 563 liceret,
925 514 1205 553 commodum
1227 518 1310 561 estg
1331 514 1409 552 sed
1427 514 1638 553 docemus
1661 518 1705 552 et
1724 514 1823 552 illos
1840 520 1885 552 et

262 586 370 624 alios
392 586 556 638 aliquot
587 587 677 637 spei
695 587 941 625 nonnullius
958 598 1134 636 puerOS.
1162 585 1282 623 Haec
1305 590 1405 623 sunt
1433 585 1497 624 rei
1512 585 1731 623 literariae
1749 585 1886 635 prima

262 658 474 708 quaedam
495 658 731 709 praeludia,
756 658 854 708 quia
873 662 916 694 et
938 656 1126 707 tempori
1148 662 1192 694 et
1214 656 1402 707 ingenijs
1423 656 1550 694 huius
1571 656 1762 695 ciuitatis
1784 668 1884 694 con-

263 729 421 767 sultum
437 729 560 767 initio
578 729 784 779 oportuit.
806 728 850 767 Si
872 728 1036 767 maiora
1051 726 1283 775 accedent,
1301 741 1389 766 non
1408 728 1664 766 omittentur
1679 727 1886 778 imposte-

264 813 370 846 rum,
396 801 570 840 Christo
586 802 690 851 Jesu
712 800 904 839 fauente.

315 881 353 918 3.
415 872 640 910 Debebam
671 876 833 918 autem,
867 883 979 922 quae
1011 876 1266 921 sequuntur,
1301 870 1600 922 superioribus
1628 876 1883 917 annectere,

262 944 361 993 quia
377 943 430 981 ad
448 943 682 994 spiritualia
701 943 845 981 officia
860 943 1099 994 pertinent,
1114 942 1196 981 nisi
1212 943 1253 980 in
1271 941 1503 981 scribenda
1518 941 1701 980 historia
1717 947 1885 993 tempo-

263 1015 318 1053 ris
336 1016 445 1053 ratio
466 1015 691 1066 sequenda
709 1020 843 1053 esset.
865 1014 1102 1053 Historiam
1121 1014 1235 1053 enim
1252 1028 1321 1053 me
1340 1014 1534 1053 scribere
1553 1012 1775 1063 admonuj‚
1798 1027 1886 1052 non

266 1087 508 1137 epistolam.
532 1088 683 1137 Itaque
707 1086 900 1126 calendis
937 1086 1202 1133 decembris,
1226 1087 1289 1124 uti
1310 1086 1406 1124 fieri
1428 1087 1542 1124 solet
1562 1087 1604 1124 in
1626 1086 1708 1124 hac
1737 1092 1888 1124 nostra

265 1159 405 1197 Gallia
422 1158 475 1196 ad
497 1159 785 1197 Natiuitatem
807 1171 946 1210 vsque
967 1166 1001 1206 a,
1027 1164 1233 1210 coeptum
1257 1162 1323 1196 est
1346 1158 1586 1197 conciones
1607 1156 1759 1196 haberi
1781 1171 1886 1209 quo-

264 1230 369 1268 tidie
386 1230 439 1269 ad
456 1231 663 1282 populum
683 1243 708 1268 a
730 1232 860 1269 Patre
881 1230 1101 1269 Peletario
1124 1230 1166 1268 in
1187 1231 1272 1268 hoc
1291 1229 1467 1281 oppido,
1489 1230 1627 1268 ueluti
1644 1242 1887 1268 consueue-

264 1308 326 1340 rat
348 1302 431 1340 iam
449 1301 550 1340 inde
572 1302 625 1340 ab
648 1302 771 1340 initio
794 1301 950 1341 diebus
970 1301 1112 1349 festis,
1143 1302 1306 1340 factum
1340 1308 1407 1340 est
1428 1301 1546 1340 idern
1567 1306 1662 1340 toto
1685 1306 1887 1352 tempore

263 1386 410 1412 sacrae
434 1373 812 1426 quadragesimae,
845 1375 887 1412 in
922 1387 1008 1425 quo
1033 1379 1259 1412 ostensum
1282 1379 1350 1412 est
1376 1373 1657 1425 appamianis,
1678 1374 1888 1411 coeteris-

263 1458 347 1497 que
364 1446 489 1484 bonis
508 1446 723 1493 omnibus,
743 1445 846 1496 quid
862 1451 1016 1497 posset
1039 1446 1200 1484 ueritas
1225 1444 1532 1484 ecclesiaticae
1550 1444 1778 1484 doctrinae
1797 1445 1888 1496 Spi-

264 1519 370 1556 ritus
383 1518 520 1556 sancti
537 1530 803 1569 suorumque
821 1518 1116 1556 ministrorum
1132 1529 1282 1568 opera.
1300 1518 1500 1567 Quatuor
1517 1517 1670 1555 suntin
1683 1517 1764 1555 hac
1780 1517 1887 1554 vrbe

265 1590 543 1636 monasteria,
567 1588 896 1640 pomeridianae
924 1589 1164 1627 conciones
1193 1588 1349 1626 diebus
1379 1587 1608 1626 dominicis
1635 1587 1694 1626 ibi
1714 1588 1888 1625 habitae

266 1667 364 1699 sunt
397 1673 636 1713 permagna
662 1661 925 1711 frequentia3
957 1660 1198 1699 matutinae
1228 1660 1270 1699 in
1300 1659 1475 1710 templis
1507 1658 1751 1709 ordinarijs.
1776 1660 1887 1697 Inte-

264 1733 341 1770 rim
363 1732 540 1771 adducti
561 1738 659 1770 sunt
681 1732 735 1770 ad
758 1737 1133 1770 sacramentorum
1154 1745 1280 1770 vsum
1302 1743 1353 1769 ac
1379 1731 1569 1769 fructum
1591 1731 1711 1770 ciues
1734 1731 1887 1769 utrius-

265 1818 348 1855 que
371 1817 503 1843 sexus
524 1817 610 1842 non
632 1804 776 1855 paucj,
801 1805 836 1843 si
856 1804 1023 1855 patriae
1055 1817 1106 1842 ac
1134 1803 1254 1841 vrbis
1285 1815 1453 1841 morem
1485 1803 1757 1842 consideres.
1790 1803 1889 1841 Non

266 1875 432 1927 quieuit
454 1874 625 1914 interim
648 1877 780 1915 Satan
802 1875 976 1914 diuinae
999 1875 1136 1914 laudis
1158 1875 1321 1914 inuidia
1340 1880 1582 1926 permotus.
1603 1875 1890 1913 Inflammauit

266 1949 380 1987 enim
403 1948 472 1986 ille
495 1947 767 1999 quorundam
789 1953 1087 1998 apostatarum
1119 1947 1304 1995 animos,
1336 1951 1383 1985 vt
1414 1946 1708 1985 acerbissimis
1739 1952 1889 1984 contu·

264 2020 404 2069 melijs
425 2020 654 2059 afficerent
676 2020 728 2058 D.
752 2019 943 2071 Virginis
964 2019 1214 2070 imaginem,
1240 2032 1368 2070 quam
1391 2031 1414 2057 e
1436 2019 1535 2057 loco
1553 2018 1729 2070 publico
1748 2019 1889 2068 direp-

265 2093 412 2130 tamin
441 2091 586 2130 medio
617 2092 714 2130 foro
746 2092 947 2130 venalem
978 2097 1305 2143 proposuerunt
1334 2091 1437 2129 fune
1468 2104 1738 2142 suspensam,
1772 2090 1889 2141 quod

265 2169 468 2203 accurate
490 2163 594 2202 satis
614 2165 744 2215 paulo
767 2169 867 2202 ante
891 2163 946 2202 de
969 2164 1062 2202 eius
1084 2164 1255 2201 honore
1275 2162 1431 2201 fuisset
1454 2162 1740 2201 concionatus
1758 2163 1888 2199 Pater

264 2236 335 2273 ille
366 2242 532 2274 noster.
572 2235 828 2274 Remedium
865 2236 1074 2274 continuo
1111 2236 1287 2274 allatum
1326 2240 1393 2273 est
1426 2235 1528 2273 huic
1558 2235 1687 2281 malo,
1719 2233 1889 2273 solenni

266 2301 378 2340 enim
395 2303 414 2327 b
434 2315 607 2352 pompa,
627 2301 958 2352 incredibilique
976 2302 1125 2352 populi
1142 2301 1420 2340 multitudine
1437 2301 1582 2352 imago
1600 2301 1806 2339 restituta
1823 2305 1890 2338 est

266 2375 305 2411 in
329 2387 451 2412 suum
474 2374 633 2421 locum,
658 2380 977 2425 praetereaque
1000 2375 1289 2413 constitutum
1311 2381 1359 2413 ut
1379 2374 1534 2412 diebus
1557 2373 1727 2412 sabbati
1754 2373 1890 2411 totius

265 2444 625 2496 quadragesimae
657 2446 813 2484 concio
844 2445 1082 2484 haberetur
1113 2444 1169 2484 de
1192 2447 1243 2484 D.
1268 2445 1417 2484 Matris
1439 2445 1653 2492 laudibus,
1677 2444 1732 2483 ad
1761 2456 1888 2495 quam

265 2517 439 2554 vicatim
461 2518 647 2568 populus
669 2517 957 2556 tintinnabulo
982 2522 1320 2565 conuocaretur,
1344 2523 1476 2568 atque
1498 2517 1558 2555 ita
1575 2516 1823 2563 commotis,
1845 2523 1890 2554 ut

264 2600 337 2637 par
360 2594 467 2635 erat,
487 2589 702 2627 bonorum
720 2589 887 2636 animis,
907 2589 1060 2627 iniuria
1076 2589 1148 2627 illa
1164 2590 1429 2640 amplissimo
1447 2590 1618 2628 honore
1636 2601 1890 2640 compensa·

266 2664 308 2696 ta
345 2664 425 2697 est.
465 2660 727 2698 Saeuierunt
758 2660 870 2698 illius
901 2661 1078 2711 generis
1108 2661 1309 2699 homines
1339 2674 1427 2699 non
1458 2660 1594 2699 multo
1626 2667 1728 2712 post
1757 2661 1889 2711 longe

267 2728 485 2768 crudelius
507 2730 547 2768 in
571 2737 895 2770 sacrosanctam
920 2732 1242 2779 eucharistiam,
1267 2745 1395 2783 quam
1418 2745 1473 2770 ex
1504 2732 1669 2783 templo
1700 2731 1888 2783 quodam

267 2812 363 2838 curn
386 2802 500 2839 vasis
521 2813 572 2839 ac
603 2814 725 2840 sacra
753 2814 867 2852 pene
898 2808 993 2840 tota
1021 2804 1296 2853 supellectile
1333 2802 1563 2854 direptam,
1587 2808 1661 2841 aut
1689 2803 1889 2841 combus-

267 2878 430 2919 serunt,
455 2878 528 2910 aut
549 2873 591 2911 in
614 2873 780 2911 clocam
803 2873 987 2924 aliquam
1010 2873 1147 2923 (dictu
1168 2874 1424 2925 nefandum)
1452 2874 1753 2925 proiecerunt3
1784 2874 1889 2912 nihil

268 2943 380 2981 enirn
411 2943 465 2982 de
499 2956 550 2983 ea
580 2957 767 2995 vnquam
799 2952 1072 2996 compertum
1105 2951 1187 2985 est.
1221 2946 1332 2985 Data
1362 2958 1537 2998 quoque
1570 2951 1637 2985 est
1669 2958 1817 2997 opera,
1842 2950 1888 2984 vt

313 3078 331 3097 ²²
382 3078 412 3115 3
427 3089 494 3116 vv.
514 3084 655 3126 praec.
678 3081 723 3117 in
744 3090 883 3126 marg.
906 3080 1059 3118 eadem
1079 3091 1232 3119 manu.
1285 3083 1352 3109 —b
1374 3080 1483 3120 enim
1500 3086 1639 3128 supra
1657 3092 1768 3120 vers.
