2038 3400
319 196 389 234 218
772 198 994 236 LlTTERAE
1023 201 1387 245 Qutxofflmfisrnfis

271 301 379 352 gotij
404 301 631 341 lutherana
654 303 840 353 vestigia
861 303 1136 342 facesserunt
1160 307 1184 352 ¹,
1208 305 1368 343 nostris
1391 318 1477 343 non
1499 306 1639 344 solum
1658 306 1901 365 orationum

270 373 491 424 suffragijs
513 374 649 412 iuvari
672 376 908 425 postulant,
933 389 1085 415 uerum
1108 378 1321 429 aliquibus
1342 376 1383 416 in
1405 378 1470 415 his
1491 391 1602 428 quae
1630 378 1684 416 ad
1706 384 1901 417 sanctum

269 445 441 483 illorum
464 459 620 483 munus
643 452 843 497 spectant
862 449 895 495 a,
920 452 1115 496 vtuntur3
1139 463 1323 501 quorum
1352 450 1503 488 labore
1524 451 1705 488 multum
1727 449 1901 500 quidem

269 516 416 554 diuine
439 517 606 567 gloriae
628 518 949 557 accumulatum
973 532 1071 558 esse
1103 521 1304 559 arbitror.
1339 520 1450 559 Hinc
1481 521 1612 559 etiam
1633 521 1795 560 factum
1819 527 1899 568 est,

269 593 314 626 vt
350 589 409 627 illi
441 590 687 640 grauissimi
723 591 802 629 viri
829 590 1064 630 Societatis
1101 606 1255 631 munus
1277 592 1331 631 ad
1354 606 1544 644 vnguem
1574 592 1898 644 percalluerint‚

271 666 314 699 et
336 667 543 711 quantum
567 664 609 701 in
626 664 758 702 rebus
775 662 894 712 fidei,
916 665 1160 704 catholicae
1180 665 1397 704 ecclesiae
1413 665 1561 704 faueat
1582 667 1601 691 b
1622 665 1898 704 intellexere.

268 733 364 771 Nec
393 734 470 772 sibi
496 740 661 773 tantum
684 735 725 773 in
757 736 839 774 hac
873 749 920 774 re
962 743 1187 788 comperta
1222 738 1508 789 gratulantur,
1542 737 1620 775 sed
1642 737 1786 776 multis
1807 738 1901 787 alijs

266 805 326 843 ita
348 805 546 856 impense
569 806 842 846 Societatem
865 808 1174 847 commendant
1210 810 1291 847 hac
1326 809 1366 847 in
1402 821 1464 856 re,
1499 815 1541 847 et
1565 809 1701 848 uerba
1721 809 1900 860 ingemi-

266 882 369 915 nant
390 879 521 928 pleno
547 891 623 916 ore
646 878 846 917 laudibus
870 880 1047 927 referta,
1082 887 1128 919 vt
1159 880 1405 931 subpudeat
1427 880 1495 918 illa
1518 881 1702 928 referre3
1725 894 1779 919 116
1803 895 1899 920 611111

267 949 507 988 Societatis
530 951 730 989 minimus
760 950 853 1002 ipse
885 951 964 990 sim
986 952 1260 1000 fraterculus,
1294 951 1432 990 laudis
1467 951 1627 1002 aliquid
1661 952 1703 990 in
1724 954 1899 1004 proprio

266 1033 342 1059 ore
366 1021 558 1060 sordeat.

320 1102 358 1141 7.
420 1094 564 1132 Multis
595 1094 690 1144 alijs
721 1095 994 1146 supersedeo
1027 1097 1232 1135 breuitati
1267 1098 1463 1145 studens,
1501 1112 1685 1149 quorum
1717 1106 1733 1123 0
1769 1097 1898 1136 etiam

266 1178 353 1203 non
376 1166 570 1216 suppetit
592 1167 843 1205 meminisse
863 1168 1069 1207 omnium.
1093 1169 1234 1207 Vnum
1254 1176 1399 1208 tamen
1421 1183 1508 1208 non
1529 1170 1899 1221 praetereundum

267 1250 367 1274 sese
391 1237 494 1275 mihi
515 1238 557 1275 in
578 1238 699 1276 calce
724 1238 870 1277 offert.
896 1240 1022 1278 Diem
1044 1240 1116 1291 qui
1139 1240 1460 1280 circumcisioni
1482 1254 1606 1279 sacer
1629 1245 1710 1289 est,
1745 1242 1901 1280 solem-

266 1321 365 1347 nem
402 1309 674 1361 hilaremque
698 1311 975 1362 sumpsimuS.
1001 1311 1177 1363 Optime
1201 1318 1353 1351 ornata
1375 1313 1565 1351 ecclesia
1594 1311 1747 1364 pridie,
1778 1314 1900 1351 multi

265 1380 447 1419 adfuere
478 1381 765 1432 psalmodiae,
799 1395 885 1433 quo
907 1383 1070 1422 tactum
1102 1387 1184 1432 est,
1218 1389 1263 1422 vt
1293 1385 1411 1435 plebi
1442 1385 1722 1423 concurrenti
1752 1383 1805 1422 ad
1840 1385 1901 1422 lu-

265 1451 447 1490 crandas
469 1452 764 1504 indulgentias
781 1453 1083 1493 inseruiretur.
1104 1456 1159 1494 Vt
1179 1456 1292 1494 enim
1309 1456 1413 1494 licet
1429 1469 1506 1506 per
1524 1470 1739 1494 summum
1756 1456 1882 1494 Chris

264 1525 293 1562 ti
327 1525 551 1572 uicarium,
589 1525 660 1563 1116
690 1525 784 1564 dies
814 1526 897 1564 illis
927 1539 952 1565 a
980 1533 1132 1565 nostro
1157 1529 1285 1566 Patre
1313 1526 1455 1566 dictus
1488 1534 1568 1566 est.
1602 1529 1899 1579 Vnaquaeque

265 1597 395 1635 etiam
433 1597 588 1648 religio
611 1597 738 1637 binos
759 1598 813 1636 ad
843 1612 924 1637 nos
955 1599 1070 1637 misit
1092 1600 1346 1647 monachos,
1371 1601 1441 1651 qui
1473 1601 1608 1639 choro
1632 1613 1898 1651 mensaeque

264 1672 443 1706 nostrae
465 1668 749 1708 interessent.
785 1670 870 1719 Qui
893 1683 990 1708 cum
1020 1671 1193 1721 plenam
1222 1671 1477 1710 habuissent
1499 1685 1693 1710 mensam
1714 1672 1756 1710 in
1791 1678 1898 1710 tem-

263 1740 351 1790 plo,
377 1741 507 1778 Patre
538 1740 772 1779 Francisco
804 1741 1104 1790 contionante,
1138 1743 1309 1793 plenam
1332 1756 1507 1794 quoque
1538 1744 1734 1782 habuere
1755 1743 1797 1782 in
1827 1745 1899 1782 tri-

264 1812 411 1859 clinio3
429 1825 513 1850 1166
532 1812 645 1850 6111111
664 1812 801 1851 defuit
820 1813 891 1863 qui
908 1818 1105 1865 sumptus
1122 1814 1142 1839 <¹
1158 1813 1455 1865 suppeditans,
1476 1828 1662 1866 corpora
1677 1820 1895 1866 pasceret,

264 1890 307 1922 et
344 1897 398 1922 ex
429 1884 591 1923 nostris
626 1883 816 1935 quidam,
852 1886 925 1936 qui
954 1885 1128 1925 interim
1166 1887 1365 1926 oratione
1401 1900 1488 1926 non
1518 1888 1688 1926 insuaui
1718 1901 1769 1927 ac
1803 1888 1897 1926 fere

263 1961 608 2007 extemporanea
629 1957 797 1995 animos
820 1958 1041 2005 reficeret,
1066 1971 1390 2008 nonnumquam
1425 1959 1597 2009 graecis
1631 1960 1896 2011 hebreisque

260 2027 459 2066 thedium
495 2028 663 2066 leuans.
690 2028 859 2067 Eodem
892 2029 963 2067 die
985 2030 1037 2068 D.
1063 2030 1290 2068 Ramerius
1307 2037 1340 2077 e,
1367 2043 1463 2068 cum
1486 2031 1587 2069 alibi
1618 2043 1741 2069 sacra
1762 2032 1897 2070 uerba

260 2100 456 2148 fecisset,
486 2099 662 2151 uesperi
692 2100 806 2151 apud
828 2114 909 2139 nos
941 2102 1221 2140 contionatus
1254 2107 1334 2140 est.
1368 2101 1642 2141 Numerosus
1674 2102 1804 2141 etiam
1842 2116 1894 2141 eo

261 2170 332 2209 die
356 2171 659 2210 confitentium
691 2184 801 2222 grex
824 2172 919 2220 fuit,
950 2172 1180 2223 indiesque
1210 2173 1560 2211 numerosiorem
1593 2178 1893 2224 expectamus.

262 2243 387 2282 Faxit
410 2244 530 2281 Deus
561 2243 633 2294 qui
666 2245 960 2295 syngraphum
982 2244 1109 2283 nobis
1130 2244 1304 2295 reliquit
1326 2258 1373 2283 se
1390 2245 1402 2269 f
1422 2245 1657 2284 affuturum
1688 2259 1826 2296 Vsque
1854 2247 1896 2284 in

260 2315 391 2353 finem
414 2315 552 2353 seculi
573 2319 600 2362 ²,
626 2316 943 2366 operariosque
962 2316 1105 2354 mittat
1122 2316 1164 2355 in
1181 2316 1355 2354 vineam
1373 2329 1508 2364 suam,
1533 2315 1649 2355 vnde
1666 2316 1896 2356 vberiores

258 2388 301 2425 in
322 2391 550 2437 posterum
571 2386 740 2425 fructus
773 2392 1074 2438 expectamus·
1111 2387 1388 2439 [Imperitiae
1417 2387 1597 2427 veniam
1622 2389 1828 2439 postulat
1857 2391 1896 2428 et

258 2459 359 2497 vale
391 2457 532 2506 dz'cit.]
573 2458 714 2496 Pintia
734 2465 763 2506 ³,
801 2458 938 2510 prima
968 2458 1039 2498 die
1056 2458 1168 2510 Junij
1192 2467 1341 2498 ganno
1371 2460 1568 2507 milless.,
1598 2460 1894 2511 quingentes.,

258 2530 572 2581 quinquagess.
597 2543 731 2568 nono.

259 2622 524 2641 ffl—7—

304 2667 323 2686 ²¹
375 2666 560 2704 Emend.
579 2678 629 2704 ex
649 2673 878 2713 expectant.
933 2670 998 2693 -b
1022 2668 1211 2705 Emerui.
1237 2680 1288 2706 ex
1302 2668 1481 2706 faueant.
1535 2679 1598 2696 -c
1619 2670 1756 2707 Prius
1773 2683 1892 2717 quae.

258 2727 327 2753 —d
348 2727 485 2764 Prius
502 2726 755 2773 sumptimus.
826 2736 890 2753 —e
913 2728 984 2765 Sic
1002 2730 1048 2765 in
1069 2739 1150 2766 ms.
1170 2728 1307 2766 Prius
1322 2728 1542 2766 Ramirius.
1597 2731 1656 2756 -f
1681 2729 1736 2768 Se
1754 2735 1892 2778 supra

255 2797 463 2825 versum..
518 2794 587 2810 —ff
607 2787 760 2825 Prius:
775 2787 798 2824 2
815 2788 1001 2825 kalendis
1021 2787 1135 2837 Maij.
1156 2788 1282 2835 Infra
1302 2800 1411 2826 vers.
1433 2790 1614 2827 calendis
1632 2789 1770 2839 Iunijs.

304 2916 312 2935 ¹
366 2913 496 2951 Paulo
523 2918 617 2950 ante
645 2913 945 2950 haereticorum
973 2914 1210 2961 perquisitio
1238 2913 1356 2958 facta,
1386 2919 1426 2951 et
1457 2915 1699 2962 supplicium
1731 2915 1779 2952 de
1811 2915 1891 2952 illis

255 2978 458 3021 sumptum
477 2978 565 3009 erat
586 2972 839 3010 Vallisoleti.
869 2973 933 3011 Cf.
955 2974 1110 3011 Laim'i
1129 2973 1337 3017 Monum..
1359 2973 1435 3017 IV,
1451 2974 1533 3012 361.

303 3035 316 3055 ²
368 3031 553 3075 ΜΑΤΤΗ.,
576 3031 769 3078 XXVIII,
789 3032 851 3070 20.
1151 3033 1163 3053 ³
1214 3031 1464 3072 Valladolid.
