2038 3400
336 271 406 308 716
788 274 1008 310 LITTERAE
1035 273 1397 319 QUADR1MESTRES

285 373 362 412 tris
383 374 635 413 inflammati
658 375 933 413 sermonibus
954 375 1267 426 perfectiorem
1290 377 1469 415 viuendi
1500 378 1714 416 rationem
1733 378 1803 415 uel
1825 389 1916 415 sec-

286 445 363 482 tati
395 452 508 491 sunt,
544 446 612 484 uel
647 446 909 483 omnimodis
950 458 1044 484 eam
1077 448 1236 484 sectari
1268 447 1585 486 decreuerunt?
1616 448 1760 486 Habet
1796 455 1916 486 certe

285 516 399 554 fama
419 516 593 566 publica
615 530 638 555 a
660 518 804 555 multis
826 518 911 554 iam
932 518 1054 555 annis
1076 518 1210 556 fuisse
1234 518 1489 562 inauditum.
1514 524 1561 556 vt
1582 523 1649 557 tot
1671 513 1755 556 una
1792 519 1918 569 virgi-

285 601 364 626 nes
392 588 445 626 ad
478 589 745 627 monasteria
773 590 1075 636 conuolarent,
1106 595 1213 640 quot
1243 590 1504 628 breuissimo
1526 592 1628 637 hoc,
1652 604 1738 640 quo
1771 590 1919 629 Socie-

287 666 352 697 tas
373 659 443 697 hic
468 660 574 697 uiuit
597 666 814 710 tempore.

339 741 376 777 3.
439 731 572 769 Multa
598 731 668 769 hic
699 732 752 769 de
785 732 1097 778 cofessionum,
1122 744 1233 782 quae
1264 733 1425 770 nostris
1455 733 1597 770 factae
1631 737 1743 778 sunt,
1776 732 1920 770 fructu

285 803 450 840 narrari
472 811 668 853 possent,
694 803 771 841 sed
801 804 935 841 satius
957 804 1073 841 forte
1094 804 1225 842 fuerit
1255 803 1533 854 particularia
1555 805 1786 855 plaeraque
1820 816 1920 842 con-

287 876 401 912 sulto
424 876 681 925 praeterire.
704 876 1007 914 Creberrimae
1033 888 1152 922 sane,
1172 875 1213 912 in
1234 875 1508 915 hebdomada
1525 875 1784 927 praesertim
1801 887 1921 913 sanc-

286 952 344 993 ta,
368 946 544 984 fuerunt
568 947 887 994 confessiones,
920 947 980 984 ita
1006 952 1052 984 vt
1090 960 1262 985 omnem
1298 953 1492 985 nostram
1529 948 1660 998 longe
1694 947 1824 984 etiam
1855 960 1921 984 su-

286 1023 461 1068 peraret
484 1023 570 1057 tarn
591 1019 828 1070 fraequens
850 1019 1154 1057 confitentium
1185 1032 1392 1058 numerus
1414 1020 1787 1070 expectationem.
1815 1018 1922 1056 Tres

288 1102 343 1127 ex
365 1090 671 1129 sacerdotibus
699 1105 1023 1143 germanorum,
1048 1092 1134 1130 duo
1158 1105 1266 1130 uero
1298 1092 1367 1141 alij
1392 1092 1609 1138 italorum,
1634 1092 1846 1142 gallorum
1880 1096 1924 1129 et

286 1161 551 1201 flandrorum
581 1163 807 1202 audiendis
843 1165 1197 1203 confessionibus
1230 1162 1555 1215 occupatissimi
1585 1164 1726 1210 fuere3
1757 1167 1800 1201 et
1832 1175 1922 1201 cre-

286 1232 469 1272 diderim
492 1235 564 1273 vix
588 1235 743 1274 decem
768 1235 1028 1274 sacerdotes
1061 1237 1275 1282 omnibus,
1300 1236 1372 1286 qui
1393 1236 1519 1273 nobis
1543 1235 1745 1274 confiteri
1767 1234 1923 1285 cupijs-

287 1310 400 1353 sent,
426 1307 529 1345 satis
550 1307 743 1346 facturos
765 1308 915 1346 fuisse.
940 1308 1075 1346 Cuius
1097 1307 1273 1358 quidem
1306 1309 1369 1346 rei
1390 1309 1502 1346 hanc
1523 1308 1636 1346 inter
1668 1307 1771 1345 alias
1800 1319 1922 1357 prae-

288 1377 457 1429 cipuam
480 1380 695 1417 rationem
726 1380 860 1417 fuisse
892 1380 1153 1430 putauerim,
1188 1386 1234 1417 vt
1266 1385 1309 1417 et
1341 1393 1394 1418 ex
1426 1379 1528 1429 ipsis
1560 1378 1744 1417 subinde
1775 1378 1923 1428 poeni-

287 1450 481 1488 tentibus
530 1451 842 1498 intelleximus,
886 1451 1003 1501 quod
1042 1464 1128 1489 non
1168 1451 1349 1501 perinde
1391 1451 1485 1500 alijs
1538 1456 1668 1501 atque
1710 1449 1925 1488 Societati

286 1520 438 1569 fidant3
461 1534 547 1573 quo
584 1535 687 1560 sane
709 1522 887 1569 factum,
915 1528 959 1560 vt
980 1523 1234 1560 innumeros
1254 1535 1368 1572 pene
1390 1522 1701 1569 audiuerimus,
1726 1521 1798 1572 qui
1819 1521 1924 1559 mul-

287 1593 341 1631 tis
386 1594 469 1632 iam
508 1595 629 1632 annis
669 1594 833 1644 absque
874 1607 980 1632 vera
1027 1600 1070 1632 et
1110 1595 1282 1645 integra
1329 1594 1611 1632 confessione
1652 1596 1925 1631 sacramenta

286 1665 648 1716 fraequentarint.
686 1679 772 1704 non
808 1667 934 1704 aliam
964 1667 1180 1704 habentes
1217 1666 1280 1703 sui
1317 1666 1533 1716 sacrilegij
1572 1665 1921 1710 excusationem,

288 1749 415 1787 quam
438 1737 555 1787 quod
577 1738 648 1775 vel
670 1750 693 1775 a
716 1737 949 1775 sacerdote
975 1737 1212 1775 examinati
1232 1749 1449 1788 nunquam
1471 1737 1671 1783 tuissent,
1697 1737 1765 1773 uel
1802 1741 1923 1773 certe

289 1809 446 1847 timore
470 1815 514 1847 et
536 1809 722 1847 humana
743 1808 927 1860 quadam
952 1808 1220 1847 verecundia
1238 1821 1262 1846 a
1282 1809 1536 1859 grauiorum
1557 1812 1841 1858 peccatorum
1860 1821 1924 1845 re-

289 1881 509 1918 uelatione
533 1881 717 1919 fuissent
738 1881 960 1931 prohibiti.
986 1882 1168 1918 Tantam
1190 1893 1297 1918 uero
1319 1879 1542 1931 plaerique
1567 1892 1620 1917 ex
1644 1879 1923 1917 confessione

289 1953 450 1989 nostris
480 1952 596 1990 facta
617 1954 863 1991 retulerunt
885 1953 1250 1997 consolationem,
1276 1958 1323 1990 vt
1344 1965 1431 1990 non
1453 1952 1533 2003 ipsi
1555 1952 1694 1990 solum
1729 1951 1862 1989 vitam
1884 1951 1924 1988 in

254 2041 258 2044 ·
290 2024 445 2062 melius
467 2031 739 2062 commutare
764 2030 808 2062 et
837 2029 1111 2063 sacramenta
1131 2024 1442 2074 fraequentare
1464 2023 1746 2069 instituerint,
1771 2022 1849 2060 sed
1881 2026 1923 2059 et

289 2097 398 2134 alios
433 2096 487 2135 ad
523 2096 678 2134 eadem
712 2097 971 2147 pertrahere
1004 2096 1226 2134 indefesso
1269 2095 1412 2133 studio
1455 2100 1684 2133 conentur.
1723 2094 1924 2145 Fatigant

290 2169 495 2218 precibus
515 2174 721 2218 parentes
742 2181 845 2206 suos
867 2169 997 2215 filiae,
1024 2175 1069 2205 vt
1090 2167 1215 2206 nobis
1240 2167 1441 2205 confiteri
1463 2165 1544 2204 sibi
1564 2166 1853 2217 permittatur.
1872 2165 1925 2202 Et

291 2239 392 2277 dum
416 2252 498 2277 vna
518 2240 634 2278 forte
658 2254 712 2278 ex
735 2240 838 2291 ipsis
860 2240 955 2278 uoti
977 2252 1158 2291 compos
1179 2239 1294 2277 facta
1315 2239 1460 2286 fuerit,
1490 2252 1577 2277 non
1600 2242 1744 2277 cessat
1765 2238 1836 2276 illa
1858 2251 1923 2276 so-

292 2312 464 2349 roribus
486 2311 595 2360 alijs.
621 2318 667 2349 vt
688 2311 803 2350 idem
827 2317 871 2350 et
900 2312 997 2350 illae
1020 2311 1181 2350 faciant
1203 2310 1405 2352 suadere;
1430 2315 1472 2347 et
1495 2310 1529 2348 si
1550 2311 1754 2360 precibus
1785 2308 1925 2348 minus

291 2383 405 2433 apud
434 2395 507 2420 eas
538 2384 751 2433 perficere
784 2397 829 2421 se
862 2383 999 2429 videt,
1038 2382 1256 2420 lachrimis
1287 2394 1378 2419 rem
1410 2386 1566 2428 tentat,
1600 2388 1646 2418 vt
1676 2381 1924 2432 pertinaces

292 2455 450 2504 alioqui
475 2466 652 2492 sorores
674 2455 869 2492 abnuere
891 2454 974 2492 iam
996 2467 1084 2492 non
1119 2453 1304 2504 possint,
1329 2452 1446 2503 quod
1478 2458 1599 2490 tanto
1622 2453 1675 2490 ab
1699 2453 1761 2491 eis
1789 2453 1924 2491 chari-

293 2527 394 2564 tatis
430 2526 525 2564 zelo
561 2527 739 2576 petitur.
780 2528 1009 2564 Monuerat
1044 2539 1121 2576 per
1157 2525 1437 2563 occasionem
1468 2526 1604 2563 semel
1638 2524 1924 2564 concionator

292 2603 444 2637 noster
467 2598 521 2636 de
544 2598 753 2637 cauendis
783 2597 937 2636 sedulo
969 2598 1293 2637 haereticorum
1323 2597 1457 2644 libris,
1482 2601 1527 2635 ut
1549 2610 1733 2648 quorum
1754 2597 1923 2648 pericu-

293 2670 401 2716 losa,
427 2670 627 2720 adeoque
650 2669 796 2707 multis
819 2670 1007 2708 exitiosa
1030 2672 1148 2707 esset
1170 2669 1319 2707 lectio.
1344 2668 1591 2706 Accurrunt
1621 2668 1738 2706 illico
1761 2668 1814 2706 ad
1842 2681 1923 2706 nos

293 2741 462 2792 plurimj
487 2745 530 2779 et
552 2746 642 2778 tum
665 2741 705 2778 in
729 2741 1025 2787 confessione,
1049 2746 1141 2778 tum
1173 2745 1298 2778 extra
1320 2739 1645 2789 confessionem
1667 2752 1770 2778 suos
1797 2738 1923 2779 nobis

293 2811 608 2851 examinandos
630 2812 805 2849 tradunt
837 2812 1022 2854 libellos.
1047 2825 1232 2862 quorum
1255 2817 1378 2849 certe
1400 2811 1536 2849 maior
1567 2823 1664 2861 pars
1695 2811 1921 2849 haeretico

294 2890 389 2922 erat
416 2896 618 2933 respersa
645 2882 880 2928 fermento,
915 2890 958 2921 et
994 2883 1206 2934 quosdam
1241 2882 1417 2932 quidem
1452 2896 1531 2920 nos
1566 2882 1646 2932 ipsi
1681 2883 1874 2921 vulcano
1905 2883 1924 2901 a

293 2955 565 3002 tradidimus,
590 2955 699 2992 alios
721 2967 827 2992 uero
852 2954 1037 2993 dominis
1061 2953 1147 2993 suis
1170 2952 1431 2994 cremandos
1453 2953 1737 2992 reddidimus.

341 3094 360 3113 ²·
409 3093 507 3140 igni.
