2038 3400
321 227 386 263 188
772 228 990 265 er'rEmF
1017 229 1376 274 QUADfflMEs‘rREs

270 330 431 368 scholis
453 330 663 377 adiunxit,
689 336 1001 382 expectaturus
1024 332 1222 370 eiusdem
1254 333 1300 371 P.
1333 332 1611 383 prouincialis
1642 333 1894 376 aduentum,

272 408 318 438 ut
338 414 548 451 praesens
571 414 668 440 cum
690 408 927 453 praesente
951 416 1003 442 ea
1019 403 1073 441 de
1095 416 1143 442 re
1165 416 1300 454 agere
1318 405 1469 454 possit.

322 483 359 521 7.
421 474 562 512 Vnum
592 473 764 522 addam,
796 480 927 526 atque
961 475 1021 513 ita
1055 476 1156 514 huic
1190 487 1316 514 meae
1351 476 1565 526 epistolae
1601 475 1895 526 colophonem

270 544 502 595 imponam.
528 545 642 584 Ante
664 558 801 584 annos
821 559 909 584 non
930 547 992 584 ita
1011 547 1172 585 multos
1194 551 1399 596 coeptum
1422 552 1514 585 erat
1531 547 1602 597 agi
1618 547 1660 584 in
1678 545 1897 597 frequenti

271 615 480 654 nobilium
503 617 688 655 concilio
712 615 767 654 de
788 630 906 655 nouo
939 616 1127 668 collegio
1159 616 1271 668 apud
1302 618 1566 669 Drepanum,
1600 630 1711 667 quae
1743 616 1896 655 ciuitas

272 693 339 725 est
360 700 447 726 non
468 688 679 738 postremi
700 688 814 738 apud
835 688 996 727 siculos
1018 689 1219 736 nominis,
1245 689 1506 736 extruendo,
1532 694 1576 727 et
1602 688 1765 727 multae
1789 686 1897 738 opti-

272 764 434 797 matum
457 759 705 797 sententiae
728 772 780 797 eo
804 772 848 798 se
868 760 1148 807 inclinabant,
1173 765 1218 797 ut
1239 761 1323 798 iam
1349 773 1437 799 non
1467 760 1692 798 uideretur
1720 757 1896 797 difficile

273 833 522 882 impetratu,
546 832 664 881 quod
686 831 1028 883 proponebatur.
1049 831 1138 870 Sed
1161 836 1254 870 erat
1274 833 1387 870 inter
1405 836 1609 870 caeteros
1625 831 1697 882 qui
1717 829 1900 868 aliorum

274 901 482 953 suffragia
511 915 638 954 quam
669 903 1018 954 pertinacissime
1050 908 1338 955 oppugnaret,
1371 903 1488 954 quod
1508 916 1589 941 nos
1611 910 1629 928 a
1651 900 1902 940 adulatores

277 979 319 1013 et
343 976 515 1014 Ioannis
537 988 561 1013 a
581 977 721 1026 Vega,
744 977 815 1026 qui
838 980 942 1014 tunc
962 975 1173 1026 temporis
1204 975 1321 1027 regis
1351 975 1445 1024 [sic]
1479 986 1662 1013 munere
1693 973 1901 1024 fungeba-

275 1051 343 1084 tur
378 1052 402 1093 ¹,
436 1059 680 1096 corycaeos
712 1059 810 1084 esse
842 1046 1027 1085 diceret.
1065 1047 1216 1097 Itaque
1238 1047 1468 1097 persuasit.
1493 1047 1632 1084 Tanta
1654 1045 1768 1083 enim
1789 1044 1903 1096 apud

277 1118 589 1169 drepanenses,
615 1123 705 1156 tum
726 1118 940 1169 potentia,
965 1122 1055 1156 tum
1077 1117 1314 1156 autoritate
1342 1118 1532 1165 ualebat,
1566 1123 1612 1155 ut
1644 1117 1738 1155 eius
1768 1116 1902 1155 solius

276 1190 454 1228 arbitrio
487 1189 659 1240 quiduis
688 1189 816 1227 facile
847 1195 921 1227 aut
951 1189 1266 1228 decerneretur
1288 1194 1362 1228 aut
1382 1189 1681 1240 impediretur.
1706 1188 1903 1239 Contigit

276 1264 391 1300 hunc
410 1262 551 1313 ipsum
572 1262 722 1312 paucis
743 1261 902 1300 abhinc
931 1261 1153 1299 mensibus
1184 1261 1427 1299 Messanam
1458 1261 1626 1308 uenire,
1659 1260 1733 1298 ubi
1762 1259 1904 1297 adhuc

277 1334 382 1385 agit3
414 1334 486 1384 qui
515 1339 747 1385 postquam
778 1333 963 1372 uidisset
984 1345 1096 1384 quae
1117 1333 1231 1384 apud
1252 1345 1332 1371 nos
1354 1337 1606 1383 agerentur,
1630 1335 1903 1383 quantusque

275 1406 442 1444 fructus
462 1405 517 1443 ad
537 1406 789 1443 uniuersum
811 1405 1017 1456 populum
1042 1418 1095 1443 ex
1118 1405 1278 1443 nostris
1301 1405 1523 1443 exercitiis
1547 1409 1589 1442 et
1619 1403 1904 1442 concionibus

276 1482 570 1528 promanaret3
593 1476 709 1515 serio
733 1489 832 1514 eum
854 1476 1070 1527 poenituit
1090 1475 1324 1514 inconsulti
1346 1476 1530 1523 consilii3
1555 1481 1599 1513 et
1634 1487 1801 1513 summa
1831 1474 1906 1513 do-

278 1550 380 1587 loris
416 1549 738 1600 significatione
772 1548 1036 1599 palinodiam
1072 1548 1245 1596 cecinit,
1282 1548 1502 1599 pollicitus
1536 1548 1672 1599 prima
1702 1547 1804 1585 data
1835 1559 1906 1585 oe-

279 1622 456 1659 casione
479 1620 739 1658 effecturum
763 1633 826 1668 se,
852 1625 898 1658 ut
918 1620 1057 1658 nostri
1086 1620 1332 1671 intelligant
1361 1620 1480 1658 illum
1512 1620 1651 1670 ipsum
1682 1618 1754 1670 qui
1786 1619 1905 1670 prius

276 1691 550 1731 aedificando
573 1693 763 1743 collegio
782 1692 1056 1730 obstaculum
1074 1690 1273 1739 dederat,
1297 1698 1454 1742 postea
1471 1690 1751 1730 occasionem
1773 1695 1904 1741 atque

277 1765 444 1804 initium
467 1763 644 1802 dedisse
666 1764 693 1802 ⁴².
720 1763 851 1812 Quod
872 1776 1000 1815 quam
1023 1777 1077 1802 ex
1099 1764 1229 1802 animi
1264 1764 1485 1802 sententia
1506 1762 1679 1810 dixerit,
1718 1763 1789 1800 uel
1822 1762 1908 1800 hoc

278 1841 539 1889 argumento
559 1848 658 1874 esse
680 1841 843 1886 potest,
863 1836 981 1887 quod
1002 1836 1136 1874 filium
1158 1849 1283 1874 suum
1305 1836 1510 1887 Drepano
1528 1836 1614 1873 huc
1630 1833 1906 1872 euocandum

279 1908 596 1960 procurauerit,
620 1913 665 1946 ut
687 1920 712 1946 a
732 1908 908 1955 nostris,
933 1921 1031 1947 cum
1054 1908 1266 1955 doctrina,
1291 1913 1381 1946 tum
1404 1907 1597 1946 moribus
1618 1906 1908 1951 imbueretur3

281 1981 349 2020 cui
370 1982 405 2019 si
426 1982 545 2018 Deus
567 1980 755 2018 animum
777 1993 828 2018 ac
850 1981 982 2018 robur
1005 1980 1179 2031 spiritus
1201 1979 1365 2018 addere
1388 1979 1607 2031 dignetur,
1633 1979 1676 2016 in
1698 1977 1813 2016 uotis
1834 1978 1908 2015 ha-

280 2056 355 2094 bet
373 2069 472 2094 eum
490 2055 694 2094 sodalitio
716 2058 868 2091 nostro
886 2052 1154 2090 adscribere.
1178 2052 1352 2098 [Preces
1363 2052 1568 2103 postulat
1583 2052 1623 2089 et
1643 2050 1744 2089 vale
1765 2049 1906 2097 dicim

362 2127 590 2165 Messanae
612 2127 763 2178 quinto
785 2137 923 2163 nonas
945 2124 1079 2162 maias
1105 2132 1218 2173 1559.

362 2200 408 2237 R.
436 2200 481 2237 P.
506 2199 556 2237 T.
580 2197 784 2248 indignus
804 2197 847 2235 in
868 2195 1045 2234 Christo
1067 2196 1194 2242 filius,

1033 2284 1240 2322 AEGIDIUS
1269 2285 1425 2331 FABER,
1459 2284 1691 2335 brugensis
1720 2289 1747 2321 ³.

361 2413 468 2452 Alia
497 2425 654 2451 manu.
692 2410 948 2449 Emendata.
991 2409 1220 2458 [Mandata]
1262 2410 1305 2447 in
1344 2409 1533 2459 Spagna,
1577 2408 1771 2455 Francia,
1816 2407 1912 2445 Ale-

283 2499 453 2538 magna,
477 2486 680 2530 Genoua,
707 2488 792 2522 etc.
817 2482 948 2529 Forli,
976 2488 1060 2520 etc.
1086 2480 1286 2529 Fiandra,
1312 2487 1398 2519 etc.

365 2556 530 2609 Sigilli
549 2554 810 2607 vestigium.

330 2720 349 2739 a
400 2719 541 2755 Praec
574 2729 613 2754 v.
637 2716 870 2762 difficilius
889 2714 938 2751 ob
958 2714 1221 2751 attramenti
1237 2713 1464 2750 maculam
1485 2714 1570 2758 legi
1584 2715 1734 2758 potest.

334 2878 341 2897 ¹
390 2874 569 2922 joannes
588 2873 636 2909 de
659 2871 794 2917 vega,
816 2869 984 2907 Siciliae
1003 2880 1150 2916 prorex
1170 2868 1222 2905 ab
1239 2880 1347 2904 anno
1370 2867 1459 2903 1547
1477 2867 1526 2903 ad
1548 2865 1647 2903 1556.

332 2936 344 2956 ²
397 2932 579 2980 Drepani
599 2930 819 2977 collegium
845 2929 937 2967 Soc.
962 2928 1060 2976 Jesu
1088 2940 1193 2965 anno
1222 2926 1312 2964 1580
1338 2927 1503 2963 tandem
1531 2924 1685 2962 institui
1713 2929 1914 2970 coeptum.

288 2996 321 3034 C
326 2995 355 3033 t.
382 2994 630 3035 AGUILERA,
650 2991 680 3034 Ι,
702 3003 796 3038 pag.
816 2990 896 3028 233.

334 3057 347 3075 ³
398 3053 525 3094 Vide,
546 3064 682 3099 supra,
705 3065 741 3099 p.
762 3052 796 3088 5.
