<?xml version="1.0" encoding="UTF-8"?>
<!DOCTYPE html PUBLIC "-//W3C//DTD XHTML 1.0 Transitional//EN"
    "http://www.w3.org/TR/xhtml1/DTD/xhtml1-transitional.dtd">
<html xmlns="http://www.w3.org/1999/xhtml" xml:lang="en" lang="en">
 <head>
  <title>
</title>
<meta http-equiv="Content-Type" content="text/html;charset=utf-8" />
  <meta name='ocr-system' content='tesseract 3.04.00' />
  <meta name='ocr-capabilities' content='ocr_page ocr_carea ocr_par ocr_line ocrx_word'/>
</head>
<body>
  <div class='ocr_page' id='page_1' title='image "./litteraequadrime18lain_0535.png"; bbox 0 0 2038 3400; ppageno 0'>
   <div class='ocr_carea' id='block_1_1' title="bbox 477 239 1689 278">
    <p class='ocr_par' dir='ltr' id='par_1_1' title="bbox 477 239 1689 278">
     <span class='ocr_line' id='line_1_1' title="bbox 477 239 1689 278; baseline -0.002 -1"><span class='ocrx_word' id='word_1_1' title='bbox 477 240 767 278; x_wconf 48' lang='lat' dir='ltr'>&amp;ek—MONTE</span> <span class='ocrx_word' id='word_1_2' title='bbox 795 242 932 278; x_wconf 78' lang='lat' dir='ltr'>REGIO</span> <span class='ocrx_word' id='word_1_3' title='bbox 957 240 980 277; x_wconf 95' lang='lat'><strong>7</strong></span> <span class='ocrx_word' id='word_1_4' title='bbox 1006 239 1241 276; x_wconf 72' lang='lat' dir='ltr'><strong>FEBRUARM</strong></span> <span class='ocrx_word' id='word_1_5' title='bbox 1270 240 1360 276; x_wconf 82' lang='lat'>1560</span> <span class='ocrx_word' id='word_1_6' title='bbox 1620 239 1689 275; x_wconf 72' lang='lat'>517</span> 
     </span>
    </p>
   </div>
   <div class='ocr_carea' id='block_1_2' title="bbox 82 341 1733 2668">
    <p class='ocr_par' dir='ltr' id='par_1_2' title="bbox 82 341 1733 677">
     <span class='ocr_line' id='line_1_2' title="bbox 100 341 1733 393; baseline -0.001 -14"><span class='ocrx_word' id='word_1_7' title='bbox 100 347 284 391; x_wconf 85' lang='lat' dir='ltr'>quatuor</span> <span class='ocrx_word' id='word_1_8' title='bbox 306 343 436 393; x_wconf 85' lang='lat' dir='ltr'>igitur</span> <span class='ocrx_word' id='word_1_9' title='bbox 457 341 679 380; x_wconf 84' lang='lat' dir='ltr'>tradendis</span> <span class='ocrx_word' id='word_1_10' title='bbox 707 342 1016 393; x_wconf 76' lang='lat' dir='ltr'>grammaticae</span> <span class='ocrx_word' id='word_1_11' title='bbox 1047 342 1293 391; x_wconf 82' lang='lat' dir='ltr'>praeceptis</span> <span class='ocrx_word' id='word_1_12' title='bbox 1325 342 1609 389; x_wconf 71' lang='lat' dir='ltr'>stringuntur,</span> <span class='ocrx_word' id='word_1_13' title='bbox 1635 354 1733 378; x_wconf 77' lang='lat' dir='ltr'>mox</span> 
     </span>
     <span class='ocr_line' id='line_1_3' title="bbox 99 413 1732 464; baseline -0.001 -14"><span class='ocrx_word' id='word_1_14' title='bbox 99 413 273 464; x_wconf 83' lang='lat' dir='ltr'>quintus</span> <span class='ocrx_word' id='word_1_15' title='bbox 295 420 369 459; x_wconf 47' lang='lat'>3³¹³</span> <span class='ocrx_word' id='word_1_16' title='bbox 399 413 679 463; x_wconf 86' lang='lat' dir='ltr'>physicorum</span> <span class='ocrx_word' id='word_1_17' title='bbox 711 414 864 451; x_wconf 86' lang='lat' dir='ltr'>librum</span> <span class='ocrx_word' id='word_1_18' title='bbox 896 413 1100 462; x_wconf 80' lang='lat' dir='ltr'>explicat,</span> <span class='ocrx_word' id='word_1_19' title='bbox 1135 418 1286 449; x_wconf 76' lang='lat' dir='ltr'>sextus</span> <span class='ocrx_word' id='word_1_20' title='bbox 1318 413 1488 449; x_wconf 68' lang='lat' dir='ltr'>domum</span> <span class='ocrx_word' id='word_1_21' title='bbox 1523 426 1648 449; x_wconf 69' lang='lat' dir='ltr'>casus</span> <span class='ocrx_word' id='word_1_22' title='bbox 1680 413 1732 449; x_wconf 68' lang='lat' dir='ltr'>do</span> 
     </span>
     <span class='ocr_line' id='line_1_4' title="bbox 82 483 1732 533; baseline -0.001 -12"><span class='ocrx_word' id='word_1_23' title='bbox 82 484 382 531; x_wconf 63' lang='lat' dir='ltr'>conscientia,</span> <span class='ocrx_word' id='word_1_24' title='bbox 416 485 640 521; x_wconf 76' lang='lat' dir='ltr'>materiam</span> <span class='ocrx_word' id='word_1_25' title='bbox 672 484 840 522; x_wconf 84' lang='lat' dir='ltr'>scilicet</span> <span class='ocrx_word' id='word_1_26' title='bbox 863 484 917 522; x_wconf 89' lang='lat' dir='ltr'>de</span> <span class='ocrx_word' id='word_1_27' title='bbox 940 484 1144 533; x_wconf 90' lang='lat' dir='ltr'>coniugio</span> <span class='ocrx_word' id='word_1_28' title='bbox 1177 484 1328 525; x_wconf 71' lang='lat' dir='ltr'>dictat3</span> <span class='ocrx_word' id='word_1_29' title='bbox 1352 483 1392 520; x_wconf 88' lang='lat' dir='ltr'>in</span> <span class='ocrx_word' id='word_1_30' title='bbox 1414 496 1540 533; x_wconf 75' lang='lat' dir='ltr'>quam</span> <span class='ocrx_word' id='word_1_31' title='bbox 1572 484 1732 520; x_wconf 66' lang='lat' dir='ltr'>conflu·</span> 
     </span>
     <span class='ocr_line' id='line_1_5' title="bbox 100 555 1732 606; baseline 0.001 -15"><span class='ocrx_word' id='word_1_32' title='bbox 100 560 174 592; x_wconf 89' lang='lat' dir='ltr'>unt</span> <span class='ocrx_word' id='word_1_33' title='bbox 195 555 323 606; x_wconf 81' lang='lat' dir='ltr'>aliqui</span> <span class='ocrx_word' id='word_1_34' title='bbox 345 555 563 606; x_wconf 89' lang='lat' dir='ltr'>paroecijs</span> <span class='ocrx_word' id='word_1_35' title='bbox 585 556 811 604; x_wconf 82' lang='lat' dir='ltr'>praefecti.</span> <span class='ocrx_word' id='word_1_36' title='bbox 846 557 975 593; x_wconf 90' lang='lat' dir='ltr'>Pater</span> <span class='ocrx_word' id='word_1_37' title='bbox 1011 560 1157 593; x_wconf 87' lang='lat' dir='ltr'>rector</span> <span class='ocrx_word' id='word_1_38' title='bbox 1195 558 1202 576; x_wconf 94' lang='lat'><strong>¹</strong></span> <span class='ocrx_word' id='word_1_39' title='bbox 1240 555 1279 592; x_wconf 93' lang='lat' dir='ltr'>in</span> <span class='ocrx_word' id='word_1_40' title='bbox 1312 555 1613 601; x_wconf 82' lang='lat' dir='ltr'>concionibus,</span> <span class='ocrx_word' id='word_1_41' title='bbox 1647 556 1732 592; x_wconf 87' lang='lat' dir='ltr'>col-</span> 
     </span>
     <span class='ocr_line' id='line_1_6' title="bbox 98 626 1450 677; baseline 0 -14"><span class='ocrx_word' id='word_1_42' title='bbox 98 626 345 676; x_wconf 86' lang='lat' dir='ltr'>loquijsque</span> <span class='ocrx_word' id='word_1_43' title='bbox 369 627 631 677; x_wconf 75' lang='lat' dir='ltr'>spiritalibus</span> <span class='ocrx_word' id='word_1_44' title='bbox 655 639 810 677; x_wconf 86' lang='lat' dir='ltr'>magna</span> <span class='ocrx_word' id='word_1_45' title='bbox 832 639 886 664; x_wconf 85' lang='lat' dir='ltr'>ex</span> <span class='ocrx_word' id='word_1_46' title='bbox 908 631 1030 676; x_wconf 90' lang='lat' dir='ltr'>parte</span> <span class='ocrx_word' id='word_1_47' title='bbox 1052 632 1223 676; x_wconf 87' lang='lat' dir='ltr'>tempus</span> <span class='ocrx_word' id='word_1_48' title='bbox 1246 626 1450 663; x_wconf 70' lang='lat' dir='ltr'>conterit.</span> 
     </span>
    </p>

    <p class='ocr_par' dir='ltr' id='par_1_3' title="bbox 89 697 1731 1673">
     <span class='ocr_line' id='line_1_7' title="bbox 150 697 1726 748; baseline -0.001 -14"><span class='ocrx_word' id='word_1_49' title='bbox 150 707 187 735; x_wconf 87' lang='lat'>2.</span> <span class='ocrx_word' id='word_1_50' title='bbox 249 698 464 735; x_wconf 78' lang='lat' dir='ltr'>Numerus</span> <span class='ocrx_word' id='word_1_51' title='bbox 488 698 853 736; x_wconf 86' lang='lat' dir='ltr'>scholasticorum</span> <span class='ocrx_word' id='word_1_52' title='bbox 876 698 989 748; x_wconf 90' lang='lat' dir='ltr'>(Deo</span> <span class='ocrx_word' id='word_1_53' title='bbox 1013 697 1168 747; x_wconf 89' lang='lat' dir='ltr'>gratia)</span> <span class='ocrx_word' id='word_1_54' title='bbox 1191 698 1231 734; x_wconf 93' lang='lat' dir='ltr'>in</span> <span class='ocrx_word' id='word_1_55' title='bbox 1253 698 1346 735; x_wconf 83' lang='lat' dir='ltr'>dies</span> <span class='ocrx_word' id='word_1_56' title='bbox 1369 697 1505 747; x_wconf 80' lang='lat' dir='ltr'>magis</span> <span class='ocrx_word' id='word_1_57' title='bbox 1527 701 1726 746; x_wconf 43' lang='lat' dir='ltr'>augetur,</span> 
     </span>
     <span class='ocr_line' id='line_1_8' title="bbox 96 768 1731 819; baseline 0 -15"><span class='ocrx_word' id='word_1_58' title='bbox 96 768 164 818; x_wconf 92' lang='lat' dir='ltr'>qui</span> <span class='ocrx_word' id='word_1_59' title='bbox 189 768 385 806; x_wconf 83' lang='lat' dir='ltr'>crebrius</span> <span class='ocrx_word' id='word_1_60' title='bbox 407 781 484 806; x_wconf 89' lang='lat' dir='ltr'>sua</span> <span class='ocrx_word' id='word_1_61' title='bbox 506 770 721 819; x_wconf 86' lang='lat' dir='ltr'>detegunt</span> <span class='ocrx_word' id='word_1_62' title='bbox 743 770 938 818; x_wconf 75' lang='lat' dir='ltr'>peccata,</span> <span class='ocrx_word' id='word_1_63' title='bbox 961 769 1142 818; x_wconf 85' lang='lat' dir='ltr'>quanuis</span> <span class='ocrx_word' id='word_1_64' title='bbox 1172 773 1421 806; x_wconf 85' lang='lat' dir='ltr'>nostrorum</span> <span class='ocrx_word' id='word_1_65' title='bbox 1445 769 1629 818; x_wconf 78' lang='lat' dir='ltr'>exiguus</span> <span class='ocrx_word' id='word_1_66' title='bbox 1658 781 1731 804; x_wconf 90' lang='lat' dir='ltr'>nu-</span> 
     </span>
     <span class='ocr_line' id='line_1_9' title="bbox 96 840 1729 890; baseline 0 -14"><span class='ocrx_word' id='word_1_67' title='bbox 96 851 241 877; x_wconf 85' lang='lat' dir='ltr'>merus</span> <span class='ocrx_word' id='word_1_68' title='bbox 264 840 462 877; x_wconf 86' lang='lat' dir='ltr'>omnibus</span> <span class='ocrx_word' id='word_1_69' title='bbox 484 840 737 878; x_wconf 71' lang='lat' dir='ltr'>satisfacere</span> <span class='ocrx_word' id='word_1_70' title='bbox 766 841 931 890; x_wconf 89' lang='lat' dir='ltr'>nequit.</span> <span class='ocrx_word' id='word_1_71' title='bbox 956 841 1012 878; x_wconf 87' lang='lat' dir='ltr'>Vt</span> <span class='ocrx_word' id='word_1_72' title='bbox 1035 853 1184 878; x_wconf 88' lang='lat' dir='ltr'>omnes</span> <span class='ocrx_word' id='word_1_73' title='bbox 1207 841 1340 878; x_wconf 84' lang='lat' dir='ltr'>sacris</span> <span class='ocrx_word' id='word_1_74' title='bbox 1362 841 1577 887; x_wconf 84' lang='lat' dir='ltr'>intersint,</span> <span class='ocrx_word' id='word_1_75' title='bbox 1603 840 1729 877; x_wconf 82' lang='lat' dir='ltr'>enixe</span> 
     </span>
     <span class='ocr_line' id='line_1_10' title="bbox 96 910 1731 962; baseline -0.001 -15"><span class='ocrx_word' id='word_1_76' title='bbox 96 910 290 959; x_wconf 74' lang='lat' dir='ltr'>magistri</span> <span class='ocrx_word' id='word_1_77' title='bbox 312 911 414 948; x_wconf 86' lang='lat' dir='ltr'>dant</span> <span class='ocrx_word' id='word_1_78' title='bbox 437 923 629 962; x_wconf 78' lang='lat' dir='ltr'>operam,</span> <span class='ocrx_word' id='word_1_79' title='bbox 654 912 859 961; x_wconf 82' lang='lat' dir='ltr'>quoniam</span> <span class='ocrx_word' id='word_1_80' title='bbox 880 910 979 949; x_wconf 86' lang='lat' dir='ltr'>hinc</span> <span class='ocrx_word' id='word_1_81' title='bbox 1000 925 1087 949; x_wconf 90' lang='lat' dir='ltr'>non</span> <span class='ocrx_word' id='word_1_82' title='bbox 1109 911 1383 949; x_wconf 82' lang='lat' dir='ltr'>scholasticis</span> <span class='ocrx_word' id='word_1_83' title='bbox 1415 911 1562 957; x_wconf 82' lang='lat' dir='ltr'>modo,</span> <span class='ocrx_word' id='word_1_84' title='bbox 1587 911 1663 947; x_wconf 83' lang='lat' dir='ltr'>sed</span> <span class='ocrx_word' id='word_1_85' title='bbox 1688 915 1731 947; x_wconf 90' lang='lat' dir='ltr'>et</span> 
     </span>
     <span class='ocr_line' id='line_1_11' title="bbox 93 980 1729 1033; baseline 0 -15"><span class='ocrx_word' id='word_1_86' title='bbox 93 980 263 1031; x_wconf 89' lang='lat' dir='ltr'>regioni</span> <span class='ocrx_word' id='word_1_87' title='bbox 285 982 402 1019; x_wconf 91' lang='lat' dir='ltr'>omni</span> <span class='ocrx_word' id='word_1_88' title='bbox 422 983 577 1030; x_wconf 80' lang='lat' dir='ltr'>ingens</span> <span class='ocrx_word' id='word_1_89' title='bbox 608 983 885 1020; x_wconf 88' lang='lat' dir='ltr'>commodum</span> <span class='ocrx_word' id='word_1_90' title='bbox 916 982 1219 1033; x_wconf 87' lang='lat' dir='ltr'>proficiscitur.</span> <span class='ocrx_word' id='word_1_91' title='bbox 1244 983 1353 1020; x_wconf 85' lang='lat' dir='ltr'>Nam</span> <span class='ocrx_word' id='word_1_92' title='bbox 1385 983 1425 1019; x_wconf 95' lang='lat' dir='ltr'>in</span> <span class='ocrx_word' id='word_1_93' title='bbox 1457 982 1611 1030; x_wconf 81' lang='lat' dir='ltr'>studijs</span> <span class='ocrx_word' id='word_1_94' title='bbox 1634 993 1729 1018; x_wconf 90' lang='lat' dir='ltr'>cum</span> 
     </span>
     <span class='ocr_line' id='line_1_12' title="bbox 93 1053 1728 1104; baseline -0.001 -14"><span class='ocrx_word' id='word_1_95' title='bbox 93 1053 319 1091; x_wconf 87' lang='lat' dir='ltr'>audiendis</span> <span class='ocrx_word' id='word_1_96' title='bbox 351 1054 483 1091; x_wconf 87' lang='lat' dir='ltr'>sacris</span> <span class='ocrx_word' id='word_1_97' title='bbox 514 1059 784 1102; x_wconf 68' lang='lat' dir='ltr'>assuescant,</span> <span class='ocrx_word' id='word_1_98' title='bbox 817 1059 973 1104; x_wconf 90' lang='lat' dir='ltr'>postea</span> <span class='ocrx_word' id='word_1_99' title='bbox 1001 1054 1183 1104; x_wconf 88' lang='lat' dir='ltr'>patriam</span> <span class='ocrx_word' id='word_1_100' title='bbox 1215 1059 1479 1100; x_wconf 84' lang='lat' dir='ltr'>remeantes,</span> <span class='ocrx_word' id='word_1_101' title='bbox 1505 1058 1546 1090; x_wconf 81' lang='lat' dir='ltr'>ct</span> <span class='ocrx_word' id='word_1_102' title='bbox 1570 1053 1647 1103; x_wconf 88' lang='lat' dir='ltr'>ipsi</span> <span class='ocrx_word' id='word_1_103' title='bbox 1670 1053 1728 1090; x_wconf 90' lang='lat' dir='ltr'>in-</span> 
     </span>
     <span class='ocr_line' id='line_1_13' title="bbox 95 1124 1727 1175; baseline 0.001 -15"><span class='ocrx_word' id='word_1_104' title='bbox 95 1130 277 1171; x_wconf 88' lang='lat' dir='ltr'>tersunt,</span> <span class='ocrx_word' id='word_1_105' title='bbox 312 1130 355 1162; x_wconf 90' lang='lat' dir='ltr'>et</span> <span class='ocrx_word' id='word_1_106' title='bbox 386 1130 546 1175; x_wconf 87' lang='lat' dir='ltr'>patres,</span> <span class='ocrx_word' id='word_1_107' title='bbox 581 1138 773 1173; x_wconf 86' lang='lat' dir='ltr'>sorores,</span> <span class='ocrx_word' id='word_1_108' title='bbox 808 1126 938 1163; x_wconf 86' lang='lat' dir='ltr'>vicini</span> <span class='ocrx_word' id='word_1_109' title='bbox 973 1124 1173 1163; x_wconf 77' lang='lat' dir='ltr'>intersint</span> <span class='ocrx_word' id='word_1_110' title='bbox 1208 1126 1459 1163; x_wconf 84' lang='lat' dir='ltr'>admonent.</span> <span class='ocrx_word' id='word_1_111' title='bbox 1482 1125 1525 1163; x_wconf 72' lang='lat' dir='ltr'>Si</span> <span class='ocrx_word' id='word_1_112' title='bbox 1556 1124 1727 1174; x_wconf 88' lang='lat' dir='ltr'>quando</span> 
     </span>
     <span class='ocr_line' id='line_1_14' title="bbox 92 1195 1725 1247; baseline 0 -15"><span class='ocrx_word' id='word_1_113' title='bbox 92 1200 296 1245; x_wconf 87' lang='lat' dir='ltr'>parentes</span> <span class='ocrx_word' id='word_1_114' title='bbox 319 1197 388 1233; x_wconf 91' lang='lat' dir='ltr'>vel</span> <span class='ocrx_word' id='word_1_115' title='bbox 411 1196 480 1245; x_wconf 90' lang='lat' dir='ltr'>alij</span> <span class='ocrx_word' id='word_1_116' title='bbox 505 1197 719 1243; x_wconf 87' lang='lat' dir='ltr'>deierant,</span> <span class='ocrx_word' id='word_1_117' title='bbox 753 1196 1003 1235; x_wconf 81' lang='lat' dir='ltr'>scholastici</span> <span class='ocrx_word' id='word_1_118' title='bbox 1040 1209 1117 1233; x_wconf 90' lang='lat' dir='ltr'>eos</span> <span class='ocrx_word' id='word_1_119' title='bbox 1148 1196 1384 1247; x_wconf 88' lang='lat' dir='ltr'>corrigunt.</span> <span class='ocrx_word' id='word_1_120' title='bbox 1407 1196 1561 1233; x_wconf 81' lang='lat' dir='ltr'>Solent</span> <span class='ocrx_word' id='word_1_121' title='bbox 1584 1200 1626 1232; x_wconf 85' lang='lat' dir='ltr'>et</span> <span class='ocrx_word' id='word_1_122' title='bbox 1649 1195 1725 1245; x_wconf 88' lang='lat' dir='ltr'>ipsi</span> 
     </span>
     <span class='ocr_line' id='line_1_15' title="bbox 92 1266 1727 1318; baseline -0.001 -15"><span class='ocrx_word' id='word_1_123' title='bbox 92 1267 322 1304; x_wconf 83' lang='lat' dir='ltr'>studentes</span> <span class='ocrx_word' id='word_1_124' title='bbox 351 1267 437 1305; x_wconf 88' lang='lat' dir='ltr'>hoc</span> <span class='ocrx_word' id='word_1_125' title='bbox 466 1268 739 1317; x_wconf 87' lang='lat' dir='ltr'>potissimum</span> <span class='ocrx_word' id='word_1_126' title='bbox 770 1273 969 1318; x_wconf 88' lang='lat' dir='ltr'>tempore</span> <span class='ocrx_word' id='word_1_127' title='bbox 1002 1268 1277 1305; x_wconf 79' lang='lat' dir='ltr'>christianam</span> <span class='ocrx_word' id='word_1_128' title='bbox 1309 1267 1549 1304; x_wconf 81' lang='lat' dir='ltr'>doctrinam</span> <span class='ocrx_word' id='word_1_129' title='bbox 1580 1273 1598 1291; x_wconf 83' lang='lat' dir='ltr'>a</span> <span class='ocrx_word' id='word_1_130' title='bbox 1633 1266 1727 1314; x_wconf 83' lang='lat' dir='ltr'>alijs</span> 
     </span>
     <span class='ocr_line' id='line_1_16' title="bbox 90 1336 1726 1388; baseline 0 -14"><span class='ocrx_word' id='word_1_131' title='bbox 90 1336 376 1375; x_wconf 84' lang='lat' dir='ltr'>inscientibus</span> <span class='ocrx_word' id='word_1_132' title='bbox 413 1350 652 1387; x_wconf 76' lang='lat' dir='ltr'>exponere.</span> <span class='ocrx_word' id='word_1_133' title='bbox 679 1338 804 1376; x_wconf 83' lang='lat' dir='ltr'>Adeo</span> <span class='ocrx_word' id='word_1_134' title='bbox 836 1338 878 1376; x_wconf 90' lang='lat' dir='ltr'>id</span> <span class='ocrx_word' id='word_1_135' title='bbox 911 1339 1046 1388; x_wconf 90' lang='lat' dir='ltr'>uiget,</span> <span class='ocrx_word' id='word_1_136' title='bbox 1080 1344 1127 1376; x_wconf 90' lang='lat' dir='ltr'>vt</span> <span class='ocrx_word' id='word_1_137' title='bbox 1161 1351 1376 1388; x_wconf 86' lang='lat' dir='ltr'>pauperes</span> <span class='ocrx_word' id='word_1_138' title='bbox 1407 1350 1483 1387; x_wconf 88' lang='lat' dir='ltr'>per</span> <span class='ocrx_word' id='word_1_139' title='bbox 1514 1338 1637 1375; x_wconf 88' lang='lat' dir='ltr'>vicos</span> <span class='ocrx_word' id='word_1_140' title='bbox 1668 1337 1726 1374; x_wconf 87' lang='lat' dir='ltr'>in-</span> 
     </span>
     <span class='ocr_line' id='line_1_17' title="bbox 92 1408 1725 1446; baseline 0 -2"><span class='ocrx_word' id='word_1_141' title='bbox 92 1408 378 1445; x_wconf 88' lang='lat' dir='ltr'>structionem</span> <span class='ocrx_word' id='word_1_142' title='bbox 396 1408 507 1446; x_wconf 88' lang='lat' dir='ltr'>hanc</span> <span class='ocrx_word' id='word_1_143' title='bbox 525 1408 802 1446; x_wconf 85' lang='lat' dir='ltr'>christianam</span> <span class='ocrx_word' id='word_1_144' title='bbox 826 1409 1111 1446; x_wconf 85' lang='lat' dir='ltr'>decantantes</span> <span class='ocrx_word' id='word_1_145' title='bbox 1143 1409 1376 1446; x_wconf 85' lang='lat' dir='ltr'>corradunt</span> <span class='ocrx_word' id='word_1_146' title='bbox 1394 1409 1472 1446; x_wconf 85' lang='lat' dir='ltr'>toti</span> <span class='ocrx_word' id='word_1_147' title='bbox 1498 1420 1600 1445; x_wconf 87' lang='lat' dir='ltr'>sane</span> <span class='ocrx_word' id='word_1_148' title='bbox 1623 1408 1725 1445; x_wconf 82' lang='lat' dir='ltr'>heb-</span> 
     </span>
     <span class='ocr_line' id='line_1_18' title="bbox 92 1478 1725 1531; baseline 0.001 -16"><span class='ocrx_word' id='word_1_149' title='bbox 92 1478 305 1516; x_wconf 88' lang='lat' dir='ltr'>domadae</span> <span class='ocrx_word' id='word_1_150' title='bbox 328 1480 486 1526; x_wconf 87' lang='lat' dir='ltr'>cibum,</span> <span class='ocrx_word' id='word_1_151' title='bbox 512 1478 680 1518; x_wconf 88' lang='lat' dir='ltr'>scilicet</span> <span class='ocrx_word' id='word_1_152' title='bbox 701 1494 856 1531; x_wconf 90' lang='lat' dir='ltr'>panem</span> <span class='ocrx_word' id='word_1_153' title='bbox 878 1479 1113 1530; x_wconf 88' lang='lat' dir='ltr'>tiphacium</span> <span class='ocrx_word' id='word_1_154' title='bbox 1135 1479 1162 1527; x_wconf 76' lang='lat'>²,</span> <span class='ocrx_word' id='word_1_155' title='bbox 1182 1480 1253 1530; x_wconf 87' lang='lat' dir='ltr'>qui</span> <span class='ocrx_word' id='word_1_156' title='bbox 1274 1481 1472 1517; x_wconf 86' lang='lat' dir='ltr'>nimirum</span> <span class='ocrx_word' id='word_1_157' title='bbox 1495 1480 1725 1530; x_wconf 85' lang='lat' dir='ltr'>peculiaris</span> 
     </span>
     <span class='ocr_line' id='line_1_19' title="bbox 90 1549 1723 1602; baseline 0.001 -16"><span class='ocrx_word' id='word_1_158' title='bbox 90 1549 217 1588; x_wconf 88' lang='lat' dir='ltr'>huius</span> <span class='ocrx_word' id='word_1_159' title='bbox 239 1551 433 1601; x_wconf 83' lang='lat' dir='ltr'>regionis</span> <span class='ocrx_word' id='word_1_160' title='bbox 455 1551 679 1588; x_wconf 89' lang='lat' dir='ltr'>hominum</span> <span class='ocrx_word' id='word_1_161' title='bbox 703 1557 769 1588; x_wconf 84' lang='lat' dir='ltr'>est</span> <span class='ocrx_word' id='word_1_162' title='bbox 792 1551 928 1598; x_wconf 86' lang='lat' dir='ltr'>cibus,</span> <span class='ocrx_word' id='word_1_163' title='bbox 952 1553 1022 1602; x_wconf 90' lang='lat' dir='ltr'>qui</span> <span class='ocrx_word' id='word_1_164' title='bbox 1045 1551 1218 1602; x_wconf 89' lang='lat' dir='ltr'>quando</span> <span class='ocrx_word' id='word_1_165' title='bbox 1239 1552 1436 1602; x_wconf 84' lang='lat' dir='ltr'>opiparas</span> <span class='ocrx_word' id='word_1_166' title='bbox 1465 1564 1616 1601; x_wconf 87' lang='lat' dir='ltr'>parare</span> <span class='ocrx_word' id='word_1_167' title='bbox 1653 1552 1723 1589; x_wconf 88' lang='lat' dir='ltr'>da-</span> 
     </span>
     <span class='ocr_line' id='line_1_20' title="bbox 89 1622 1517 1673; baseline 0.001 -15"><span class='ocrx_word' id='word_1_168' title='bbox 89 1634 167 1671; x_wconf 85' lang='lat' dir='ltr'>pes</span> <span class='ocrx_word' id='word_1_169' title='bbox 188 1622 397 1672; x_wconf 74' lang='lat' dir='ltr'>gestiunt,</span> <span class='ocrx_word' id='word_1_170' title='bbox 421 1622 525 1660; x_wconf 83' lang='lat' dir='ltr'>folia</span> <span class='ocrx_word' id='word_1_171' title='bbox 545 1635 744 1672; x_wconf 88' lang='lat' dir='ltr'>raparum</span> <span class='ocrx_word' id='word_1_172' title='bbox 768 1628 958 1673; x_wconf 86' lang='lat' dir='ltr'>coquunt</span> <span class='ocrx_word' id='word_1_173' title='bbox 982 1624 1160 1673; x_wconf 89' lang='lat' dir='ltr'>porcino</span> <span class='ocrx_word' id='word_1_174' title='bbox 1184 1624 1309 1673; x_wconf 89' lang='lat' dir='ltr'>adipe</span> <span class='ocrx_word' id='word_1_175' title='bbox 1334 1624 1517 1660; x_wconf 87' lang='lat' dir='ltr'>immiso.</span> 
     </span>
    </p>

    <p class='ocr_par' dir='ltr' id='par_1_4' title="bbox 86 1693 1721 2668">
     <span class='ocr_line' id='line_1_21' title="bbox 142 1693 1720 1744; baseline 0 -14"><span class='ocrx_word' id='word_1_176' title='bbox 142 1702 180 1739; x_wconf 83' lang='lat'>3.</span> <span class='ocrx_word' id='word_1_177' title='bbox 241 1693 368 1731; x_wconf 89' lang='lat' dir='ltr'>Domi</span> <span class='ocrx_word' id='word_1_178' title='bbox 389 1694 453 1742; x_wconf 87' lang='lat' dir='ltr'>(vt</span> <span class='ocrx_word' id='word_1_179' title='bbox 475 1694 579 1731; x_wconf 90' lang='lat' dir='ltr'>alias</span> <span class='ocrx_word' id='word_1_180' title='bbox 602 1694 771 1744; x_wconf 85' lang='lat' dir='ltr'>scripsi)</span> <span class='ocrx_word' id='word_1_181' title='bbox 793 1701 868 1740; x_wconf 81' lang='lat'>3.¹¹¹</span> <span class='ocrx_word' id='word_1_182' title='bbox 891 1696 942 1732; x_wconf 88' lang='lat' dir='ltr'>D.</span> <span class='ocrx_word' id='word_1_183' title='bbox 963 1694 1158 1731; x_wconf 85' lang='lat' dir='ltr'>Thomae</span> <span class='ocrx_word' id='word_1_184' title='bbox 1181 1699 1347 1744; x_wconf 85' lang='lat' dir='ltr'>partem</span> <span class='ocrx_word' id='word_1_185' title='bbox 1370 1693 1423 1731; x_wconf 88' lang='lat' dir='ltr'>de</span> <span class='ocrx_word' id='word_1_186' title='bbox 1448 1698 1720 1731; x_wconf 83' lang='lat' dir='ltr'>sacramento</span> 
     </span>
     <span class='ocr_line' id='line_1_22' title="bbox 91 1765 1721 1816; baseline 0.001 -15"><span class='ocrx_word' id='word_1_187' title='bbox 91 1765 379 1802; x_wconf 88' lang='lat' dir='ltr'>eucharistiae</span> <span class='ocrx_word' id='word_1_188' title='bbox 402 1766 570 1815; x_wconf 82' lang='lat' dir='ltr'>legunt3</span> <span class='ocrx_word' id='word_1_189' title='bbox 602 1770 734 1803; x_wconf 90' lang='lat' dir='ltr'>nocte</span> <span class='ocrx_word' id='word_1_190' title='bbox 756 1765 968 1816; x_wconf 86' lang='lat' dir='ltr'>repetitur</span> <span class='ocrx_word' id='word_1_191' title='bbox 999 1766 1149 1813; x_wconf 77' lang='lat' dir='ltr'>lecti03</span> <span class='ocrx_word' id='word_1_192' title='bbox 1182 1767 1215 1803; x_wconf 91' lang='lat' dir='ltr'>si</span> <span class='ocrx_word' id='word_1_193' title='bbox 1246 1767 1363 1816; x_wconf 81' lang='lat' dir='ltr'>quod</span> <span class='ocrx_word' id='word_1_194' title='bbox 1395 1766 1571 1803; x_wconf 83' lang='lat' dir='ltr'>dubium</span> <span class='ocrx_word' id='word_1_195' title='bbox 1595 1766 1721 1803; x_wconf 84' lang='lat' dir='ltr'>alicui</span> 
     </span>
     <span class='ocr_line' id='line_1_23' title="bbox 90 1835 1721 1886; baseline 0.001 -15"><span class='ocrx_word' id='word_1_196' title='bbox 90 1847 135 1872; x_wconf 92' lang='lat' dir='ltr'>se</span> <span class='ocrx_word' id='word_1_197' title='bbox 161 1835 305 1881; x_wconf 81' lang='lat' dir='ltr'>offert,</span> <span class='ocrx_word' id='word_1_198' title='bbox 328 1836 546 1886; x_wconf 88' lang='lat' dir='ltr'>proponit.</span> <span class='ocrx_word' id='word_1_199' title='bbox 572 1836 811 1874; x_wconf 91' lang='lat' dir='ltr'>Dominicis</span> <span class='ocrx_word' id='word_1_200' title='bbox 834 1837 963 1874; x_wconf 85' lang='lat' dir='ltr'>etiam</span> <span class='ocrx_word' id='word_1_201' title='bbox 995 1836 1148 1874; x_wconf 85' lang='lat' dir='ltr'>diebus</span> <span class='ocrx_word' id='word_1_202' title='bbox 1176 1837 1390 1874; x_wconf 86' lang='lat' dir='ltr'>habentur</span> <span class='ocrx_word' id='word_1_203' title='bbox 1413 1840 1476 1882; x_wconf 84' lang='lat' dir='ltr'>(vt</span> <span class='ocrx_word' id='word_1_204' title='bbox 1500 1836 1631 1873; x_wconf 88' lang='lat' dir='ltr'>moris</span> <span class='ocrx_word' id='word_1_205' title='bbox 1655 1841 1721 1873; x_wconf 88' lang='lat' dir='ltr'>est</span> 
     </span>
     <span class='ocr_line' id='line_1_24' title="bbox 89 1905 1720 1956; baseline 0 -13"><span class='ocrx_word' id='word_1_206' title='bbox 89 1905 341 1954; x_wconf 86' lang='lat' dir='ltr'>Societatis)</span> <span class='ocrx_word' id='word_1_207' title='bbox 368 1907 625 1956; x_wconf 85' lang='lat' dir='ltr'>positiones.</span> <span class='ocrx_word' id='word_1_208' title='bbox 660 1907 809 1945; x_wconf 87' lang='lat' dir='ltr'>Mense</span> <span class='ocrx_word' id='word_1_209' title='bbox 840 1907 985 1956; x_wconf 86' lang='lat' dir='ltr'>itaque</span> <span class='ocrx_word' id='word_1_210' title='bbox 1016 1907 1247 1944; x_wconf 82' lang='lat' dir='ltr'>Decembri</span> <span class='ocrx_word' id='word_1_211' title='bbox 1280 1907 1489 1944; x_wconf 85' lang='lat' dir='ltr'>subtinuit</span> <span class='ocrx_word' id='word_1_212' title='bbox 1515 1906 1604 1955; x_wconf 68' lang='lat' dir='ltr'>{sic}</span> <span class='ocrx_word' id='word_1_213' title='bbox 1631 1906 1720 1956; x_wconf 84' lang='lat' dir='ltr'>qui-</span> 
     </span>
     <span class='ocr_line' id='line_1_25' title="bbox 90 1976 1716 2028; baseline 0.001 -15"><span class='ocrx_word' id='word_1_214' title='bbox 90 1976 185 2013; x_wconf 88' lang='lat' dir='ltr'>dam</span> <span class='ocrx_word' id='word_1_215' title='bbox 210 1989 264 2013; x_wconf 81' lang='lat' dir='ltr'>ex</span> <span class='ocrx_word' id='word_1_216' title='bbox 298 1977 475 2023; x_wconf 89' lang='lat' dir='ltr'>nostris,</span> <span class='ocrx_word' id='word_1_217' title='bbox 509 1990 666 2028; x_wconf 90' lang='lat' dir='ltr'>magno</span> <span class='ocrx_word' id='word_1_218' title='bbox 701 1978 889 2015; x_wconf 88' lang='lat' dir='ltr'>omnium</span> <span class='ocrx_word' id='word_1_219' title='bbox 920 1978 1141 2028; x_wconf 88' lang='lat' dir='ltr'>applausu,</span> <span class='ocrx_word' id='word_1_220' title='bbox 1173 1978 1367 2027; x_wconf 85' lang='lat' dir='ltr'>publicas</span> <span class='ocrx_word' id='word_1_221' title='bbox 1396 1978 1716 2015; x_wconf 77' lang='lat' dir='ltr'>conclusiones,</span> 
     </span>
     <span class='ocr_line' id='line_1_26' title="bbox 90 2046 1716 2100; baseline 0.001 -15"><span class='ocrx_word' id='word_1_222' title='bbox 90 2048 220 2096; x_wconf 79' lang='lat' dir='ltr'>Quod</span> <span class='ocrx_word' id='word_1_223' title='bbox 250 2046 424 2098; x_wconf 86' lang='lat' dir='ltr'>quidem</span> <span class='ocrx_word' id='word_1_224' title='bbox 454 2049 539 2086; x_wconf 90' lang='lat' dir='ltr'>hoc</span> <span class='ocrx_word' id='word_1_225' title='bbox 570 2062 706 2099; x_wconf 90' lang='lat' dir='ltr'>regno</span> <span class='ocrx_word' id='word_1_226' title='bbox 739 2055 783 2087; x_wconf 84' lang='lat' dir='ltr'>et</span> <span class='ocrx_word' id='word_1_227' title='bbox 814 2049 1052 2086; x_wconf 85' lang='lat' dir='ltr'>inauditum</span> <span class='ocrx_word' id='word_1_228' title='bbox 1084 2054 1128 2086; x_wconf 88' lang='lat' dir='ltr'>et</span> <span class='ocrx_word' id='word_1_229' title='bbox 1159 2050 1326 2087; x_wconf 85' lang='lat' dir='ltr'>cunctis</span> <span class='ocrx_word' id='word_1_230' title='bbox 1354 2055 1524 2100; x_wconf 89' lang='lat' dir='ltr'>gratum</span> <span class='ocrx_word' id='word_1_231' title='bbox 1557 2049 1716 2086; x_wconf 85' lang='lat' dir='ltr'>extitit.</span> 
     </span>
     <span class='ocr_line' id='line_1_27' title="bbox 89 2119 1718 2170; baseline -0.001 -13"><span class='ocrx_word' id='word_1_232' title='bbox 89 2119 402 2157; x_wconf 90' lang='lat' dir='ltr'>Conuenerunt</span> <span class='ocrx_word' id='word_1_233' title='bbox 425 2131 478 2157; x_wconf 82' lang='lat' dir='ltr'>ex</span> <span class='ocrx_word' id='word_1_234' title='bbox 500 2119 692 2157; x_wconf 89' lang='lat' dir='ltr'>finitimis</span> <span class='ocrx_word' id='word_1_235' title='bbox 716 2119 854 2170; x_wconf 89' lang='lat' dir='ltr'>opidis</span> <span class='ocrx_word' id='word_1_236' title='bbox 885 2120 1083 2170; x_wconf 78' lang='lat' dir='ltr'>theologi</span> <span class='ocrx_word' id='word_1_237' title='bbox 1107 2125 1151 2157; x_wconf 92' lang='lat' dir='ltr'>et</span> <span class='ocrx_word' id='word_1_238' title='bbox 1172 2121 1405 2170; x_wconf 84' lang='lat' dir='ltr'>iurisperiti</span> <span class='ocrx_word' id='word_1_239' title='bbox 1427 2121 1627 2170; x_wconf 81' lang='lat' dir='ltr'>(quorum</span> <span class='ocrx_word' id='word_1_240' title='bbox 1652 2124 1718 2157; x_wconf 90' lang='lat' dir='ltr'>est</span> 
     </span>
     <span class='ocr_line' id='line_1_28' title="bbox 88 2190 1717 2240; baseline 0 -13"><span class='ocrx_word' id='word_1_241' title='bbox 88 2190 213 2240; x_wconf 88' lang='lat' dir='ltr'>copia</span> <span class='ocrx_word' id='word_1_242' title='bbox 233 2191 319 2228; x_wconf 91' lang='lat' dir='ltr'>hoc</span> <span class='ocrx_word' id='word_1_243' title='bbox 340 2190 380 2227; x_wconf 94' lang='lat' dir='ltr'>in</span> <span class='ocrx_word' id='word_1_244' title='bbox 403 2196 563 2237; x_wconf 88' lang='lat' dir='ltr'>castro,</span> <span class='ocrx_word' id='word_1_245' title='bbox 597 2191 696 2240; x_wconf 91' lang='lat' dir='ltr'>quia</span> <span class='ocrx_word' id='word_1_246' title='bbox 726 2191 860 2228; x_wconf 91' lang='lat' dir='ltr'>totius</span> <span class='ocrx_word' id='word_1_247' title='bbox 892 2192 1123 2228; x_wconf 88' lang='lat' dir='ltr'>comitatus</span> <span class='ocrx_word' id='word_1_248' title='bbox 1146 2191 1215 2229; x_wconf 93' lang='lat' dir='ltr'>hic</span> <span class='ocrx_word' id='word_1_249' title='bbox 1238 2191 1401 2229; x_wconf 88' lang='lat' dir='ltr'>residet</span> <span class='ocrx_word' id='word_1_250' title='bbox 1424 2191 1629 2229; x_wconf 87' lang='lat' dir='ltr'>iuridicus</span> <span class='ocrx_word' id='word_1_251' title='bbox 1652 2203 1717 2227; x_wconf 88' lang='lat' dir='ltr'>se-</span> 
     </span>
     <span class='ocr_line' id='line_1_29' title="bbox 86 2260 1716 2313; baseline 0.001 -16"><span class='ocrx_word' id='word_1_252' title='bbox 86 2261 246 2310; x_wconf 83' lang='lat' dir='ltr'>natus),</span> <span class='ocrx_word' id='word_1_253' title='bbox 278 2267 405 2298; x_wconf 91' lang='lat' dir='ltr'>acute</span> <span class='ocrx_word' id='word_1_254' title='bbox 437 2266 693 2312; x_wconf 89' lang='lat' dir='ltr'>argumenta</span> <span class='ocrx_word' id='word_1_255' title='bbox 721 2267 1057 2311; x_wconf 88' lang='lat' dir='ltr'>proposuerunt.</span> <span class='ocrx_word' id='word_1_256' title='bbox 1090 2262 1315 2313; x_wconf 82' lang='lat' dir='ltr'>Agebatur</span> <span class='ocrx_word' id='word_1_257' title='bbox 1347 2263 1459 2299; x_wconf 90' lang='lat' dir='ltr'>enim</span> <span class='ocrx_word' id='word_1_258' title='bbox 1490 2262 1531 2299; x_wconf 88' lang='lat' dir='ltr'>in</span> <span class='ocrx_word' id='word_1_259' title='bbox 1558 2262 1639 2299; x_wconf 89' lang='lat' dir='ltr'>illis</span> <span class='ocrx_word' id='word_1_260' title='bbox 1662 2260 1716 2299; x_wconf 86' lang='lat' dir='ltr'>(le</span> 
     </span>
     <span class='ocr_line' id='line_1_30' title="bbox 86 2332 1715 2383; baseline 0 -14"><span class='ocrx_word' id='word_1_261' title='bbox 86 2332 380 2379; x_wconf 67' lang='lat' dir='ltr'>restitutione,</span> <span class='ocrx_word' id='word_1_262' title='bbox 404 2332 656 2379; x_wconf 88' lang='lat' dir='ltr'>homicidio,</span> <span class='ocrx_word' id='word_1_263' title='bbox 680 2333 851 2383; x_wconf 87' lang='lat' dir='ltr'>legibus</span> <span class='ocrx_word' id='word_1_264' title='bbox 875 2338 918 2370; x_wconf 88' lang='lat' dir='ltr'>et</span> <span class='ocrx_word' id='word_1_265' title='bbox 939 2332 1116 2379; x_wconf 81' lang='lat' dir='ltr'>iudicio3</span> <span class='ocrx_word' id='word_1_266' title='bbox 1141 2334 1345 2371; x_wconf 85' lang='lat' dir='ltr'>materies</span> <span class='ocrx_word' id='word_1_267' title='bbox 1365 2332 1539 2383; x_wconf 82' lang='lat' dir='ltr'>quidem</span> <span class='ocrx_word' id='word_1_268' title='bbox 1561 2344 1715 2382; x_wconf 90' lang='lat' dir='ltr'>perne-</span> 
     </span>
     <span class='ocr_line' id='line_1_31' title="bbox 89 2403 1714 2455; baseline 0.001 -16"><span class='ocrx_word' id='word_1_269' title='bbox 89 2403 276 2440; x_wconf 72' lang='lat' dir='ltr'>cessaria</span> <span class='ocrx_word' id='word_1_270' title='bbox 291 2403 356 2441; x_wconf 87' lang='lat' dir='ltr'>his</span> <span class='ocrx_word' id='word_1_271' title='bbox 377 2403 546 2442; x_wconf 79' lang='lat' dir='ltr'>incolis,</span> <span class='ocrx_word' id='word_1_272' title='bbox 573 2404 772 2453; x_wconf 77' lang='lat' dir='ltr'>Quatuor</span> <span class='ocrx_word' id='word_1_273' title='bbox 794 2404 974 2454; x_wconf 86' lang='lat' dir='ltr'>integris</span> <span class='ocrx_word' id='word_1_274' title='bbox 996 2405 1114 2442; x_wconf 89' lang='lat' dir='ltr'>horis</span> <span class='ocrx_word' id='word_1_275' title='bbox 1132 2410 1481 2455; x_wconf 88' lang='lat' dir='ltr'>argumentatum</span> <span class='ocrx_word' id='word_1_276' title='bbox 1503 2404 1597 2441; x_wconf 87' lang='lat' dir='ltr'>fuit.</span> <span class='ocrx_word' id='word_1_277' title='bbox 1622 2405 1714 2441; x_wconf 88' lang='lat' dir='ltr'>Pla-</span> 
     </span>
     <span class='ocr_line' id='line_1_32' title="bbox 88 2474 1713 2526; baseline 0.001 -17"><span class='ocrx_word' id='word_1_278' title='bbox 88 2474 175 2510; x_wconf 53' lang='lat' dir='ltr'>cuit</span> <span class='ocrx_word' id='word_1_279' title='bbox 209 2475 604 2524; x_wconf 85' lang='lat' dir='ltr'>argumentantium</span> <span class='ocrx_word' id='word_1_280' title='bbox 634 2474 871 2525; x_wconf 86' lang='lat' dir='ltr'>ingenium,</span> <span class='ocrx_word' id='word_1_281' title='bbox 909 2475 1244 2526; x_wconf 87' lang='lat' dir='ltr'>propugnatoris</span> <span class='ocrx_word' id='word_1_282' title='bbox 1267 2475 1480 2521; x_wconf 81' lang='lat' dir='ltr'>doctriua,</span> <span class='ocrx_word' id='word_1_283' title='bbox 1505 2475 1713 2524; x_wconf 84' lang='lat' dir='ltr'>praesidis</span> 
     </span>
     <span class='ocr_line' id='line_1_33' title="bbox 86 2544 1712 2596; baseline 0.001 -14"><span class='ocrx_word' id='word_1_284' title='bbox 86 2545 204 2582; x_wconf 89' lang='lat' dir='ltr'>acies</span> <span class='ocrx_word' id='word_1_285' title='bbox 232 2550 276 2583; x_wconf 91' lang='lat' dir='ltr'>et</span> <span class='ocrx_word' id='word_1_286' title='bbox 297 2544 517 2584; x_wconf 88' lang='lat' dir='ltr'>iudicium.</span> <span class='ocrx_word' id='word_1_287' title='bbox 550 2546 639 2584; x_wconf 88' lang='lat' dir='ltr'>Sed</span> <span class='ocrx_word' id='word_1_288' title='bbox 673 2547 785 2584; x_wconf 89' lang='lat' dir='ltr'>inter</span> <span class='ocrx_word' id='word_1_289' title='bbox 815 2547 925 2584; x_wconf 87' lang='lat' dir='ltr'>haec</span> <span class='ocrx_word' id='word_1_290' title='bbox 954 2548 1115 2596; x_wconf 88' lang='lat' dir='ltr'>placuit</span> <span class='ocrx_word' id='word_1_291' title='bbox 1146 2548 1362 2585; x_wconf 86' lang='lat' dir='ltr'>modestia</span> <span class='ocrx_word' id='word_1_292' title='bbox 1391 2551 1641 2585; x_wconf 88' lang='lat' dir='ltr'>nostrorum</span> <span class='ocrx_word' id='word_1_293' title='bbox 1670 2545 1712 2583; x_wconf 90' lang='lat' dir='ltr'>in</span> 
     </span>
     <span class='ocr_line' id='line_1_34' title="bbox 87 2615 1710 2668; baseline 0.001 -15"><span class='ocrx_word' id='word_1_294' title='bbox 87 2615 410 2665; x_wconf 84' lang='lat' dir='ltr'>respondendo,</span> <span class='ocrx_word' id='word_1_295' title='bbox 443 2622 574 2668; x_wconf 91' lang='lat' dir='ltr'>atque</span> <span class='ocrx_word' id='word_1_296' title='bbox 605 2617 823 2667; x_wconf 88' lang='lat' dir='ltr'>quoddam</span> <span class='ocrx_word' id='word_1_297' title='bbox 855 2619 1118 2668; x_wconf 55' lang='lat' dir='ltr'>colloquium</span> <span class='ocrx_word' id='word_1_298' title='bbox 1141 2618 1527 2668; x_wconf 89' lang='lat' dir='ltr'>interloquentium</span> <span class='ocrx_word' id='word_1_299' title='bbox 1555 2630 1710 2667; x_wconf 89' lang='lat' dir='ltr'>puero-</span> 
     </span>
    </p>
   </div>
   <div class='ocr_carea' id='block_1_3' title="bbox 130 2807 577 2846">
    <p class='ocr_par' dir='ltr' id='par_1_5' title="bbox 130 2807 577 2846">
     <span class='ocr_line' id='line_1_35' title="bbox 130 2807 577 2846; baseline 0.007 -3"><span class='ocrx_word' id='word_1_300' title='bbox 130 2807 148 2827; x_wconf 85' lang='lat' dir='ltr'>a</span> <span class='ocrx_word' id='word_1_301' title='bbox 199 2808 473 2846; x_wconf 84' lang='lat' dir='ltr'>doctrinanam</span> <span class='ocrx_word' id='word_1_302' title='bbox 498 2821 577 2846; x_wconf 85' lang='lat' dir='ltr'>ms.</span> 
     </span>
    </p>
   </div>
   <div class='ocr_carea' id='block_1_4' title="bbox 133 2980 1217 3086">
    <p class='ocr_par' dir='ltr' id='par_1_6' title="bbox 133 2980 1217 3086">
     <span class='ocr_line' id='line_1_36' title="bbox 134 2980 848 3027; baseline 0.001 -11"><span class='ocrx_word' id='word_1_303' title='bbox 134 2982 142 3001; x_wconf 92' lang='lat'>¹</span> <span class='ocrx_word' id='word_1_304' title='bbox 196 2981 240 3016; x_wconf 89' lang='lat' dir='ltr'>P.</span> <span class='ocrx_word' id='word_1_305' title='bbox 255 2980 436 3027; x_wconf 86' lang='lat' dir='ltr'>Joannes</span> <span class='ocrx_word' id='word_1_306' title='bbox 454 2980 502 3017; x_wconf 88' lang='lat' dir='ltr'>de</span> <span class='ocrx_word' id='word_1_307' title='bbox 523 2980 848 3018; x_wconf 84' lang='lat' dir='ltr'>Valderrabano.</span> 
     </span>
     <span class='ocr_line' id='line_1_37' title="bbox 133 3039 1217 3086; baseline 0.005 -10"><span class='ocrx_word' id='word_1_308' title='bbox 133 3040 146 3060; x_wconf 82' lang='lat'><strong>²</strong></span> <span class='ocrx_word' id='word_1_309' title='bbox 199 3039 377 3077; x_wconf 85' lang='lat' dir='ltr'>Videtur</span> <span class='ocrx_word' id='word_1_310' title='bbox 396 3039 707 3086; x_wconf 81' lang='lat' dir='ltr'>intelligendum</span> <span class='ocrx_word' id='word_1_311' title='bbox 727 3041 877 3085; x_wconf 77' lang='lat' dir='ltr'>secale,</span> <span class='ocrx_word' id='word_1_312' title='bbox 898 3054 970 3078; x_wconf 89' lang='lat' dir='ltr'>seu</span> <span class='ocrx_word' id='word_1_313' title='bbox 990 3048 1217 3081; x_wconf 84' lang='lat' dir='ltr'>centenum.</span> 
     </span>
    </p>
   </div>
  </div>
 </body>
</html>
