2038 3400
349 260 414 296 158
822 258 1040 298 LirTERAa
1068 262 1424 307 QUADR1MESTRES

297 363 398 400 dum
431 364 663 413 magistros
696 376 907 410 errorum,
941 365 1012 414 qui
1044 365 1136 402 sine
1169 365 1254 402 ullo
1287 366 1456 402 honore
1488 378 1539 403 ac
1570 364 1792 415 sepultura
1822 366 1928 404 asini

296 435 447 471 iubent
470 435 644 485 sepelirj
666 440 863 473 mortuos
885 448 1002 478 suos,
1028 435 1396 486 quemadmodum
1417 436 1546 486 paulo
1565 444 1667 474 ante
1685 437 1928 488 quadrage-

296 506 446 543 simam
468 506 511 543 in
533 505 629 544 ciue
652 512 913 557 augustano,
938 513 1038 557 post
1062 508 1261 558 Fugaros
1281 508 1300 525 ἃ
1321 506 1551 555 ditissimo,
1577 508 1655 546 sed
1678 508 1923 550 lutherano,

294 578 456 616 factum
489 582 571 625 est3
610 578 681 616 ubi
711 592 735 616 a
765 579 985 617 contrario
1009 591 1160 617 caesar
1182 580 1274 629 ipse
1297 579 1426 617 funus
1447 580 1687 630 praepositi
1706 580 1726 605 b
1749 586 1925 619 sanctae

296 647 470 696 Mariae,
509 649 589 687 viri
630 649 797 699 optimj,
837 648 1086 700 praesentia
1122 662 1298 687 suorum
1335 650 1543 689 nobilium
1579 663 1630 689 ac
1667 651 1922 702 stipatorum

293 720 477 771 alijsque
499 722 740 759 honoribus
762 721 830 772 pie
855 724 1107 759 exornaret.

343 793 381 830 ὁ.
442 792 591 830 Finem
614 791 768 830 faciam
791 793 918 830 huius
941 793 1171 843 epistolae,
1197 791 1269 829 ubi
1300 792 1353 829 de
1386 794 1700 831 beneuolentia
1736 808 1923 844 quorun-

291 864 388 901 dam
424 864 665 915 principum
707 876 811 914 erga
850 876 930 901 nos
970 876 1109 913 pauca
1148 864 1396 911 subiecero,
1439 864 1658 914 ‘nonisque
1690 864 1923 916 fanorum

289 934 725 986 significationibus.
760 935 924 973 Caesar
956 936 1047 985 ipse
1074 936 1119 973 P.
1154 936 1204 973 D.
1239 935 1476 977 Canisium,
1515 949 1539 974 a
1575 949 1620 973 se
1655 950 1707 974 ex
1744 938 1923 976 l‘olonia

289 1007 426 1044 literis
447 1012 705 1045 reuocatum
724 1007 884 1056 diuque
904 1013 1201 1058 expectatum,
1225 1019 1434 1058 perquam
1452 1008 1698 1046 humaniter
1717 1009 1921 1060 laeteque

289 1079 498 1128 suscepit3
536 1078 658 1116 cuius
696 1090 830 1128 opera
866 1084 910 1115 et
946 1078 1128 1116 consilio
1166 1079 1207 1115 in
1244 1078 1374 1127 uarijs
1415 1079 1631 1129 negoeijs,
1666 1086 1709 1116 et
1746 1079 1920 1130 quidem

288 1150 448 1192 arduis,
488 1150 676 1188 maxime
712 1163 824 1200 quae
860 1150 913 1188 ad
946 1149 1205 1188 catholicam
1240 1150 1500 1200 religionem
1533 1156 1748 1200 spectant,
1788 1164 1919 1202 saepe

287 1235 469 1260 numero
494 1223 642 1269 utitur,
667 1222 1037 1273 quemadmodum
1059 1222 1163 1260 facit
1196 1228 1239 1259 et
1271 1223 1416 1260 Rmus.
1451 1222 1680 1261 cardinalis
1716 1230 1920 1275 augusta-

285 1307 364 1332 nus
402 1302 426 1341 ¹,
464 1306 594 1344 quem
626 1294 758 1332 etiam
792 1293 1075 1344 intelligimus
1107 1306 1204 1331 cum
1237 1294 1325 1332 suis
1356 1294 1575 1332 canonicis
1606 1295 1689 1332 iam
1713 1295 1918 1334 effecisse

285 1366 399 1416 apud
422 1367 467 1404 P.
492 1367 562 1413 V.‚
586 1371 633 1403 ut
654 1365 770 1403 idem
794 1366 991 1405 Canisius
1015 1366 1147 1403 obeat
1169 1379 1325 1403 munus
1353 1367 1680 1404 concionatoris
1712 1365 1916 1416 ordinarij

282 1437 325 1475 in
346 1450 514 1475 summa
536 1437 740 1484 ecclesia,
765 1450 841 1487 spe
864 1444 1067 1487 tanquam
1091 1443 1214 1475 certo
1238 1437 1406 1478 relicta.
1432 1442 1476 1474 ut
1498 1438 1578 1476 hac
1605 1437 1676 1475 uia
1705 1437 1746 1475 in
1780 1451 1830 1475 ea
1863 1438 1917 1476 ci-

285 1508 419 1548 uitate
455 1510 662 1560 paulatim
699 1510 933 1560 collegium
971 1510 1041 1548 uel
1077 1509 1233 1547 domus
1267 1513 1446 1547 nostrae
1478 1510 1693 1548 Societati
1722 1516 1914 1560 paretur,

281 1580 399 1632 quod
422 1581 711 1631 proculdubio
734 1581 816 1620 toti
833 1580 1098 1619 Germaniae
1119 1581 1161 1618 in
1183 1581 1330 1627 rebus,
1350 1593 1461 1631 quae
1484 1581 1538 1619 ad
1556 1581 1914 1620 reformationem

282 1653 499 1691 ecclesiae
522 1657 737 1703 spectant,
762 1664 941 1703 magnas
962 1651 1102 1703 pariet
1124 1650 1349 1689 utilitates.
1377 1652 1513 1690 Huius
1536 1652 1738 1690 antistitis
1768 1658 1913 1692 tantus

281 1729 348 1761 est
371 1736 476 1774 erga
496 1728 690 1762 nostram
714 1724 986 1763 Societatem
1008 1735 1144 1770 amor,
1166 1727 1210 1760 ut
1233 1723 1354 1760 uelut
1371 1735 1476 1761 suae
1495 1722 1716 1774 dignitatis
1736 1724 1913 1772 oblitus,

280 1797 349 1834 uel
372 1796 594 1834 minimum
619 1809 674 1834 ex
695 1796 856 1834 nostris
879 1802 1082 1846 tanquam
1106 1795 1282 1833 fratrem
1306 1802 1349 1832 et
1373 1795 1452 1833 sibi
1479 1797 1707 1846 aequalem
1737 1797 1913 1845 habeat3

279 1881 364 1918 quo
388 1869 449 1913 fit,
475 1874 521 1906 ut
551 1867 592 1906 in
623 1868 863 1906 donatione
894 1868 1100 1914 vestium,
1134 1868 1357 1908 librorum,
1395 1867 1664 1918 aliarumque
1702 1868 1916 1907 eiusmodi

278 1952 422 1978 rerum
454 1953 501 1978 se
531 1940 658 1978 nobis
690 1940 876 1977 maxime
908 1939 1134 1977 liberalem
1165 1939 1390 1989 praebeat,
1427 1944 1469 1975 et
1497 1938 1550 1976 ad
1577 1939 1816 1989 quamlibet
1841 1952 1911 1978 oc-

278 2013 500 2051 casionem
523 2012 577 2050 de
599 2012 726 2050 nobis
749 2011 924 2049 stuleat
946 2011 1059 2049 bene
1091 2011 1267 2059 mererj,
1300 2010 1343 2048 id
1378 2010 1495 2060 quod
1526 2010 1775 2060 nuperrime
1807 2011 1911 2049 satis

277 2084 507 2122 manifeste
531 2084 864 2134 comprobatum
890 2087 970 2121 est.
996 2082 1107 2119 Dum
1126 2082 1240 2120 enim
1258 2081 1432 2131 quidam
1453 2081 1524 2131 qui
1541 2081 1654 2131 apud
1671 2095 1752 2119 nos
1769 2081 1912 2121 adhuc

275 2156 525 2206 probandus
548 2156 742 2203 uiuebat,
766 2154 1014 2192 tentatione
1034 2153 1454 2204 perturbationeque
1477 2153 1607 2191 animi
1630 2154 1787 2202 uictus,
1812 2155 1911 2192 hinc

275 2227 519 2278 aufugisset
542 2232 586 2264 et
606 2239 684 2277 per
706 2227 950 2277 Augustam
972 2226 1055 2263 iter
1076 2225 1260 2271 faceret,
1284 2225 1400 2263 forte
1422 2225 1597 2262 fortuna
1629 2226 1805 2263 obuium
1838 2227 1910 2264 ha-

275 2299 367 2337 buit
398 2299 618 2337 dominum
654 2299 923 2345 Petronium,
959 2298 1067 2336 Rmi.
1102 2296 1329 2336 cardinalis
1359 2297 1687 2344 cubicularium,
1713 2298 1784 2347 qui
1806 2312 1908 2336 mox

273 2371 494 2408 hominem
519 2384 572 2408 ex
595 2371 745 2408 habitu
767 2370 975 2408 iudicauit
999 2382 1052 2407 ex
1077 2368 1303 2408 Societate
1325 2374 1476 2406 nostra
1496 2368 1730 2418 prodijsse‚
1763 2374 1806 2407 et
1838 2382 1910 2408 ua-

272 2443 345 2492 rijs
376 2442 798 2492 interrogationibus
820 2442 977 2492 quibus
1008 2441 1241 2479 ueritatem
1274 2439 1421 2477 elicuit
1444 2439 1498 2477 de
1520 2439 1637 2490 fuga,
1663 2441 1811 2490 coepit
1835 2453 1909 2478 ue—

271 2515 502 2552 hementer
523 2513 729 2551 damnare
752 2513 863 2551 illius
894 2514 1052 2550 malum
1083 2512 1371 2562 propositum,
1405 2523 1456 2548 ac
1486 2524 1741 2561 persuasum
1778 2516 1823 2549 ut
1861 2525 1906 2550 se

271 2592 547 2636 sequeretur,
572 2586 626 2624 ad
648 2585 870 2623 dominum
894 2585 1158 2623 cardinalem
1179 2583 1398 2634 perduxit.
1426 2582 1665 2622 Cardinalis
1686 2584 1833 2634 igitur,
1859 2597 1905 2622 re

269 2658 508 2705 intellecta,
543 2656 716 2696 monitis
747 2657 909 2695 sanctis
941 2669 991 2694 ac
1020 2655 1225 2707 precibus
1255 2656 1373 2693 nisus
1406 2662 1471 2693 est
1502 2655 1733 2706 fugitiuum
1764 2655 1818 2694 ad
1841 2668 1905 2694 sa-

268 2730 437 2768 niorem
473 2734 665 2767 mentem
703 2740 939 2775 reuocare3
980 2727 1097 2778 quod
1139 2739 1234 2765 cum
1275 2726 1435 2767 frustra
1474 2730 1688 2774 tentaret,
1726 2727 1902 2765 tandem

268 2812 425 2852 magna
445 2801 575 2839 animi
597 2800 879 2838 miseratione
900 2803 1142 2849 permotus,
1177 2797 1484 2835 uehementius
1514 2799 1633 2836 illum
1666 2799 1903 2837 obsecrans

311 2945 330 2963 ²²
382 2944 574 2981 Fucaros.
631 2945 694 2969 —b
715 2944 753 2981 d.
775 2943 1008 2990 praepositi.

312 3085 320 3104 ¹
374 3081 470 3120 Otto
489 3081 733 3119 Truehsess.
