2038 3400
339 232 410 271 658
823 230 1043 270 LITTERAE
1069 231 1424 278 QUADRIMESTRES

293 335 336 374 id
357 336 475 386 quod
496 342 670 387 praeter
707 336 788 373 alia
808 340 1005 386 praestat
1027 335 1140 373 coeli
1163 334 1416 385 temperies,
1441 347 1553 385 quae
1575 335 1677 373 huic
1700 335 1795 372 urbi
1817 335 1925 372 salu-

292 408 482 445 berrima
505 413 586 445 est.
612 407 815 446 Omnium
836 407 1078 457 profectus,
1102 412 1190 444 tam
1214 407 1407 452 Patrum,
1432 417 1559 455 quam
1581 406 1777 453 fratrum,
1800 406 1842 443 in
1877 405 1927 442 iis

293 491 404 529 quae
427 478 481 516 ad
502 477 689 516 instituti
712 475 861 515 'nostri
884 478 1088 516 seruandi
1110 478 1327 516 rationem
1349 476 1551 524 attinent,
1574 477 1700 515 facile
1722 476 1928 528 perspici-

292 555 376 588 tur.
401 549 696 589 Obedientiae
730 550 843 588 enim
865 549 1001 601 prima
1033 563 1150 597 cura,
1184 562 1358 588 necnon
1382 554 1424 588 et
1456 549 1620 600 regulis
1649 549 1810 587 nostris
1841 560 1928 586 ser-

293 622 446 660 uandis
476 636 553 673 pro
587 635 664 660 sua
694 623 806 660 virili
837 622 1021 673 quisque
1054 622 1218 661 studet.
1243 623 1293 660 Ei
1328 634 1511 660 numero
1545 633 1713 668 eorum,
1746 631 1856 671 quos
1886 620 1928 657 in

292 695 376 732 hoc
400 694 589 745 collegio
613 706 789 731 manere
814 694 1114 744 superioribus
1137 694 1273 731 literis
1296 694 1344 731 T.
1371 694 1418 731 P.
1444 692 1702 743 significaui,
1734 691 1837 729 nihil
1862 696 1929 729 est

291 778 434 816 neque
457 764 652 804 additum
688 779 772 804 nec
793 765 1058 812 detractum3
1083 766 1239 803 decem
1259 766 1372 803 enim
1396 778 1560 812 sumus,
1586 764 1742 803 domus
1773 777 1928 814 angus-

290 837 363 887 t'ijs
398 839 544 888 plures
573 838 1045 891 110113111111110111111113.
1080 839 1316 888 Speramus
1345 843 1493 875 tamen
1528 835 1785 887 propediem
1815 836 1926 882 fore,

291 910 354 948 vti
376 910 553 947 domum
586 910 686 947 huic
717 910 1014 959 conjunctam,
1040 915 1137 948 cum
1168 916 1263 947 tota
1282 910 1365 947 hac
1395 909 1533 947 insula
1561 920 1822 955 mercemur,
1846 920 1930 957 qua

290 995 377 1020 non
398 982 506 1019 alius
528 982 636 1020 situs
659 983 749 1033 (qui
772 982 940 1021 venalis
964 983 1101 1032 esset)
1125 982 1412 1032 opportunior
1434 986 1587 1019 nostro
1611 980 1811 1018 instituto
1834 984 1928 1029 pot-

293 1060 386 1091 erat
407 1067 507 1092 sese
532 1054 711 1094 offerre.

344 1137 381 1173 3.
443 1125 510 1162 Ad
550 1130 826 1164 sacramenta
873 1124 1165 1164 confessionis
1211 1130 1342 1175 atque
1391 1123 1685 1161 eucharistiae
1731 1123 1929 1174 proxima

296 1197 656 1247 quadragessima
686 1197 934 1248 frequentia
965 1197 1142 1248 copiosa
1186 1196 1421 1234 decursum
1464 1201 1545 1233 est.
1589 1194 1763 1233 Dimissi
1801 1207 1929 1245 quam

290 1270 453 1320 plures,
478 1269 638 1320 quippe
660 1271 816 1319 quibus
846 1282 870 1307 a
893 1277 978 1307 tam
1000 1270 1151 1320 paucis
1172 1269 1267 1306 fieri
1291 1267 1393 1306 satis
1417 1281 1503 1306 non
1526 1273 1692 1319 posset.
1719 1268 1927 1317 Quamto-

288 1353 393 1391 pere
416 1346 563 1379 autem
586 1341 640 1378 sit
661 1341 909 1391 profectum
932 1342 973 1378 in
996 1341 1141 1378 multis
1162 1341 1426 1386 hominibus,
1452 1345 1543 1377 tum
1574 1339 1927 1377 confessionibus

289 1418 376 1450 tum
404 1413 535 1450 etiam
558 1412 818 1450 salutaribus
841 1414 1017 1451 monitis
1042 1419 1084 1450 et
1108 1412 1317 1461 consilijs,
1338 1424 1426 1449 non
1449 1417 1514 1449 est
1537 1411 1639 1449 mihi
1661 1411 1789 1448 facile
1813 1410 1928 1461 sigil-

288 1485 406 1523 latim
429 1485 596 1532 dicere3
619 1497 702 1523 nec
723 1485 766 1522 id
790 1485 1037 1535 epistolaris
1059 1485 1220 1535 patitur
1243 1484 1460 1534 angustia.
1494 1483 1593 1521 Non
1624 1489 1771 1521 tamen
1801 1482 1927 1520 idcir-

288 1568 340 1594 00
363 1569 387 1593 3
411 1556 604 1594 visendis
628 1562 672 1594 et
696 1568 876 1594 carcere
901 1562 944 1594 et
968 1556 1251 1594 xenodochio
1276 1562 1495 1593 cessatum
1521 1560 1601 1593 est.

342 1640 380 1677 4.
442 1630 742 1667 Concionatus
774 1633 840 1666 est
880 1629 1006 1666 Pater
1043 1634 1190 1666 rector
1228 1629 1235 1647 ¹
1266 1628 1467 1678 proxima
1496 1626 1855 1678 quadragessima
1885 1626 1926 1664 in

291 1701 427 1738 tribus
449 1701 577 1750 hujus
600 1701 718 1738 urbis
740 1700 955 1751 primarijs
978 1701 1152 1751 templis
1175 1706 1242 1739 ter
1278 1706 1492 1749 quaterue
1530 1711 1809 1748 nonunquam
1846 1697 1928 1736 sin-

288 1773 401 1823 gulis
421 1773 728 1819 hebdomadis,
753 1773 1005 1811 confluebat
1028 1773 1082 1810 ad
1115 1773 1209 1821 ejus
1242 1772 1481 1810 conciones
1515 1771 1653 1809 omnis
1683 1771 1775 1808 fere
1799 1770 1927 1819 hujus

289 1845 478 1882 ciuitatis
500 1845 721 1893 nobilitas,
745 1850 920 1894 praeter
952 1843 1077 1882 aliam
1102 1846 1371 1882 innumeram
1395 1843 1543 1893 populi
1565 1843 1751 1880 turbam.
1776 1841 1926 1880 Dicam

289 1916 330 1953 id
348 1916 464 1966 quod
483 1916 538 1953 de
557 1917 732 1955 Christo
756 1921 986 1953 seruatore
1009 1921 1163 1953 nostro
1188 1920 1364 1952 sanctus
1387 1914 1612 1965 praedicat
1636 1913 1923 1964 euangelista:

289 1988 497 2025 mirantur
531 2000 684 2025 omnes
706 1988 747 2025 in
779 1987 978 2026 doctrina
1003 1986 1098 2036 ejus
1122 1992 1147 2033 ²,
1173 1999 1224 2024 30
1259 1999 1374 2023 110113
1396 1986 1469 2023 lux
1501 1985 1581 2022 sibi
1605 1985 1707 2022 oriri
1728 1985 1821 2022 visa
1843 1989 1924 2022 est.

291 2060 475 2097 Desueti
499 2060 612 2097 enim
637 2064 759 2097 erant
782 2058 1035 2107 hujusmodi
1057 2057 1359 2096 concionibus.
1381 2057 1553 2095 Accidit
1575 2069 1708 2107 saepe
1730 2068 1926 2101 numero,

291 2132 494 2169 absoluta
530 2133 761 2179 concione,
799 2130 1011 2182 quosdam
1035 2130 1183 2168 diuino
1216 2134 1407 2167 attactos
1438 2129 1614 2167 numine
1637 2135 1768 2179 atque
1790 2133 1926 2165 atrac-

288 2208 372 2249 tos,
399 2203 575 2241 domum
606 2209 801 2241 nostram
832 2203 1026 2241 acurissc
1064 2207 1268 2252 optantes
1299 2206 1584 2252 peccatorum
1621 2201 1807 2247 sarcina,
1840 2212 1925 2250 qua

288 2276 615 2324 premebantur,
659 2276 812 2322 leuari,
853 2275 923 2325 qui
964 2273 1212 2325 gaudentes
1253 2274 1592 2312 reuertebantur
1628 2272 1925 2323 glorificantes

290 2347 431 2384 Deum
452 2352 478 2384 ³.
505 2347 734 2385 Dominica
764 2347 896 2384 tertia
930 2352 1030 2397 post
1058 2347 1221 2396 pascha
1251 2359 1275 2383 a
1305 2344 1563 2396 quibusdam
1585 2344 1794 2395 gravibus
1822 2343 1925 2381 viris

288 2418 435 2456 diuino
460 2420 556 2456 zelo
578 2420 777 2457 accensis
801 2424 983 2457 coactus
1015 2420 1195 2456 multum
1225 2417 1386 2468 diuque
1417 2417 1624 2467 fatigatus
1656 2416 1790 2454 verba
1820 2415 1925 2453 fecit

288 2489 328 2527 in
351 2490 540 2540 quodam
564 2492 728 2541 templo
766 2490 894 2539 hujus
932 2489 1047 2527 vrbis
1083 2489 1388 2527 meretricibus
1422 2487 1622 2539 publicis,
1656 2486 1924 2537 praeparatis

289 2567 419 2599 antea
440 2561 511 2610 qui.
534 2562 762 2599 conuersis
786 2561 1072 2599 subuenirent
1095 2561 1182 2597 suis
1207 2560 1376 2609 opibus.
1403 2559 1463 2597 Ibi
1486 2565 1577 2596 tum
1599 2559 1663 2608 (Vt
1687 2559 1721 2596 si
1745 2569 1923 2607 vsquam

289 2632 412 2681 alias)
433 2632 740 2670 ardentissimo
763 2632 914 2682 spiritu
938 2637 1006 2670 est
1028 2632 1333 2677 concionatus,
1361 2635 1404 2668 vt
1426 2630 1499 2668 vix
1533 2635 1652 2667 esset
1674 2635 1760 2667 tam
1792 2628 1924 2666 durus

287 2704 359 2755 qui
381 2704 625 2749 lachrimas,
650 2704 722 2754 qui
745 2704 958 2754 singultus
981 2710 1111 2753 atque
1134 2703 1317 2752 suspiria
1337 2707 1528 2740 teneret.
1555 2701 1670 2750 Quin
1693 2706 1736 2739 et
1760 2713 1813 2738 ex
1842 2701 1923 2738 illis

289 2776 457 2814 miseris
482 2788 633 2813 omnes
665 2789 719 2813 ex
750 2775 920 2824 perdita
952 2775 1042 2812 vita
1071 2772 1125 2812 ad
1156 2773 1384 2812 meliorem
1405 2773 1577 2823 frugem
1611 2784 1710 2810 sese
1742 2783 1923 2822 recepe-

336 2939 344 2957 ¹
398 2936 444 2974 P.
465 2935 697 2973 Ludovicus
716 2936 765 2973 de
785 2935 1034 2973 Santander.

335 2997 347 3016 ²
399 2994 462 3034 Cf.
483 2994 673 3039 Mum..
695 2993 831 3040 XXII,
852 2994 911 3033 33.

333 3056 346 3077 ⁸
399 3055 464 3094 Cf.
484 3055 614 3101 Luc„
631 3055 682 3100 ΙΙ,
703 3054 761 3094 20.
