<?xml version="1.0" encoding="UTF-8"?>
<!DOCTYPE html PUBLIC "-//W3C//DTD XHTML 1.0 Transitional//EN"
    "http://www.w3.org/TR/xhtml1/DTD/xhtml1-transitional.dtd">
<html xmlns="http://www.w3.org/1999/xhtml" xml:lang="en" lang="en">
 <head>
  <title>
</title>
<meta http-equiv="Content-Type" content="text/html;charset=utf-8" />
  <meta name='ocr-system' content='tesseract 3.04.00' />
  <meta name='ocr-capabilities' content='ocr_page ocr_carea ocr_par ocr_line ocrx_word'/>
</head>
<body>
  <div class='ocr_page' id='page_1' title='image "./litteraequadrime18lain_0690.png"; bbox 0 0 2038 3400; ppageno 0'>
   <div class='ocr_carea' id='block_1_1' title="bbox 381 233 1452 282">
    <p class='ocr_par' dir='ltr' id='par_1_1' title="bbox 381 233 1452 282">
     <span class='ocr_line' id='line_1_1' title="bbox 381 233 1452 282; baseline 0.003 -11"><span class='ocrx_word' id='word_1_1' title='bbox 381 233 452 272; x_wconf 81' lang='lat'><em>672</em></span> <span class='ocrx_word' id='word_1_2' title='bbox 849 235 1068 274; x_wconf 73' lang='lat' dir='ltr'><em>LirmRAE</em></span> <span class='ocrx_word' id='word_1_3' title='bbox 1094 235 1452 282; x_wconf 69' lang='lat' dir='ltr'><em>QuAmuMESTREs</em></span> 
     </span>
    </p>
   </div>
   <div class='ocr_carea' id='block_1_2' title="bbox 702 446 1597 620">
    <p class='ocr_par' dir='ltr' id='par_1_2' title="bbox 702 446 1597 620">
     <span class='ocr_line' id='line_1_2' title="bbox 1083 446 1196 498; baseline 0 0"><span class='ocrx_word' id='word_1_4' title='bbox 1083 446 1196 498; x_wconf 83' lang='lat'><em>585</em></span> 
     </span>
     <span class='ocr_line' id='line_1_3' title="bbox 702 572 1597 620; baseline 0 -2"><span class='ocrx_word' id='word_1_5' title='bbox 702 572 1110 619; x_wconf 86' lang='lat' dir='ltr'>LUDOVICUS</span> <span class='ocrx_word' id='word_1_6' title='bbox 1144 572 1597 620; x_wconf 84' lang='lat' dir='ltr'>GERARDINUS</span> 
     </span>
    </p>
   </div>
   <div class='ocr_carea' id='block_1_3' title="bbox 888 685 1411 732">
    <p class='ocr_par' dir='ltr' id='par_1_3' title="bbox 888 685 1411 732">
     <span class='ocr_line' id='line_1_4' title="bbox 888 685 1411 732; baseline -0.002 -9"><span class='ocrx_word' id='word_1_7' title='bbox 888 696 1059 723; x_wconf 77' lang='lat' dir='ltr'><em>BiLiomo</em></span> <span class='ocrx_word' id='word_1_8' title='bbox 1089 686 1103 722; x_wconf 94' lang='lat' dir='ltr'><em>l</em></span> <span class='ocrx_word' id='word_1_9' title='bbox 1132 695 1238 732; x_wconf 82' lang='lat' dir='ltr'><em>JuNu</em></span> <span class='ocrx_word' id='word_1_10' title='bbox 1268 685 1358 722; x_wconf 82' lang='lat'>1560</span> <span class='ocrx_word' id='word_1_11' title='bbox 1386 687 1411 722; x_wconf 94' lang='lat'><em>¹.</em></span> 
     </span>
    </p>
   </div>
   <div class='ocr_carea' id='block_1_4' title="bbox 332 785 1963 1025">
    <p class='ocr_par' dir='ltr' id='par_1_4' title="bbox 332 785 1963 1025">
     <span class='ocr_line' id='line_1_5' title="bbox 332 785 1962 838; baseline 0.001 -14"><span class='ocrx_word' id='word_1_12' title='bbox 332 788 363 824; x_wconf 93' lang='lat' dir='ltr'><em>l.</em></span> <span class='ocrx_word' id='word_1_13' title='bbox 390 785 786 826; x_wconf 79' lang='lat' dir='ltr'><em>Scholasticorum</em></span> <span class='ocrx_word' id='word_1_14' title='bbox 800 786 1084 838; x_wconf 72' lang='lat' dir='ltr'><em>frequentia.</em></span> <span class='ocrx_word' id='word_1_15' title='bbox 1110 786 1392 826; x_wconf 86' lang='lat' dir='ltr'><em>Litterariae</em></span> <span class='ocrx_word' id='word_1_16' title='bbox 1413 786 1774 827; x_wconf 78' lang='lat' dir='ltr'><em>exercitationes.</em></span> <span class='ocrx_word' id='word_1_17' title='bbox 1814 788 1962 826; x_wconf 82' lang='lat' dir='ltr'><em>Bono-</em></span> 
     </span>
     <span class='ocr_line' id='line_1_6' title="bbox 410 852 1963 905; baseline 0.001 -14"><span class='ocrx_word' id='word_1_18' title='bbox 410 865 514 891; x_wconf 68' lang='lat' dir='ltr'><em>rum</em></span> <span class='ocrx_word' id='word_1_19' title='bbox 554 865 736 892; x_wconf 76' lang='lat' dir='ltr'><em>morum</em></span> <span class='ocrx_word' id='word_1_20' title='bbox 776 852 1004 892; x_wconf 59' lang='lat' dir='ltr'><em>curm—2.</em></span> <span class='ocrx_word' id='word_1_21' title='bbox 1044 853 1287 893; x_wconf 80' lang='lat' dir='ltr'><em>Societatis</em></span> <span class='ocrx_word' id='word_1_22' title='bbox 1320 853 1488 892; x_wconf 72' lang='lat' dir='ltr'><em>notitia</em></span> <span class='ocrx_word' id='word_1_23' title='bbox 1523 852 1828 905; x_wconf 78' lang='lat' dir='ltr'><em>diffunditur.</em></span> <span class='ocrx_word' id='word_1_24' title='bbox 1866 854 1963 893; x_wconf 87' lang='lat' dir='ltr'><em>Col-</em></span> 
     </span>
     <span class='ocr_line' id='line_1_7' title="bbox 409 918 1962 969; baseline 0.001 -13"><span class='ocrx_word' id='word_1_25' title='bbox 409 918 534 969; x_wconf 79' lang='lat' dir='ltr'><em>legia</em></span> <span class='ocrx_word' id='word_1_26' title='bbox 566 932 593 956; x_wconf 89' lang='lat' dir='ltr'><em>a</em></span> <span class='ocrx_word' id='word_1_27' title='bbox 624 918 806 958; x_wconf 87' lang='lat' dir='ltr'><em>civitate</em></span> <span class='ocrx_word' id='word_1_28' title='bbox 836 919 1152 959; x_wconf 73' lang='lat' dir='ltr'><em>mauriacensi</em></span> <span class='ocrx_word' id='word_1_29' title='bbox 1179 922 1218 959; x_wconf 87' lang='lat' dir='ltr'><em>et</em></span> <span class='ocrx_word' id='word_1_30' title='bbox 1245 920 1601 958; x_wconf 78' lang='lat' dir='ltr'><em>claromontana</em></span> <span class='ocrx_word' id='word_1_31' title='bbox 1622 920 1962 969; x_wconf 68' lang='lat' dir='ltr'><em>expetuntur.-</em></span> 
     </span>
     <span class='ocr_line' id='line_1_8' title="bbox 407 983 1958 1025; baseline 0 -2"><span class='ocrx_word' id='word_1_32' title='bbox 407 983 446 1023; x_wconf 82' lang='lat'><em>3.</em></span> <span class='ocrx_word' id='word_1_33' title='bbox 471 984 675 1023; x_wconf 81' lang='lat' dir='ltr'><em>Admissi</em></span> <span class='ocrx_word' id='word_1_34' title='bbox 696 984 742 1023; x_wconf 78' lang='lat' dir='ltr'><em>in</em></span> <span class='ocrx_word' id='word_1_35' title='bbox 773 984 1059 1025; x_wconf 77' lang='lat' dir='ltr'><em>Societatem.</em></span> <span class='ocrx_word' id='word_1_36' title='bbox 1095 985 1226 1024; x_wconf 79' lang='lat' dir='ltr'><em>Nova</em></span> <span class='ocrx_word' id='word_1_37' title='bbox 1261 987 1421 1023; x_wconf 71' lang='lat' dir='ltr'><em>domus</em></span> <span class='ocrx_word' id='word_1_38' title='bbox 1451 983 1657 1024; x_wconf 86' lang='lat' dir='ltr'><em>celeriter</em></span> <span class='ocrx_word' id='word_1_39' title='bbox 1688 985 1958 1023; x_wconf 75' lang='lat' dir='ltr'><em>exstruitur.</em></span> 
     </span>
    </p>
   </div>
   <div class='ocr_carea' id='block_1_5' title="bbox 408 1049 1203 1103">
    <p class='ocr_par' dir='ltr' id='par_1_5' title="bbox 408 1049 1203 1103">
     <span class='ocr_line' id='line_1_9' title="bbox 408 1049 1203 1103; baseline 0 -15"><span class='ocrx_word' id='word_1_40' title='bbox 408 1049 822 1091; x_wconf 79' lang='lat' dir='ltr'><em>Sacramentorum</em></span> <span class='ocrx_word' id='word_1_41' title='bbox 835 1051 1060 1103; x_wconf 76' lang='lat' dir='ltr'><em>frequens</em></span> <span class='ocrx_word' id='word_1_42' title='bbox 1083 1064 1203 1089; x_wconf 73' lang='lat' dir='ltr'><em>usus.</em></span> 
     </span>
    </p>
   </div>
   <div class='ocr_carea' id='block_1_6' title="bbox 318 1163 1960 2648">
    <p class='ocr_par' dir='ltr' id='par_1_6' title="bbox 318 1163 1960 2648">
     <span class='ocr_line' id='line_1_10' title="bbox 386 1163 1960 1218; baseline -0.003 -13"><span class='ocrx_word' id='word_1_43' title='bbox 386 1178 419 1205; x_wconf 94' lang='lat'><em>1.</em></span> <span class='ocrx_word' id='word_1_44' title='bbox 479 1170 507 1217; x_wconf 61' lang='grc' dir='ltr'><em>ἦ·</em></span> <span class='ocrx_word' id='word_1_45' title='bbox 533 1167 623 1218; x_wconf 88' lang='lat' dir='ltr'><em>Jhs.</em></span> <span class='ocrx_word' id='word_1_46' title='bbox 650 1167 739 1204; x_wconf 86' lang='lat' dir='ltr'><em>Pax</em></span> <span class='ocrx_word' id='word_1_47' title='bbox 762 1167 830 1204; x_wconf 72' lang='grc' dir='ltr'><em>Χ.1</em></span> <span class='ocrx_word' id='word_1_48' title='bbox 857 1172 942 1205; x_wconf 90' lang='lat' dir='ltr'><em>etc.</em></span> <span class='ocrx_word' id='word_1_49' title='bbox 971 1165 1159 1213; x_wconf 82' lang='lat' dir='ltr'><em>[Scribit</em></span> <span class='ocrx_word' id='word_1_50' title='bbox 1180 1179 1232 1204; x_wconf 85' lang='lat' dir='ltr'><em>ex</em></span> <span class='ocrx_word' id='word_1_51' title='bbox 1254 1164 1570 1215; x_wconf 61' lang='lat' dir='ltr'><em>oboedientia]</em></span> <span class='ocrx_word' id='word_1_52' title='bbox 1602 1165 1651 1203; x_wconf 89' lang='lat' dir='ltr'><em>T.</em></span> <span class='ocrx_word' id='word_1_53' title='bbox 1686 1165 1732 1202; x_wconf 85' lang='lat' dir='ltr'><em>R.</em></span> <span class='ocrx_word' id='word_1_54' title='bbox 1767 1163 1960 1202; x_wconf 87' lang='lat' dir='ltr'><em>Paterni-</em></span> 
     </span>
     <span class='ocr_line' id='line_1_11' title="bbox 328 1236 1959 1288; baseline -0.002 -11"><span class='ocrx_word' id='word_1_55' title='bbox 328 1246 393 1277; x_wconf 83' lang='lat' dir='ltr'><em>tas</em></span> <span class='ocrx_word' id='word_1_56' title='bbox 423 1251 478 1276; x_wconf 85' lang='lat' dir='ltr'><em>ex</em></span> <span class='ocrx_word' id='word_1_57' title='bbox 506 1239 572 1277; x_wconf 86' lang='lat' dir='ltr'><em>his</em></span> <span class='ocrx_word' id='word_1_58' title='bbox 603 1237 741 1276; x_wconf 86' lang='lat' dir='ltr'><em>literis</em></span> <span class='ocrx_word' id='word_1_59' title='bbox 771 1238 1048 1276; x_wconf 82' lang='lat' dir='ltr'><em>foeliciorem</em></span> <span class='ocrx_word' id='word_1_60' title='bbox 1079 1238 1121 1276; x_wconf 90' lang='lat' dir='ltr'><em>in</em></span> <span class='ocrx_word' id='word_1_61' title='bbox 1144 1238 1253 1285; x_wconf 88' lang='lat' dir='ltr'><em>dies,</em></span> <span class='ocrx_word' id='word_1_62' title='bbox 1278 1237 1374 1274; x_wconf 87' lang='lat' dir='ltr'><em>Deo</em></span> <span class='ocrx_word' id='word_1_63' title='bbox 1399 1237 1500 1288; x_wconf 89' lang='lat' dir='ltr'><em>Opt.</em></span> <span class='ocrx_word' id='word_1_64' title='bbox 1540 1236 1653 1275; x_wconf 86' lang='lat' dir='ltr'><em>Max.</em></span> <span class='ocrx_word' id='word_1_65' title='bbox 1692 1240 1862 1283; x_wconf 84' lang='lat' dir='ltr'><em>autore,</em></span> <span class='ocrx_word' id='word_1_66' title='bbox 1895 1248 1959 1273; x_wconf 88' lang='lat' dir='ltr'><em>re-</em></span> 
     </span>
     <span class='ocr_line' id='line_1_12' title="bbox 327 1306 1960 1360; baseline -0.003 -11"><span class='ocrx_word' id='word_1_67' title='bbox 327 1324 420 1349; x_wconf 90' lang='lat' dir='ltr'><em>rum</em></span> <span class='ocrx_word' id='word_1_68' title='bbox 442 1315 690 1349; x_wconf 83' lang='lat' dir='ltr'><em>nostrarum</em></span> <span class='ocrx_word' id='word_1_69' title='bbox 722 1321 976 1348; x_wconf 87' lang='lat' dir='ltr'><em>successum</em></span> <span class='ocrx_word' id='word_1_70' title='bbox 1009 1315 1267 1360; x_wconf 81' lang='lat' dir='ltr'><em>cognoscat,</em></span> <span class='ocrx_word' id='word_1_71' title='bbox 1301 1321 1444 1359; x_wconf 88' lang='lat' dir='ltr'><em>neque</em></span> <span class='ocrx_word' id='word_1_72' title='bbox 1478 1308 1634 1345; x_wconf 90' lang='lat' dir='ltr'><em>minori</em></span> <span class='ocrx_word' id='word_1_73' title='bbox 1665 1320 1768 1345; x_wconf 85' lang='lat' dir='ltr'><em>cura</em></span> <span class='ocrx_word' id='word_1_74' title='bbox 1798 1319 1849 1345; x_wconf 89' lang='lat' dir='ltr'><em>ac</em></span> <span class='ocrx_word' id='word_1_75' title='bbox 1870 1306 1960 1344; x_wconf 89' lang='lat' dir='ltr'><em>dili-</em></span> 
     </span>
     <span class='ocr_line' id='line_1_13' title="bbox 325 1379 1957 1434; baseline -0.003 -13"><span class='ocrx_word' id='word_1_76' title='bbox 325 1383 476 1434; x_wconf 81' lang='lat' dir='ltr'><em>gentia</em></span> <span class='ocrx_word' id='word_1_77' title='bbox 511 1395 563 1421; x_wconf 87' lang='lat' dir='ltr'><em>ea</em></span> <span class='ocrx_word' id='word_1_78' title='bbox 599 1382 757 1428; x_wconf 81' lang='lat' dir='ltr'><em>omnia,</em></span> <span class='ocrx_word' id='word_1_79' title='bbox 795 1394 905 1430; x_wconf 82' lang='lat' dir='ltr'><em>quae</em></span> <span class='ocrx_word' id='word_1_80' title='bbox 942 1382 1080 1419; x_wconf 82' lang='lat' dir='ltr'><em>nostri</em></span> <span class='ocrx_word' id='word_1_81' title='bbox 1117 1381 1308 1419; x_wconf 87' lang='lat' dir='ltr'><em>muneris</em></span> <span class='ocrx_word' id='word_1_82' title='bbox 1330 1386 1444 1427; x_wconf 85' lang='lat' dir='ltr'><em>sunt,</em></span> <span class='ocrx_word' id='word_1_83' title='bbox 1481 1379 1597 1417; x_wconf 88' lang='lat' dir='ltr'><em>tueri</em></span> <span class='ocrx_word' id='word_1_84' title='bbox 1631 1391 1683 1417; x_wconf 87' lang='lat' dir='ltr'><em>ac</em></span> <span class='ocrx_word' id='word_1_85' title='bbox 1717 1384 1957 1429; x_wconf 87' lang='lat' dir='ltr'><em>praestare,</em></span> 
     </span>
     <span class='ocr_line' id='line_1_14' title="bbox 324 1450 1960 1506; baseline -0.004 -12"><span class='ocrx_word' id='word_1_86' title='bbox 324 1468 453 1506; x_wconf 87' lang='lat' dir='ltr'><em>quam</em></span> <span class='ocrx_word' id='word_1_87' title='bbox 474 1455 528 1492; x_wconf 88' lang='lat' dir='ltr'><em>ab</em></span> <span class='ocrx_word' id='word_1_88' title='bbox 549 1455 650 1492; x_wconf 92' lang='lat' dir='ltr'><em>hinc</em></span> <span class='ocrx_word' id='word_1_89' title='bbox 671 1453 905 1492; x_wconf 89' lang='lat' dir='ltr'><em>triennium</em></span> <span class='ocrx_word' id='word_1_90' title='bbox 926 1454 1132 1492; x_wconf 89' lang='lat' dir='ltr'><em>inchoata</em></span> <span class='ocrx_word' id='word_1_91' title='bbox 1152 1453 1343 1491; x_wconf 81' lang='lat' dir='ltr'><em>fuerunt.</em></span> <span class='ocrx_word' id='word_1_92' title='bbox 1371 1453 1468 1502; x_wconf 72' lang='lat' dir='ltr'><em>Qua</em></span> <span class='ocrx_word' id='word_1_93' title='bbox 1489 1452 1531 1489; x_wconf 89' lang='lat' dir='ltr'><em>in</em></span> <span class='ocrx_word' id='word_1_94' title='bbox 1552 1464 1598 1489; x_wconf 93' lang='lat' dir='ltr'><em>re</em></span> <span class='ocrx_word' id='word_1_95' title='bbox 1620 1464 1708 1489; x_wconf 90' lang='lat' dir='ltr'><em>non</em></span> <span class='ocrx_word' id='word_1_96' title='bbox 1731 1450 1960 1489; x_wconf 86' lang='lat' dir='ltr'><em>mediocri-</em></span> 
     </span>
     <span class='ocr_line' id='line_1_15' title="bbox 324 1523 1959 1576; baseline -0.003 -11"><span class='ocrx_word' id='word_1_97' title='bbox 324 1534 391 1565; x_wconf 90' lang='lat' dir='ltr'><em>ter</em></span> <span class='ocrx_word' id='word_1_98' title='bbox 412 1540 493 1565; x_wconf 91' lang='lat' dir='ltr'><em>nos</em></span> <span class='ocrx_word' id='word_1_99' title='bbox 517 1527 715 1574; x_wconf 83' lang='lat' dir='ltr'><em>excitari,</em></span> <span class='ocrx_word' id='word_1_100' title='bbox 739 1539 794 1565; x_wconf 91' lang='lat' dir='ltr'><em>ne</em></span> <span class='ocrx_word' id='word_1_101' title='bbox 813 1526 954 1564; x_wconf 86' lang='lat' dir='ltr'><em>dicam</em></span> <span class='ocrx_word' id='word_1_102' title='bbox 976 1525 1139 1576; x_wconf 82' lang='lat' dir='ltr'><em>urgeri,</em></span> <span class='ocrx_word' id='word_1_103' title='bbox 1164 1524 1349 1562; x_wconf 84' lang='lat' dir='ltr'><em>maxima</em></span> <span class='ocrx_word' id='word_1_104' title='bbox 1372 1524 1736 1562; x_wconf 70' lang='lat' dir='ltr'><em>scholasticorum</em></span> <span class='ocrx_word' id='word_1_105' title='bbox 1758 1523 1959 1573; x_wconf 85' lang='lat' dir='ltr'><em>frequen-</em></span> 
     </span>
     <span class='ocr_line' id='line_1_16' title="bbox 324 1595 1958 1649; baseline -0.004 -12"><span class='ocrx_word' id='word_1_106' title='bbox 324 1600 382 1636; x_wconf 84' lang='lat' dir='ltr'><em>tia</em></span> <span class='ocrx_word' id='word_1_107' title='bbox 404 1600 632 1645; x_wconf 80' lang='lat' dir='ltr'><em>sentimus3</em></span> <span class='ocrx_word' id='word_1_108' title='bbox 665 1610 849 1649; x_wconf 83' lang='lat' dir='ltr'><em>quorum</em></span> <span class='ocrx_word' id='word_1_109' title='bbox 871 1609 1077 1635; x_wconf 82' lang='lat' dir='ltr'><em>numerus</em></span> <span class='ocrx_word' id='word_1_110' title='bbox 1099 1598 1185 1635; x_wconf 90' lang='lat' dir='ltr'><em>hoc</em></span> <span class='ocrx_word' id='word_1_111' title='bbox 1206 1609 1318 1634; x_wconf 91' lang='lat' dir='ltr'><em>anno</em></span> <span class='ocrx_word' id='word_1_112' title='bbox 1344 1609 1397 1634; x_wconf 92' lang='lat' dir='ltr'><em>eo</em></span> <span class='ocrx_word' id='word_1_113' title='bbox 1421 1596 1576 1643; x_wconf 87' lang='lat' dir='ltr'><em>creuit,</em></span> <span class='ocrx_word' id='word_1_114' title='bbox 1601 1601 1647 1633; x_wconf 91' lang='lat' dir='ltr'><em>ut</em></span> <span class='ocrx_word' id='word_1_115' title='bbox 1675 1608 1762 1633; x_wconf 90' lang='lat' dir='ltr'><em>non</em></span> <span class='ocrx_word' id='word_1_116' title='bbox 1783 1595 1958 1645; x_wconf 87' lang='lat' dir='ltr'><em>paucio-</em></span> 
     </span>
     <span class='ocr_line' id='line_1_17' title="bbox 323 1666 1957 1721; baseline -0.004 -12"><span class='ocrx_word' id='word_1_117' title='bbox 323 1683 394 1709; x_wconf 90' lang='lat' dir='ltr'><em>res</em></span> <span class='ocrx_word' id='word_1_118' title='bbox 417 1684 515 1709; x_wconf 88' lang='lat' dir='ltr'><em>esse</em></span> <span class='ocrx_word' id='word_1_119' title='bbox 538 1671 688 1721; x_wconf 83' lang='lat' dir='ltr'><em>quinta</em></span> <span class='ocrx_word' id='word_1_120' title='bbox 708 1670 751 1707; x_wconf 90' lang='lat' dir='ltr'><em>in</em></span> <span class='ocrx_word' id='word_1_121' title='bbox 773 1669 929 1717; x_wconf 81' lang='lat' dir='ltr'><em>classe,</em></span> <span class='ocrx_word' id='word_1_122' title='bbox 954 1682 1082 1720; x_wconf 89' lang='lat' dir='ltr'><em>quam</em></span> <span class='ocrx_word' id='word_1_123' title='bbox 1113 1668 1155 1706; x_wconf 87' lang='lat' dir='ltr'><em>in</em></span> <span class='ocrx_word' id='word_1_124' title='bbox 1185 1669 1362 1719; x_wconf 87' lang='lat' dir='ltr'><em>reliquis</em></span> <span class='ocrx_word' id='word_1_125' title='bbox 1384 1667 1574 1718; x_wconf 84' lang='lat' dir='ltr'><em>quinque</em></span> <span class='ocrx_word' id='word_1_126' title='bbox 1606 1666 1793 1704; x_wconf 85' lang='lat' dir='ltr'><em>antehac</em></span> <span class='ocrx_word' id='word_1_127' title='bbox 1824 1666 1957 1703; x_wconf 82' lang='lat' dir='ltr'><em>fuisse</em></span> 
     </span>
     <span class='ocr_line' id='line_1_18' title="bbox 325 1739 1957 1794; baseline -0.004 -12"><span class='ocrx_word' id='word_1_128' title='bbox 325 1744 601 1794; x_wconf 85' lang='lat' dir='ltr'><em>exploratum</em></span> <span class='ocrx_word' id='word_1_129' title='bbox 622 1743 876 1780; x_wconf 79' lang='lat' dir='ltr'><em>habeamus.</em></span> <span class='ocrx_word' id='word_1_130' title='bbox 898 1741 961 1779; x_wconf 89' lang='lat' dir='ltr'><em>Ea</em></span> <span class='ocrx_word' id='word_1_131' title='bbox 991 1741 1105 1784; x_wconf 80' lang='lat' dir='ltr'><em>enim</em></span> <span class='ocrx_word' id='word_1_132' title='bbox 1137 1745 1205 1778; x_wconf 86' lang='lat' dir='ltr'><em>est</em></span> <span class='ocrx_word' id='word_1_133' title='bbox 1229 1740 1420 1777; x_wconf 86' lang='lat' dir='ltr'><em>omnium</em></span> <span class='ocrx_word' id='word_1_134' title='bbox 1442 1739 1744 1785; x_wconf 84' lang='lat' dir='ltr'><em>refertissima,</em></span> <span class='ocrx_word' id='word_1_135' title='bbox 1768 1739 1809 1776; x_wconf 91' lang='lat' dir='ltr'><em>in</em></span> <span class='ocrx_word' id='word_1_136' title='bbox 1831 1750 1957 1788; x_wconf 86' lang='lat' dir='ltr'><em>quam</em></span> 
     </span>
     <span class='ocr_line' id='line_1_19' title="bbox 325 1809 1956 1861; baseline -0.004 -8"><span class='ocrx_word' id='word_1_137' title='bbox 325 1815 515 1853; x_wconf 88' lang='lat' dir='ltr'><em>omnium</em></span> <span class='ocrx_word' id='word_1_138' title='bbox 547 1813 748 1852; x_wconf 88' lang='lat' dir='ltr'><em>classium</em></span> <span class='ocrx_word' id='word_1_139' title='bbox 781 1813 1033 1852; x_wconf 81' lang='lat' dir='ltr'><em>scholastici</em></span> <span class='ocrx_word' id='word_1_140' title='bbox 1065 1812 1303 1850; x_wconf 88' lang='lat' dir='ltr'><em>conuenire</em></span> <span class='ocrx_word' id='word_1_141' title='bbox 1338 1811 1482 1849; x_wconf 80' lang='lat' dir='ltr'><em>solent</em></span> <span class='ocrx_word' id='word_1_142' title='bbox 1514 1811 1689 1861; x_wconf 81' lang='lat' dir='ltr'><em>quoties</em></span> <span class='ocrx_word' id='word_1_143' title='bbox 1720 1815 1793 1847; x_wconf 86' lang='lat' dir='ltr'><em>aut</em></span> <span class='ocrx_word' id='word_1_144' title='bbox 1823 1809 1956 1847; x_wconf 87' lang='lat' dir='ltr'><em>lectio</em></span> 
     </span>
     <span class='ocr_line' id='line_1_20' title="bbox 323 1881 1957 1933; baseline -0.005 -8"><span class='ocrx_word' id='word_1_145' title='bbox 323 1887 552 1925; x_wconf 87' lang='lat' dir='ltr'><em>doctrinae</em></span> <span class='ocrx_word' id='word_1_146' title='bbox 575 1886 839 1924; x_wconf 79' lang='lat' dir='ltr'><em>christianae</em></span> <span class='ocrx_word' id='word_1_147' title='bbox 867 1896 891 1921; x_wconf 88' lang='lat' dir='ltr'><em>a</em></span> <span class='ocrx_word' id='word_1_148' title='bbox 922 1885 968 1922; x_wconf 87' lang='lat' dir='ltr'><em>P.</em></span> <span class='ocrx_word' id='word_1_149' title='bbox 1004 1885 1193 1921; x_wconf 84' lang='lat' dir='ltr'><em>Rectore</em></span> <span class='ocrx_word' id='word_1_150' title='bbox 1225 1882 1511 1933; x_wconf 67' lang='lat' dir='ltr'><em>praelegitur,</em></span> <span class='ocrx_word' id='word_1_151' title='bbox 1545 1887 1618 1919; x_wconf 89' lang='lat' dir='ltr'><em>aut</em></span> <span class='ocrx_word' id='word_1_152' title='bbox 1651 1881 1790 1919; x_wconf 88' lang='lat' dir='ltr'><em>oratio</em></span> <span class='ocrx_word' id='word_1_153' title='bbox 1823 1893 1847 1918; x_wconf 91' lang='lat' dir='ltr'><em>a</em></span> <span class='ocrx_word' id='word_1_154' title='bbox 1875 1881 1957 1931; x_wconf 89' lang='lat' dir='ltr'><em>pri-</em></span> 
     </span>
     <span class='ocr_line' id='line_1_21' title="bbox 322 1952 1956 2008; baseline -0.004 -12"><span class='ocrx_word' id='word_1_155' title='bbox 322 1959 468 2007; x_wconf 86' lang='lat' dir='ltr'><em>marijs</em></span> <span class='ocrx_word' id='word_1_156' title='bbox 489 1956 692 1996; x_wconf 87' lang='lat' dir='ltr'><em>habenda</em></span> <span class='ocrx_word' id='word_1_157' title='bbox 713 1963 795 2004; x_wconf 79' lang='lat' dir='ltr'><em>est,</em></span> <span class='ocrx_word' id='word_1_158' title='bbox 816 1957 888 2008; x_wconf 88' lang='lat' dir='ltr'><em>qui</em></span> <span class='ocrx_word' id='word_1_159' title='bbox 911 1955 1101 1994; x_wconf 87' lang='lat' dir='ltr'><em>uicissim</em></span> <span class='ocrx_word' id='word_1_160' title='bbox 1119 1968 1205 1993; x_wconf 87' lang='lat' dir='ltr'><em>non</em></span> <span class='ocrx_word' id='word_1_161' title='bbox 1222 1968 1374 2005; x_wconf 84' lang='lat' dir='ltr'><em>parum</em></span> <span class='ocrx_word' id='word_1_162' title='bbox 1393 1954 1645 1992; x_wconf 79' lang='lat' dir='ltr'><em>inflammati</em></span> <span class='ocrx_word' id='word_1_163' title='bbox 1665 1953 1752 1991; x_wconf 89' lang='lat' dir='ltr'><em>loci</em></span> <span class='ocrx_word' id='word_1_164' title='bbox 1775 1952 1956 1991; x_wconf 85' lang='lat' dir='ltr'><em>celebri-</em></span> 
     </span>
     <span class='ocr_line' id='line_1_22' title="bbox 321 2024 1955 2077; baseline -0.005 -8"><span class='ocrx_word' id='word_1_165' title='bbox 321 2037 411 2069; x_wconf 84' lang='lat' dir='ltr'><em>tate</em></span> <span class='ocrx_word' id='word_1_166' title='bbox 444 2030 728 2068; x_wconf 85' lang='lat' dir='ltr'><em>declamitare</em></span> <span class='ocrx_word' id='word_1_167' title='bbox 758 2029 917 2067; x_wconf 86' lang='lat' dir='ltr'><em>solent.</em></span> <span class='ocrx_word' id='word_1_168' title='bbox 954 2030 1064 2066; x_wconf 86' lang='lat' dir='ltr'><em>Dum</em></span> <span class='ocrx_word' id='word_1_169' title='bbox 1096 2028 1310 2074; x_wconf 84' lang='lat' dir='ltr'><em>nicolaea,</em></span> <span class='ocrx_word' id='word_1_170' title='bbox 1343 2039 1422 2077; x_wconf 92' lang='lat' dir='ltr'><em>pro</em></span> <span class='ocrx_word' id='word_1_171' title='bbox 1456 2038 1594 2073; x_wconf 83' lang='lat' dir='ltr'><em>more,</em></span> <span class='ocrx_word' id='word_1_172' title='bbox 1619 2025 1817 2076; x_wconf 82' lang='lat' dir='ltr'><em>proxime</em></span> <span class='ocrx_word' id='word_1_173' title='bbox 1842 2024 1955 2061; x_wconf 90' lang='lat' dir='ltr'><em>cele-</em></span> 
     </span>
     <span class='ocr_line' id='line_1_23' title="bbox 321 2097 1956 2153; baseline -0.005 -12"><span class='ocrx_word' id='word_1_174' title='bbox 321 2104 498 2141; x_wconf 85' lang='lat' dir='ltr'><em>brarent</em></span> <span class='ocrx_word' id='word_1_175' title='bbox 529 2108 557 2150; x_wconf 76' lang='lat'><em>²,</em></span> <span class='ocrx_word' id='word_1_176' title='bbox 594 2108 771 2153; x_wconf 88' lang='lat' dir='ltr'><em>praeter</em></span> <span class='ocrx_word' id='word_1_177' title='bbox 809 2114 937 2152; x_wconf 86' lang='lat' dir='ltr'><em>quam</em></span> <span class='ocrx_word' id='word_1_178' title='bbox 973 2101 1090 2151; x_wconf 85' lang='lat' dir='ltr'><em>quod</em></span> <span class='ocrx_word' id='word_1_179' title='bbox 1125 2099 1299 2150; x_wconf 89' lang='lat' dir='ltr'><em>quidam</em></span> <span class='ocrx_word' id='word_1_180' title='bbox 1336 2112 1488 2137; x_wconf 83' lang='lat' dir='ltr'><em>eorum</em></span> <span class='ocrx_word' id='word_1_181' title='bbox 1524 2098 1636 2136; x_wconf 89' lang='lat' dir='ltr'><em>illius</em></span> <span class='ocrx_word' id='word_1_182' title='bbox 1671 2097 1823 2135; x_wconf 85' lang='lat' dir='ltr'><em>laudes</em></span> <span class='ocrx_word' id='word_1_183' title='bbox 1853 2097 1956 2134; x_wconf 74' lang='lat' dir='ltr'><em>satis</em></span> 
     </span>
     <span class='ocr_line' id='line_1_24' title="bbox 323 2168 1955 2225; baseline -0.005 -12"><span class='ocrx_word' id='word_1_184' title='bbox 323 2176 453 2224; x_wconf 66' lang='lat' dir='ltr'><em>longa</em></span> <span class='ocrx_word' id='word_1_185' title='bbox 484 2182 529 2213; x_wconf 89' lang='lat' dir='ltr'><em>et</em></span> <span class='ocrx_word' id='word_1_186' title='bbox 552 2174 744 2225; x_wconf 78' lang='lat' dir='ltr'><em>eleganti</em></span> <span class='ocrx_word' id='word_1_187' title='bbox 777 2173 977 2211; x_wconf 88' lang='lat' dir='ltr'><em>oratione</em></span> <span class='ocrx_word' id='word_1_188' title='bbox 999 2177 1296 2223; x_wconf 85' lang='lat' dir='ltr'><em>prosequutus</em></span> <span class='ocrx_word' id='word_1_189' title='bbox 1328 2172 1398 2217; x_wconf 69' lang='lat' dir='ltr'><em>sitg</em></span> <span class='ocrx_word' id='word_1_190' title='bbox 1422 2183 1446 2208; x_wconf 85' lang='lat' dir='ltr'><em>a</em></span> <span class='ocrx_word' id='word_1_191' title='bbox 1475 2176 1645 2220; x_wconf 81' lang='lat' dir='ltr'><em>septem</em></span> <span class='ocrx_word' id='word_1_192' title='bbox 1668 2169 1764 2218; x_wconf 83' lang='lat' dir='ltr'><em>alijs</em></span> <span class='ocrx_word' id='word_1_193' title='bbox 1795 2168 1955 2206; x_wconf 71' lang='lat' dir='ltr'><em>diuersi</em></span> 
     </span>
     <span class='ocr_line' id='line_1_25' title="bbox 321 2241 1954 2297; baseline -0.005 -13"><span class='ocrx_word' id='word_1_194' title='bbox 321 2247 499 2297; x_wconf 81' lang='lat' dir='ltr'><em>generis</em></span> <span class='ocrx_word' id='word_1_195' title='bbox 530 2246 722 2284; x_wconf 89' lang='lat' dir='ltr'><em>carmina</em></span> <span class='ocrx_word' id='word_1_196' title='bbox 742 2245 928 2282; x_wconf 88' lang='lat' dir='ltr'><em>recitata</em></span> <span class='ocrx_word' id='word_1_197' title='bbox 947 2243 1072 2281; x_wconf 88' lang='lat' dir='ltr'><em>fuere</em></span> <span class='ocrx_word' id='word_1_198' title='bbox 1103 2255 1190 2280; x_wconf 92' lang='lat' dir='ltr'><em>non</em></span> <span class='ocrx_word' id='word_1_199' title='bbox 1213 2243 1305 2280; x_wconf 87' lang='lat' dir='ltr'><em>sine</em></span> <span class='ocrx_word' id='word_1_200' title='bbox 1328 2254 1485 2292; x_wconf 83' lang='lat' dir='ltr'><em>magna</em></span> <span class='ocrx_word' id='word_1_201' title='bbox 1507 2241 1697 2278; x_wconf 87' lang='lat' dir='ltr'><em>omnium</em></span> <span class='ocrx_word' id='word_1_202' title='bbox 1727 2241 1954 2290; x_wconf 88' lang='lat' dir='ltr'><em>uoluptate</em></span> 
     </span>
     <span class='ocr_line' id='line_1_26' title="bbox 320 2311 1954 2368; baseline -0.006 -12"><span class='ocrx_word' id='word_1_203' title='bbox 320 2330 371 2356; x_wconf 83' lang='lat' dir='ltr'><em>ac</em></span> <span class='ocrx_word' id='word_1_204' title='bbox 393 2318 616 2368; x_wconf 80' lang='lat' dir='ltr'><em>applausu,</em></span> <span class='ocrx_word' id='word_1_205' title='bbox 647 2315 907 2366; x_wconf 85' lang='lat' dir='ltr'><em>interposita</em></span> <span class='ocrx_word' id='word_1_206' title='bbox 937 2315 1127 2352; x_wconf 87' lang='lat' dir='ltr'><em>musices</em></span> <span class='ocrx_word' id='word_1_207' title='bbox 1158 2313 1427 2364; x_wconf 89' lang='lat' dir='ltr'><em>repititione.</em></span> <span class='ocrx_word' id='word_1_208' title='bbox 1453 2312 1576 2350; x_wconf 85' lang='lat' dir='ltr'><em>Aliae</em></span> <span class='ocrx_word' id='word_1_209' title='bbox 1608 2311 1765 2351; x_wconf 81' lang='lat' dir='ltr'><em>solitae</em></span> <span class='ocrx_word' id='word_1_210' title='bbox 1786 2311 1954 2349; x_wconf 86' lang='lat' dir='ltr'><em>schola-</em></span> 
     </span>
     <span class='ocr_line' id='line_1_27' title="bbox 320 2382 1953 2433; baseline -0.005 -7"><span class='ocrx_word' id='word_1_211' title='bbox 320 2402 413 2427; x_wconf 86' lang='lat' dir='ltr'><em>rum</em></span> <span class='ocrx_word' id='word_1_212' title='bbox 445 2388 791 2426; x_wconf 85' lang='lat' dir='ltr'><em>exercitationes</em></span> <span class='ocrx_word' id='word_1_213' title='bbox 822 2398 909 2424; x_wconf 92' lang='lat' dir='ltr'><em>non</em></span> <span class='ocrx_word' id='word_1_214' title='bbox 943 2386 1217 2431; x_wconf 82' lang='lat' dir='ltr'><em>omittuntur,</em></span> <span class='ocrx_word' id='word_1_215' title='bbox 1249 2384 1291 2422; x_wconf 86' lang='lat' dir='ltr'><em>in</em></span> <span class='ocrx_word' id='word_1_216' title='bbox 1327 2384 1563 2433; x_wconf 80' lang='lat' dir='ltr'><em>primisque</em></span> <span class='ocrx_word' id='word_1_217' title='bbox 1586 2382 1711 2420; x_wconf 87' lang='lat' dir='ltr'><em>datur</em></span> <span class='ocrx_word' id='word_1_218' title='bbox 1735 2394 1883 2432; x_wconf 90' lang='lat' dir='ltr'><em>opera,</em></span> <span class='ocrx_word' id='word_1_219' title='bbox 1908 2388 1953 2418; x_wconf 86' lang='lat' dir='ltr'><em>ut</em></span> 
     </span>
     <span class='ocr_line' id='line_1_28' title="bbox 321 2454 1950 2508; baseline -0.005 -11"><span class='ocrx_word' id='word_1_220' title='bbox 321 2466 364 2498; x_wconf 91' lang='lat' dir='ltr'><em>et</em></span> <span class='ocrx_word' id='word_1_221' title='bbox 385 2459 427 2497; x_wconf 90' lang='lat' dir='ltr'><em>in</em></span> <span class='ocrx_word' id='word_1_222' title='bbox 462 2459 599 2497; x_wconf 88' lang='lat' dir='ltr'><em>literis</em></span> <span class='ocrx_word' id='word_1_223' title='bbox 632 2464 675 2496; x_wconf 89' lang='lat' dir='ltr'><em>et</em></span> <span class='ocrx_word' id='word_1_224' title='bbox 706 2459 745 2495; x_wconf 88' lang='grc'><em>111</em></span> <span class='ocrx_word' id='word_1_225' title='bbox 778 2457 942 2508; x_wconf 85' lang='lat' dir='ltr'><em>pietate</em></span> <span class='ocrx_word' id='word_1_226' title='bbox 966 2469 1227 2507; x_wconf 81' lang='lat' dir='ltr'><em>progressus</em></span> <span class='ocrx_word' id='word_1_227' title='bbox 1248 2455 1368 2493; x_wconf 87' lang='lat' dir='ltr'><em>fiant.</em></span> <span class='ocrx_word' id='word_1_228' title='bbox 1394 2454 1441 2492; x_wconf 91' lang='lat' dir='ltr'><em>In</em></span> <span class='ocrx_word' id='word_1_229' title='bbox 1475 2466 1560 2504; x_wconf 85' lang='lat' dir='ltr'><em>quo</em></span> <span class='ocrx_word' id='word_1_230' title='bbox 1594 2459 1830 2492; x_wconf 76' lang='lat' dir='ltr'><em>consuetas</em></span> <span class='ocrx_word' id='word_1_231' title='bbox 1852 2465 1950 2491; x_wconf 91' lang='lat' dir='ltr'><em>con-</em></span> 
     </span>
     <span class='ocr_line' id='line_1_29' title="bbox 318 2525 1951 2581; baseline -0.006 -11"><span class='ocrx_word' id='word_1_232' title='bbox 318 2532 536 2570; x_wconf 88' lang='lat' dir='ltr'><em>fessiones</em></span> <span class='ocrx_word' id='word_1_233' title='bbox 556 2531 715 2581; x_wconf 87' lang='lat' dir='ltr'><em>primas</em></span> <span class='ocrx_word' id='word_1_234' title='bbox 736 2535 907 2576; x_wconf 81' lang='lat' dir='ltr'><em>tenere,</em></span> <span class='ocrx_word' id='word_1_235' title='bbox 933 2527 1042 2578; x_wconf 72' lang='lat' dir='ltr'><em>quin</em></span> <span class='ocrx_word' id='word_1_236' title='bbox 1062 2529 1081 2546; x_wconf 70' lang='lat'><em>³¹⁴</em></span> <span class='ocrx_word' id='word_1_237' title='bbox 1100 2540 1279 2578; x_wconf 80' lang='lat' dir='ltr'><em>prorsus</em></span> <span class='ocrx_word' id='word_1_238' title='bbox 1301 2526 1590 2572; x_wconf 85' lang='lat' dir='ltr'><em>necessarias,</em></span> <span class='ocrx_word' id='word_1_239' title='bbox 1624 2525 1767 2575; x_wconf 83' lang='lat' dir='ltr'><em>reipsa</em></span> <span class='ocrx_word' id='word_1_240' title='bbox 1789 2536 1951 2575; x_wconf 81' lang='lat' dir='ltr'><em>eogno-</em></span> 
     </span>
     <span class='ocr_line' id='line_1_30' title="bbox 319 2595 1949 2648; baseline -0.006 -7"><span class='ocrx_word' id='word_1_241' title='bbox 319 2604 478 2642; x_wconf 85' lang='lat' dir='ltr'><em>scimus</em></span> <span class='ocrx_word' id='word_1_242' title='bbox 498 2603 533 2640; x_wconf 78' lang='lat' dir='ltr'><em>b.</em></span> <span class='ocrx_word' id='word_1_243' title='bbox 567 2602 613 2639; x_wconf 91' lang='lat' dir='ltr'><em>In</em></span> <span class='ocrx_word' id='word_1_244' title='bbox 644 2602 709 2639; x_wconf 81' lang='lat' dir='ltr'><em>his</em></span> <span class='ocrx_word' id='word_1_245' title='bbox 741 2599 968 2638; x_wconf 82' lang='lat' dir='ltr'><em>audiendis</em></span> <span class='ocrx_word' id='word_1_246' title='bbox 1000 2598 1256 2648; x_wconf 78' lang='lat' dir='ltr'><em>confessarij</em></span> <span class='ocrx_word' id='word_1_247' title='bbox 1289 2608 1311 2646; x_wconf 86' lang='lat'>3</span> <span class='ocrx_word' id='word_1_248' title='bbox 1345 2601 1630 2648; x_wconf 86' lang='lat' dir='ltr'><em>occupantur,</em></span> <span class='ocrx_word' id='word_1_249' title='bbox 1655 2609 1839 2646; x_wconf 89' lang='lat' dir='ltr'><em>quorum</em></span> <span class='ocrx_word' id='word_1_250' title='bbox 1863 2595 1949 2633; x_wconf 89' lang='lat' dir='ltr'><em>duo</em></span> 
     </span>
    </p>
   </div>
   <div class='ocr_carea' id='block_1_7' title="bbox 363 2737 1115 2784">
    <p class='ocr_par' dir='ltr' id='par_1_7' title="bbox 363 2737 1115 2784">
     <span class='ocr_line' id='line_1_31' title="bbox 363 2737 1115 2784; baseline -0.004 -8"><span class='ocrx_word' id='word_1_251' title='bbox 363 2740 383 2759; x_wconf 87' lang='lat' dir='ltr'><em>a</em></span> <span class='ocrx_word' id='word_1_252' title='bbox 433 2743 595 2780; x_wconf 73' lang='lat' dir='ltr'><em>etesse.</em></span> <span class='ocrx_word' id='word_1_253' title='bbox 650 2738 714 2764; x_wconf 78' lang='lat' dir='ltr'><em>—b</em></span> <span class='ocrx_word' id='word_1_254' title='bbox 736 2737 1014 2784; x_wconf 86' lang='lat' dir='ltr'><em>cognossimus</em></span> <span class='ocrx_word' id='word_1_255' title='bbox 1033 2746 1115 2773; x_wconf 83' lang='lat' dir='ltr'><em>ms.</em></span> 
     </span>
    </p>
   </div>
   <div class='ocr_carea' id='block_1_8' title="bbox 365 2864 1946 2918">
    <p class='ocr_par' dir='ltr' id='par_1_8' title="bbox 365 2864 1946 2918">
     <span class='ocr_line' id='line_1_32' title="bbox 365 2864 1946 2918; baseline -0.006 -8"><span class='ocrx_word' id='word_1_256' title='bbox 365 2876 373 2895; x_wconf 88' lang='lat'>¹</span> <span class='ocrx_word' id='word_1_257' title='bbox 427 2873 489 2910; x_wconf 81' lang='lat' dir='ltr'><em>Ex</em></span> <span class='ocrx_word' id='word_1_258' title='bbox 507 2871 761 2918; x_wconf 89' lang='lat' dir='ltr'><em>autographo</em></span> <span class='ocrx_word' id='word_1_259' title='bbox 780 2883 803 2907; x_wconf 87' lang='lat' dir='ltr'><em>a</em></span> <span class='ocrx_word' id='word_1_260' title='bbox 822 2869 1000 2907; x_wconf 84' lang='lat' dir='ltr'><em>Polaneo</em></span> <span class='ocrx_word' id='word_1_261' title='bbox 1019 2869 1246 2913; x_wconf 78' lang='lat' dir='ltr'><em>emendato,</em></span> <span class='ocrx_word' id='word_1_262' title='bbox 1269 2870 1308 2904; x_wconf 86' lang='lat' dir='ltr'><em>in</em></span> <span class='ocrx_word' id='word_1_263' title='bbox 1323 2868 1408 2905; x_wconf 91' lang='lat' dir='ltr'><em>cod.</em></span> <span class='ocrx_word' id='word_1_264' title='bbox 1433 2866 1544 2904; x_wconf 84' lang='lat' dir='ltr'><em>Gall.</em></span> <span class='ocrx_word' id='word_1_265' title='bbox 1572 2866 1636 2910; x_wconf 82' lang='lat'><em>79,</em></span> <span class='ocrx_word' id='word_1_266' title='bbox 1656 2866 1679 2902; x_wconf 81' lang='lat'>2</span> <span class='ocrx_word' id='word_1_267' title='bbox 1698 2866 1755 2910; x_wconf 81' lang='lat' dir='ltr'><em>ff.‚</em></span> <span class='ocrx_word' id='word_1_268' title='bbox 1776 2878 1844 2901; x_wconf 93' lang='lat' dir='ltr'><em>nn.</em></span> <span class='ocrx_word' id='word_1_269' title='bbox 1868 2864 1946 2908; x_wconf 79' lang='grc'>119,</span> 
     </span>
    </p>
   </div>
   <div class='ocr_carea' id='block_1_9' title="bbox 321 2931 1945 3037">
    <p class='ocr_par' dir='ltr' id='par_1_9' title="bbox 321 2931 1945 3037">
     <span class='ocr_line' id='line_1_33' title="bbox 321 2931 748 2981; baseline -0.012 -9"><span class='ocrx_word' id='word_1_270' title='bbox 321 2936 397 2981; x_wconf 88' lang='grc' dir='ltr'>12Ο;</span> <span class='ocrx_word' id='word_1_271' title='bbox 419 2935 529 2981; x_wconf 87' lang='lat' dir='ltr'><em>prius</em></span> <span class='ocrx_word' id='word_1_272' title='bbox 551 2933 617 2970; x_wconf 83' lang='lat'><em>163</em></span> <span class='ocrx_word' id='word_1_273' title='bbox 636 2931 748 2976; x_wconf 82' lang='lat'>(315).</span> 
     </span>
     <span class='ocr_line' id='line_1_34' title="bbox 363 2985 1945 3037; baseline -0.006 -6"><span class='ocrx_word' id='word_1_274' title='bbox 363 2996 375 3015; x_wconf 80' lang='lat'><strong>²</strong></span> <span class='ocrx_word' id='word_1_275' title='bbox 425 2995 470 3032; x_wconf 89' lang='lat' dir='ltr'><em>In</em></span> <span class='ocrx_word' id='word_1_276' title='bbox 491 2993 627 3030; x_wconf 89' lang='lat' dir='ltr'><em>multis</em></span> <span class='ocrx_word' id='word_1_277' title='bbox 645 2992 744 3030; x_wconf 87' lang='lat' dir='ltr'><em>loeis</em></span> <span class='ocrx_word' id='word_1_278' title='bbox 762 2993 1049 3029; x_wconf 86' lang='lat' dir='ltr'><em>celebrabatur</em></span> <span class='ocrx_word' id='word_1_279' title='bbox 1067 2991 1130 3027; x_wconf 90' lang='lat' dir='ltr'><em>die</em></span> <span class='ocrx_word' id='word_1_280' title='bbox 1150 3003 1255 3027; x_wconf 88' lang='lat' dir='ltr'><em>nona</em></span> <span class='ocrx_word' id='word_1_281' title='bbox 1275 2989 1376 3037; x_wconf 81' lang='lat' dir='ltr'><em>Maji</em></span> <span class='ocrx_word' id='word_1_282' title='bbox 1395 2988 1606 3025; x_wconf 82' lang='lat' dir='ltr'><em>translatio</em></span> <span class='ocrx_word' id='word_1_283' title='bbox 1626 2987 1699 3024; x_wconf 86' lang='lat' dir='ltr'><em>Sti.</em></span> <span class='ocrx_word' id='word_1_284' title='bbox 1722 2986 1880 3023; x_wconf 88' lang='lat' dir='ltr'><em>Nicolai</em></span> <span class='ocrx_word' id='word_1_285' title='bbox 1896 2985 1945 3022; x_wconf 89' lang='lat' dir='ltr'><em>de</em></span> 
     </span>
    </p>
   </div>
   <div class='ocr_carea' id='block_1_10' title="bbox 318 3056 451 3104">
    <p class='ocr_par' dir='ltr' id='par_1_10' title="bbox 318 3056 451 3104">
     <span class='ocr_line' id='line_1_35' title="bbox 318 3056 451 3104; baseline -0.015 -10"><span class='ocrx_word' id='word_1_286' title='bbox 318 3056 451 3104; x_wconf 87' lang='lat' dir='ltr'><em>Myra.</em></span> 
     </span>
    </p>
   </div>
  </div>
 </body>
</html>
