2038 3400
584 255 924 292 377.-LAURF.†0
954 256 996 292 12
1024 256 1130 302 MAJl
1162 257 1251 292 1560
1603 257 1672 294 645

100 357 228 401 tibus,
251 369 379 394 vnum
396 356 558 394 habere
578 370 631 394 ex
649 358 824 404 nostris,
849 359 919 407 qui
942 359 982 395 ei
999 372 1023 396 a
1045 358 1329 395 concionibus
1346 359 1477 399 foret:
1498 365 1539 395 ut
1559 359 1609 396 ad
1635 360 1717 395 boc

99 427 416 478 impetrandum
438 427 516 465 fuit
550 428 612 465 vir
636 428 808 478 quidam
830 430 975 479 grauis
1008 442 1103 467 cum
1128 431 1263 467 literis
1295 430 1346 467 ad
1371 437 1562 467 nostrum
1590 432 1717 467 colle-

99 500 215 549 gium
238 499 498 546 destinatus,
522 502 599 539 sed
618 506 703 538 tam
726 499 806 550 piis
828 501 943 538 votis
966 501 1298 538 clarissimorum
1323 502 1573 551 principium
1595 514 1717 551 prop-

99 576 165 608 ter
186 571 334 608 talium
358 572 655 621 operariorum
688 572 876 621 inopiam
907 585 990 609 non
1015 577 1082 609 est
1114 572 1397 609 satisfactum.
1426 573 1577 609 Missus
1607 574 1716 609 enim

97 641 238 679 fuerat
260 642 408 692 paucis
429 647 528 681 ante
553 642 708 680 diebus
730 642 901 692 quidam
925 656 979 680 ex
1001 643 1205 680 fratribus
1227 644 1277 680 ad
1312 643 1530 692 oppidum,
1557 644 1623 680 (tui
1644 657 1717 680 no-

98 726 196 751 men
219 714 260 750 S.
287 715 442 760 Iustus,
470 720 514 752 vt
534 714 592 751 ibi
610 727 686 764 per
708 718 845 752 totam
867 714 1240 765 quadragesimam
1268 715 1551 751 ecclesiastae
1572 728 1717 751 mune-

99 797 143 822 re
165 784 439 835 fungeretur,
478 797 531 822 ex
567 798 651 835 quo
691 797 893 836 magnum
928 785 1114 822 Domino
1152 785 1300 822 retulit
1336 785 1536 823 fructum:
1576 791 1715 822 totum

98 856 211 894 enirn
236 856 439 905 populum
460 856 577 893 illum
601 857 892 894 vehementer
921 857 1154 912 permouit,
1189 857 1409 905 multaque
1434 857 1594 906 optime
1620 869 1718 893 con-

99 927 251 964 stituta
274 927 461 977 reliquit,
486 940 596 977 quae
619 927 672 965 ad
690 927 905 977 publicam
925 932 967 965 et
989 927 1199 977 priuatam
1223 928 1455 964 multorum
1490 927 1717 965 vtilitatem

98 997 359 1036 videbantur
396 998 636 1048 pertinere,
674 1011 857 1048 quorum
880 997 983 1035 illud
1018 999 1059 1035 in
1094 999 1239 1047 primis
1275 998 1491 1035 laudabile
1529 999 1717 1045 videtur,

97 1068 213 1118 quod
236 1069 377 1106 Patris
399 1081 530 1106 suasu
548 1068 601 1105 ad
623 1068 882 1107 abolendam
905 1070 1192 1106 inueteratam
1210 1069 1493 1118 quorumdam
1519 1070 1720 1106 concubi-

99 1141 317 1179 nariorum
339 1140 638 1190 peruicatiam,
662 1141 834 1190 publice
852 1141 930 1178 fuit
949 1145 1173 1186 statutum,
1194 1146 1239 1177 vt
1257 1141 1397 1177 nullus
1417 1154 1600 1190 vnquam
1621 1154 1720 1178 con-

98 1212 343 1250 cubinarius
359 1210 497 1262 possit
515 1212 698 1261 publicis
715 1212 836 1262 fungi
853 1212 1118 1253 muneribus,
1134 1212 1293 1248 nullum
1313 1214 1353 1249 in
1372 1212 1552 1249 consilio
1572 1212 1719 1248 suffra-

97 1283 214 1333 gium
236 1283 367 1329 ferre,
393 1283 509 1320 nullo
534 1281 722 1332 denique
740 1283 907 1321 honore
930 1283 1074 1332 potiri.
1102 1283 1385 1332 Praeceptori
1407 1295 1580 1333 quoque
1605 1294 1718 1320 com-

98 1354 318 1392 munitatis
340 1354 514 1391 nomine
536 1353 710 1403 publice.
732 1354 812 1391 fuit
833 1354 1086 1399 iniunctum,
1113 1359 1158 1391 vt
1180 1354 1388 1403 pietatem
1407 1366 1491 1391 vna
1509 1366 1602 1391 cuni
1628 1355 1719 1391 lite-

97 1425 154 1462 ris
175 1425 451 1462 iuuentutem
476 1424 702 1470 edoceret,
729 1430 990 1474 curaretque
1012 1430 1058 1462 vt
1082 1437 1233 1463 omnes
1256 1425 1499 1463 doctrinam
1528 1426 1719 1462 christia-

98 1507 196 1533 nam
219 1494 484 1540 ediscerent,
518 1501 653 1545 vtque
684 1494 895 1545 quotidie,
930 1496 1082 1533 saltem
1114 1496 1305 1534 minores
1332 1500 1450 1541 natu,
1485 1496 1720 1533 recitarent

99 1567 244 1613 Pater,
270 1566 379 1612 Aue,
406 1565 566 1612 Credo,
591 1565 748 1604 decem
779 1571 1015 1616 precaepta
1038 1571 1081 1604 et
1103 1566 1364 1613 huiusmodi,
1389 1573 1435 1604 vt
1459 1565 1519 1603 sic
1541 1580 1562 1603 a
1598 1570 1719 1604 tene-

98 1638 155 1675 ris
175 1638 355 1683 assueti,
375 1637 622 1687 religiosius
645 1637 862 1675 viuerent.
896 1638 1113 1675 Plebanus
1135 1651 1308 1688 quoque
1342 1638 1494 1676 eadem
1520 1651 1565 1675 se
1587 1651 1721 1688 popu-

98 1709 138 1747 lo
171 1707 428 1746 traditurum
464 1707 713 1758 spopondit,
752 1709 906 1746 saltem
941 1706 1095 1746 diebus
1131 1708 1358 1747 dominicis
1391 1710 1433 1746 in
1470 1710 1720 1747 solemniori

98 1778 241 1824 missa,
265 1779 335 1816 vel
359 1791 455 1816 cum
477 1785 496 1802 ἃ
516 1778 788 1828 frequentior
809 1779 994 1828 populus
1024 1778 1065 1815 in
1095 1780 1258 1829 templo
1284 1779 1564 1830 reperiretur.
1600 1779 1720 1817 Sole-

98 1850 262 1888 batille
284 1848 402 1888 rudis
422 1850 607 1899 populus
629 1855 727 1900 post
751 1862 915 1887 sacram
939 1851 1291 1888 communionem
1322 1852 1416 1900 ipso
1440 1851 1509 1888 die
1533 1852 1720 1900 paschae

99 1921 283 1959 choreas
299 1921 319 1945 b
341 1919 520 1967 ducere,
542 1921 1011 1958 commenssationibus
1029 1927 1073 1958 et
1092 1922 1381 1959 ebrietatibus
1398 1935 1571 1968 vacare,
1592 1935 1722 1972 aquas

97 1992 375 2042 tripudiando
399 1992 629 2038 transilire,
654 1992 833 2042 aliisque
866 1991 977 2030 ludis
1014 2000 1057 2030 et
1079 1993 1378 2043 voluptatibus
1411 2006 1586 2044 operam
1619 1994 1720 2031 dare

97 2077 185 2102 non
202 2064 295 2101 sine
314 2061 510 2101 evidenti
527 2050 732 2100 scandalo
752 2068 795 2100 et
812 2062 966 2100 iniuria
982 2064 1153 2101 iamiam
1171 2069 1435 2115 percaeptae
1455 2065 1721 2102 communio-

98 2135 179 2178 nis,
202 2146 313 2185 quae
334 2140 382 2171 vt
403 2134 445 2171 in
479 2140 741 2184 perpetuum
768 2135 1066 2181 abolerentur,
1098 2135 1177 2172 sub
1213 2141 1335 2172 certa
1368 2148 1512 2185 poena
1545 2136 1717 2185 publice

99 2205 179 2243 fuit
200 2205 406 2251 edictum,
430 2209 478 2242 vt
499 2204 640 2242 nullus
662 2217 848 2255 unquam
870 2206 973 2243 talia
992 2206 1140 2251 facere
1168 2212 1486 2256 praesumeret,
1511 2218 1560 2243 ac
1583 2214 1628 2243 vt
1650 2207 1719 2243 ille

100 2289 176 2326 pro
200 2288 276 2313 reo
310 2281 474 2314 certam
496 2276 725 2324 pecuniam
747 2277 994 2322 exolueret,
1018 2276 1089 2326 qui
1111 2276 1439 2327 delinquentem
1469 2278 1545 2314 sibi
1570 2282 1719 2314 notum

98 2360 185 2385 non
207 2346 451 2385 detulisset.
476 2346 555 2383 His
576 2346 722 2395 itaque
747 2352 790 2384 et
812 2347 904 2385 aliis
942 2348 1073 2385 rebus
1097 2349 1257 2398 optime
1283 2349 1546 2387 constitutis,
1585 2350 1721 2385 laure-

98 2419 210 2456 tanis
231 2417 499 2456 messoribus
530 2416 765 2455 admodum
787 2418 828 2455 in
850 2431 996 2456 messe
1020 2419 1192 2456 Domini
1216 2419 1439 2469 occupatis
1464 2431 1590 2468 opem
1615 2420 1719 2456 latu—

102 2501 173 2526 rus
197 2490 266 2526 Pr.
289 2488 361 2526 ille
382 2488 635 2526 reuertitur.

155 2561 192 2597 8.
254 2558 419 2597 Eodem
441 2559 534 2597 fere
557 2564 757 2609 tempore
779 2560 1004 2610 profectus
1022 2568 1089 2599 est
1105 2562 1158 2599 ad
1181 2561 1295 2599 aliud
1311 2562 1500 2599 vicinum
1521 2561 1718 2611 oppidum

101 2630 274 2682 quidam
297 2642 350 2667 ex
377 2629 572 2668 Patribus
594 2631 737 2668 victus
757 2631 961 2681 precibus
983 2633 1295 2670 maceratensis
1317 2631 1651 2675 communitatis,
1677 2639 1722 2668 vt

100 2702 187 2740 illic
206 2713 358 2752 pacem
380 2701 593 2751 quandam
614 2702 696 2739 iam
719 2702 818 2740 olim
841 2703 894 2740 ab
925 2703 1083 2740 eodem
1112 2704 1241 2741 Patre
1278 2704 1439 2754 optime
1471 2703 1719 2753 dispositam

101 2773 310 2818 firmarem
331 2785 415 2822 qua
433 2785 511 2822 pro
533 2777 638 2810 uoto
663 2774 913 2819 constituta,
937 2775 1247 2812 monasterium
1271 2775 1400 2812 etiam
1423 2774 1722 2811 sanctimonia—

102 2844 204 2882 lium
225 2855 302 2894 per
325 2843 528 2882 eumdem
549 2844 759 2882 Dominus
783 2844 1072 2895 omnipotenti
1093 2846 1254 2883 virtute
1278 2849 1321 2882 et
1343 2846 1573 2895 gratiarum
1600 2845 1721 2881 vber-

103 2919 193 2952 tate
213 2914 421 2951 visitauit.
446 2914 580 2952 Multa
599 2915 682 2952 alia
702 2927 812 2965 quae
835 2915 888 2952 ad
908 2914 1204 2965 proximorum
1229 2922 1273 2954 et
1296 2915 1510 2953 ecclesiae
1533 2915 1610 2951 Dei
1636 2913 1722 2950 ecli-

152 3051 170 3070 ³
220 3063 310 3088 cum
334 3055 468 3097 sup›a
490 3061 596 3087 vers.
651 3052 716 3077 -b
738 3050 830 3097 Seq,
852 3051 936 3088 del.
957 3051 1133 3088 duchere
1155 3052 1216 3097 (τ’).
