2038 3400
349 203 418 243 890
816 209 1035 246 LITTERAE
1062 209 1366 254 QUADR1MESTR
1373 220 1417 246 Es

301 309 371 346 uel
392 310 543 349 alienis
564 326 756 361 securas,
778 315 845 351 uel
864 313 1050 364 proprijs
1067 313 1248 351 aedibus
1278 314 1532 352 confouere.
1563 315 1832 352 Promouent
1849 322 1866 339 a
1887 315 1929 353 id

302 382 446 430 operis
467 383 508 420 in
541 384 633 422 (lies
660 385 687 434 ij
720 385 977 435 praesertim
1000 390 1228 423 senatores
1249 398 1299 423 ac
1330 390 1553 423 matronae
1576 385 1629 423 de
1660 385 1815 435 quibus
1844 386 1930 424 feci

302 453 586 502 mentionem,
619 457 787 494 coeteri
818 469 924 494 uero
956 460 1043 494 tam
1064 457 1176 494 sanis
1199 455 1368 507 coeptis
1399 456 1678 507 applaudunt,
1710 458 1827 507 quod
1857 470 1929 495 eo-

301 535 394 561 rum
423 538 557 576 opera
589 528 798 577 plurimae
840 528 910 565 uel
949 528 1002 565 ad
1038 528 1196 565 bonam
1230 527 1401 578 frugem
1438 540 1483 565 se
1515 528 1745 578 recipiunt,
1782 530 1851 566 uel
1887 529 1929 566 in

301 597 455 635 malam
485 612 571 636 non
602 600 802 637 euadmzt
824 600 857 637 ¹³.
882 600 976 637 Hac
1007 605 1286 638 sacrosancta
1314 599 1592 637 hebdomada
1617 600 1771 637 mulier
1800 613 1928 649 quae-

300 666 397 705 dam
419 670 536 707 nullo
567 684 709 720 neque
741 671 907 721 pudore
938 684 1081 721 neque
1105 671 1186 720 Dej
1217 671 1472 709 immortalis
1502 670 1659 709 timore
1680 672 1927 722 perterrita,

300 738 429 778 filiam
451 754 571 779 suam
593 755 726 780 aureo
748 756 879 780 numo
902 749 919 770 C
945 748 988 780 et
1010 742 1187 780 dimidio
1211 741 1417 780 militibus
1439 742 1695 792 quibusdam
1721 742 1930 781 uendide-

300 817 379 859 rat,
403 813 475 862 qui
498 827 592 852 eam
614 814 870 853 militaribus
888 816 1085 853 uestibus
1102 815 1294 853 indutam
1311 814 1456 865 gladio
1474 816 1514 853 et
1530 826 1747 853 mucrone
1763 815 1928 853 accinc-

300 887 387 921 tam
420 897 585 933 secum,
610 890 655 924 ut
686 886 729 924 id
751 887 948 925 securius
979 887 1121 934 fieret,
1144 886 1460 937 perducebant3
1483 886 1599 936 quod
1630 899 1727 924 cum
1748 898 1825 937 per
1856 900 1928 924 ex-

299 956 546 1006 ploratores
568 971 676 995 unus
699 971 752 996 ex
774 958 841 1007 ijs,
866 971 975 1008 quos
997 971 1125 1009 supra
1144 957 1379 1007 nominauj,
1396 958 1670 995 senatoribus
1698 958 1929 1009 cognouis-

299 1033 381 1076 set,
415 1029 574 1068 milites
609 1030 707 1068 illos
741 1031 886 1068 subito
919 1030 1142 1078 conuenit,
1177 1043 1199 1068 e
1231 1043 1414 1080 quorum
1446 1030 1656 1077 manibus,
1679 1030 1929 1068 accerrimis

298 1099 503 1139 adhibitis
530 1102 670 1150 minis,
695 1103 811 1152 quod
832 1103 867 1140 is
899 1103 953 1140 sit
974 1103 1088 1141 inter
1119 1107 1346 1140 senatores
1376 1102 1787 1153 praestantissimus,
1810 1103 1929 1153 puel-

299 1174 382 1211 lam
404 1174 584 1212 extullit
605 1174 623 1199 d
647 1180 691 1213 et
722 1179 996 1213 caeterarum
1027 1174 1240 1213 comertio
1272 1174 1536 1225 iungendam
1566 1173 1929 1212 moderatricibus

298 1246 492 1294 tradiditg
515 1260 625 1298 quae
656 1248 741 1286 hoc
762 1251 961 1299 tempore
993 1247 1169 1297 reliquis
1190 1247 1347 1298 puellis
1376 1247 1539 1284 uirtute
1571 1251 1615 1284 et
1644 1246 1930 1284 sanctimonia

298 1318 351 1356 ad
373 1323 555 1357 aeterno
578 1320 671 1370 regi
702 1319 995 1358 famulandum
1025 1319 1363 1358 aemulationem
1393 1332 1480 1357 non
1510 1317 1726 1356 modicam
1748 1316 1926 1356 excitat.

297 1390 365 1428 Ab
388 1392 468 1429 alia
489 1391 673 1442 quadam
703 1392 884 1429 muliere
915 1391 1116 1429 homines
1145 1392 1295 1429 nescio
1317 1391 1388 1441 qui
1418 1390 1549 1428 filiam
1577 1390 1758 1428 mercati
1789 1396 1926 1439 erant,

299 1463 558 1513 speciosam,
583 1476 792 1502 annorum
820 1464 913 1502 fere
936 1463 1185 1511 duodecim,
1208 1476 1342 1514 paruo
1361 1463 1593 1500 admodum
1614 1462 1756 1513 pretio
1775 1467 1819 1500 et
1835 1462 1927 1500 fere

296 1536 432 1582 nullo;
454 1536 625 1585 iamque
647 1537 826 1574 sutores
847 1549 948 1574 cum
969 1534 1200 1587 stragulis
1220 1534 1420 1574 uestibus
1441 1541 1458 1559 e
1479 1533 1521 1572 in
1543 1533 1638 1583 ejus
1672 1535 1805 1573 aedes
1827 1547 1927 1572 con-

298 1606 526 1653 duxerant,
560 1612 606 1644 ut
636 1608 824 1658 puellam
854 1612 1154 1658 praeparatam
1180 1605 1390 1657 proprijs
1414 1604 1656 1656 penatibus
1693 1605 1705 1630 f
1737 1610 1928 1656 asporta-

298 1682 409 1725 rent,
430 1692 527 1717 cum
546 1693 630 1717 una
647 1692 701 1717 ex
718 1678 783 1717 his
801 1678 1164 1717 moderatricibus
1181 1678 1308 1716 huius
1325 1678 1387 1727 rej
1406 1678 1627 1716 admonita
1642 1682 1817 1728 praesto
1834 1677 1928 1723 fuit,

296 1762 406 1799 quae
430 1751 599 1789 mulieri
630 1751 755 1789 matri
774 1752 949 1802 pallum,
980 1756 1200 1788 turcarum
1223 1762 1360 1796 more,
1385 1749 1427 1787 in
1457 1750 1510 1788 D.
1534 1749 1666 1787 Marci
1686 1749 1782 1787 foro
1811 1762 1926 1787 com-

297 1822 456 1860 minata
483 1828 566 1870 est,
603 1824 683 1861 nisi
718 1828 901 1874 repente
929 1822 1149 1861 sententia
1182 1821 1432 1859 desisteret.
1456 1821 1514 1870 Ijs
1556 1820 1744 1872 optimae
1779 1821 1926 1858 mode-

296 1894 465 1932 ratricis
486 1894 632 1932 uerbis
662 1895 895 1946 perterrita
917 1894 1070 1932 mulier
1093 1899 1137 1931 et
1167 1893 1339 1932 ueniam
1369 1892 1608 1943 postulauit
1638 1891 1766 1942 ejque
1798 1891 1926 1930 filiam

295 1966 600 2004 incunctanter
623 1966 781 2005 obtulit
804 1972 848 2005 et
870 1966 1046 2013 dimisit,
1070 1979 1180 2016 quae
1204 1979 1301 2004 cum
1332 1964 1427 2014 alijs
1453 1964 1595 2015 posita
1621 1964 1777 2015 puellis
1806 1976 1926 2002 sanc-

296 2038 381 2076 tius
404 2042 446 2076 et
474 2039 670 2077 securius
702 2039 935 2077 admodum
972 2038 1094 2076 uiuit.
1132 2038 1379 2087 Antequam
1409 2036 1658 2074 huiusmodi
1687 2049 1926 2087 congrega-

295 2110 356 2148 tio
379 2116 498 2149 esset
527 2110 738 2158 instituta,
773 2114 895 2148 erant
927 2110 1201 2161 conscriptae
1224 2123 1248 2148 a
1278 2109 1326 2147 R.
1360 2109 1458 2146 Pre.
1482 2111 1633 2146 nostro
1666 2105 1926 2146 Prouinciali

296 2183 508 2232 quaedam
531 2183 583 2221 ad
604 2184 674 2233 pie
705 2184 933 2234 probeque
964 2181 1201 2220 uiuendum
1232 2182 1427 2232 regulae,
1464 2194 1488 2218 a
1524 2179 1770 2218 rectoribus
1804 2192 1925 2230 prae·

296 2255 424 2293 dictis
466 2255 748 2305 efflagitatae,
782 2260 828 2293 ut
858 2253 1152 2305 quamoptime
1184 2253 1285 2291 huic
1316 2251 1649 2303 congregationj
1673 2250 1727 2289 de
1749 2251 1926 2289 uiuendi

295 2339 446 2366 norma
467 2327 789 2373 consuleretur;
813 2339 914 2365 cum
936 2339 963 2364 a
984 2326 1132 2364 Roma
1162 2325 1354 2377 regulas
1376 2325 1597 2374 quasdam
1627 2321 1826 2362 obtinere
1855 2335 1924 2361 ne-

296 2397 558 2448 qniuerunt,
592 2410 701 2447 quae
724 2405 747 2431 g
768 2411 865 2436 cum
897 2398 1015 2435 Rss.0
1043 2396 1314 2448 patriarchae
1338 2395 1346 2415 ¹
1380 2396 1552 2433 oblatae
1581 2399 1744 2442 essent,
1777 2398 1823 2431 ut
1854 2407 1924 2432 au-

294 2471 503 2508 thoritate
532 2469 567 2518 ¹¹,
604 2482 730 2519 quam
765 2470 912 2517 habet,
950 2470 1213 2520 approbatae
1247 2473 1291 2505 et
1326 2467 1609 2505 confirmatae
1633 2463 1925 2504 confidentius

294 2546 660 2592 proponerentur,
684 2554 850 2590 usuque
873 2540 1023 2589 haberj
1046 2538 1371 2578 exordirentur
1400 2538 1427 2585 i,
1450 2537 1567 2587 quod
1588 2537 1763 2586 quidem
1789 2535 1923 2578 liben-

294 2613 461 2651 tissime
483 2613 536 2650 ab
558 2612 651 2663 ipso
674 2612 791 2650 Rss.0
812 2612 974 2650 factum
997 2616 1080 2659 est,
1103 2609 1267 2649 addidit
1287 2614 1518 2661 praeterea
1547 2608 1831 2647 lectissimum
1861 2620 1924 2645 sa-

338 2770 358 2789 a
377 2762 481 2800 Litt.
502 2775 567 2799 mo
586 2761 694 2799 add.
713 2765 853 2807 supra
866 2772 976 2798 vers.
1032 2761 1096 2786 —b
1117 2760 1393 2807 prolabantur.
1433 2766 1496 2784 ——0
1530 2756 1664 2795 Videt.
1682 2755 1850 2794 emend.
1874 2765 1924 2792 ex

291 2840 475 2865 numero.
507 2827 576 2852 —d
597 2826 758 2873 eripuit.
796 2834 860 2852 -e
881 2826 1052 2873 aliquos.
1105 2825 1164 2851 —f
1192 2824 1242 2862 ab
1262 2824 1332 2868 eis,
1385 2831 1455 2857 -g
1474 2835 1575 2870 quas
1594 2832 1675 2860 ms.
1727 2822 1795 2846 -h
1816 2820 1920 2858 Lz'tt.

291 2894 331 2925 ta
351 2888 456 2925 add.
477 2893 616 2935 supra
634 2897 743 2924 vers.
798 2886 854 2911 -ἰ
883 2885 1123 2932 inciperent.

343 3040 351 3059 ¹
397 3037 580 3086 Joannes
598 3036 853 3081 Trivisanus‚
873 3035 922 3074 O.
943 3034 987 3073 S.
1008 3034 1054 3072 Β.
