2038 3400
543 274 846 314 297.--ΟοΑΝιΑἸ
868 276 892 313 8
916 276 1179 314 SEPTEMssms
1210 278 1298 315 1559
1617 281 1686 317 333

110 391 190 428 que
211 380 273 417 est
295 377 547 428 qui-aliquo
579 379 736 418 morbo
759 381 1045 430 torqueatur,
1078 379 1229 419 cim-cti
1246 382 1393 431 grata
1420 381 1732 433 perfruuntur

108 449 316 489 sanitate.
338 450 447 488 Tres
477 451 636 489 fratres
667 463 823 502 magna
843 450 1069 502 diligentia
1099 452 1424 502 grammaticam
1456 454 1731 504 profitentur:

108 521 338 570 proficiunt
360 521 611 559 scholastici
630 522 648 540 ’ὦ
669 523 821 560 mirum
844 522 885 560 in
908 522 1100 569 modum,
1125 523 1426 574 maximosque
1448 524 1642 573 quotidie
1667 538 1732 563 ca-

107 594 226 642 piunt
250 605 303 630 ex
335 593 492 631 litteris
512 593 696 640 fructus3
730 606 898 632 summo
932 594 1062 632 etiam
1084 607 1233 633 amore
1255 600 1549 646 prosequutur
1579 599 1731 648 magis-

108 670 213 702 tros:
238 664 429 714 ideoque
453 664 715 702 lectionibus
746 664 974 703 audiendis
994 666 1282 704 libentissime
1305 667 1535 713 intersunt;
1562 680 1615 705 ex
1645 670 1733 719 qui-

107 736 186 773 bus
206 733 379 786 quidam
400 735 483 773 iam
514 735 568 773 ad
589 736 694 774 alias
729 737 934 775 scientias
966 737 1259 787 capessendas
1282 739 1528 786 euolarunt,
1552 740 1623 790 qui
1653 742 1733 790 pri-

106 819 174 844 ma
193 806 409 856 tyrocinia
429 809 736 858 grammatices
760 821 812 847 eo
836 814 1035 860 tempore
1057 809 1274 857 fecerunt,
1295 823 1380 860 quo
1409 811 1547 848 nostri
1568 811 1733 861 profes-

106 889 230 916 sores
262 877 408 916 exorsi
440 884 539 916 sunt
569 880 897 930 grammaticam
926 880 1106 928 docere,
1141 894 1238 920 cum
1275 882 1467 920 nondum
1498 884 1734 933 praeterie-

106 948 187 986 rint
210 948 296 987 duo
328 951 441 989 anni.
468 949 598 998 Quod
621 964 718 989 cum
742 954 949 1002 apertum
983 957 1220 1002 notumque
1248 959 1356 992 esset
1376 953 1395 978 b
1418 953 1585 992 ciuibus
1606 954 1734 1003 hujus

106 1024 266 1075 oppidi,
299 1023 433 1062 multa
453 1023 740 1062 admiratione
764 1023 878 1074 capti
898 1031 929 1071 0,
964 1023 1281 1062 eruditissimos
1304 1029 1347 1063 et
1378 1024 1734 1076 diligentissimos

102 1100 279 1133 nostrae
301 1095 537 1134 Societatis
567 1096 841 1134 institutores
863 1109 948 1134 uno
974 1108 1049 1134 ore
1079 1095 1272 1135 :fatentur
1302 1100 1344 1134 et
1367 1095 1583 1144 dictitant3
1606 1097 1734 1135 hanc-

104 1180 188 1218 que
211 1179 385 1205 causam
407 1167 469 1216 (vt
499 1165 680 1217 opinor)
712 1166 845 1206 credo
867 1168 1146 1219 praecipuam
1176 1168 1312 1206 fuisse
1333 1181 1418 1220 qua
1440 1168 1633 1206 conmoti
1663 1181 1734 1219 pa-

104 1245 194 1277 tres
216 1239 452 1291 conscripti
472 1239 600 1288 hujus
623 1239 841 1290 municipij
866 1239 1162 1279 decreuerunt
1193 1239 1372 1291 singulis
1394 1239 1516 1278 annis
1537 1239 1733 1278 Societa-

105 1311 134 1347 ti
175 1310 369 1349 tribuere
410 1309 564 1361 viginti
600 1310 731 1349 millia
765 1310 1092 1361 dipondiorum.
1136 1311 1351 1350 Dixerunt
1388 1324 1435 1350 se
1471 1311 1587 1350 velle
1623 1312 1735 1351 hanc

106 1381 406 1431 elemosynam
438 1382 628 1433 collegio
651 1381 814 1429 facere,
851 1394 906 1420 ne
947 1387 1167 1421 tantorum
1189 1383 1521 1431 beneficiorum,
1558 1383 1733 1433 quaein

103 1452 196 1491 dies
217 1453 506 1503 accipiebant,
539 1454 820 1491 immemores
852 1459 896 1491 et
926 1454 1084 1505 ingrati
1117 1466 1216 1493 esse
1247 1454 1521 1502 viderentur,
1553 1455 1734 1505 pariter-

103 1536 188 1574 que
209 1523 470 1562 addiderunt
502 1536 549 1562 se
583 1537 669 1562 non
702 1536 755 1562 eo
791 1524 934 1562 animo
971 1525 1082 1563 hanc
1105 1525 1307 1576 exiguam
1331 1526 1631 1576 elemosynam
1653 1527 1734 1565 lar-

103 1594 198 1645 giri,
222 1600 283 1638 vt,
314 1607 365 1633 ea
396 1594 570 1633 tributa
601 1597 640 1634 et
671 1597 867 1645 accepta,
905 1597 1066 1634 nostris
1087 1597 1310 1636 laboribus
1329 1597 1600 1636 satisfactum
1633 1610 1731 1636 esse

102 1667 430 1713 arbitrarentur,
463 1666 618 1716 quibus
656 1667 958 1705 existimarent
993 1680 1142 1718 parem
1177 1669 1361 1719 gratiam
1390 1681 1479 1707 non
1506 1681 1638 1720 posse
1669 1682 1733 1707 re-

101 1737 247 1788 pendi3
270 1736 348 1776 sed
371 1743 416 1775 vt
434 1738 639 1788 expensis
661 1738 837 1789 collegij
863 1739 949 1777 hac
969 1739 1130 1778 saltem
1142 1741 1298 1789 parua
1329 1741 1579 1790 elemosyna
1602 1741 1732 1779 sube-

101 1809 243 1847 nirent
265 1809 300 1856 <13
323 1821 507 1860 quorum
528 1814 600 1847 tan
618 1809 804 1847 honesta
827 1810 1026 1848 oratione
1048 1817 1297 1861 perspecta,
1324 1813 1477 1850 Patres
1499 1812 1690 1849 libenter
1712 1819 1729 1836 e

103 1886 385 1930 acceperunt.

156 1962 198 1989 2.
263 1952 340 1989 His
364 1952 494 1990 etiam
516 1951 644 1999 adde,
671 1953 799 1990 Pater
824 1953 967 1991 multa
991 1952 1311 1991 obseruatione
1334 1953 1528 2000 colende,
1564 1954 1733 1991 contio-

103 2034 182 2059 nes
212 2023 416 2072 plurimas
445 2022 665 2073 frequenti
695 2028 829 2062 coetu
858 2024 1080 2062 hominum
1102 2037 1189 2061 non
1220 2024 1312 2062 sine
1347 2024 1566 2062 vberrimo
1591 2024 1733 2063 fructu

103 2093 254 2131 haberi
284 2093 306 2138 f:
338 2094 460 2132 multi
492 2094 605 2133 enim
639 2095 856 2133 naefanda
886 2095 1056 2133 scelera
1088 2101 1368 2143 execrantur,
1401 2097 1557 2146 quibus
1590 2097 1690 2134 olim
1713 2104 1734 2127 Ξ

105 2166 233 2203 melle
257 2169 378 2203 erant
401 2164 610 2204 dulciora.
636 2167 873 2204 Praeterea
896 2166 1199 2204 confessiones
1230 2172 1297 2205 tot
1325 2166 1571 2205 audiendae
1593 2167 1733 2216 quoti-

105 2236 174 2274 die
209 2249 256 2274 se
280 2236 486 2284 offerunt,
510 2242 615 2287 quot
646 2237 809 2276 vtinam
831 2238 849 2262 ¹¹
874 2239 1025 2275 Patres
1055 2238 1294 2276 addessent
1324 2238 1396 2288 qui
1428 2250 1506 2276 eas
1536 2237 1687 2276 audire
1719 2239 1726 2262 ί

104 2313 296 2358 possent,
318 2307 396 2346 sed
417 2308 661 2347 incredibili
688 2309 964 2347 multitudine
986 2310 1121 2347 vincit
1144 2314 1188 2347 et
1210 2315 1388 2360 superat
1412 2309 1539 2360 copia
1561 2309 1732 2347 confes-

105 2379 274 2417 sionum
295 2391 536 2417 numerum
557 2378 568 2410 J'
593 2379 887 2418 sacerdotum.
910 2379 1025 2429 Quid
1047 2380 1201 2418 multa?
1217 2380 1382 2418 Tantus
1401 2386 1467 2418 est
1485 2392 1590 2418 sane
1613 2393 1733 2418 amor

105 2455 310 2500 tantaque
332 2449 512 2489 devotio
536 2463 620 2500 qua
642 2463 738 2489 cum
760 2451 857 2488 laici
880 2451 911 2497 k,
934 2457 1024 2489 tum
1048 2451 1338 2489 ecclesiastici
1366 2457 1558 2490 nostram
1583 2451 1731 2489 Socie-

104 2527 239 2560 tatem
261 2527 567 2574 prosequntur,
591 2527 638 2560 vt
662 2534 813 2560 omnes
835 2521 1076 2572 (qnantum
1097 2524 1221 2572 reor)
1243 2522 1296 2560 ad
1320 2535 1397 2560 sua
1428 2523 1609 2574 negotia
1632 2535 1734 2561 con-

151 2673 169 2691 ²²
217 2672 269 2708 In
290 2682 369 2709 ms.
391 2672 535 2708 littera
554 2672 579 2708 h
598 2675 658 2709 est
676 2675 812 2718 supra
828 2681 937 2708 vers.
961 2672 1026 2696 -b
1045 2671 1108 2707 sit.
1135 2679 1195 2697 —0
1227 2671 1343 2708 Verb.
1362 2672 1662 2715 emendatum,
1685 2683 1734 2708 ex

103 2743 185 2779 quo
205 2737 364 2777 anceps
384 2731 587 2768 redditur
603 2732 736 2774 lectio,
758 2741 865 2767 nam
895 2735 1035 2776 posset
1065 2732 1198 2768 etiam
1218 2731 1300 2776 leg-1·
1316 2731 1432 2778 rapti.
1488 2732 1553 2756 -d
1576 2731 1730 2768 Emen-

104 2792 194 2829 dat.
229 2803 278 2829 ex
307 2791 543 2829 suvenirent
574 2791 645 2836 (Ρ).
712 2797 776 2816 *e
808 2790 913 2837 quod
943 2789 1182 2827 offerebant.
1257 2791 1307 2816 —f
1336 2791 1486 2828 Praec.
1521 2802 1560 2828 v.
1594 2797 1730 2835 supra

103 2863 212 2889 vers.
266 2859 334 2885 --g
358 2851 539 2889 Emend.
572 2861 622 2888 ex
652 2850 777 2887 ollim.
841 2851 903 2874 —11
931 2849 1080 2886 Praec.
1112 2849 1200 2887 duo
1225 2861 1294 2886 vv.
1327 2852 1375 2887 in
1402 2861 1481 2887 ms.
1516 2861 1541 2886 a
1579 2850 1715 2886 Polam

105 2922 150 2947 co
169 2911 403 2948 emendata
424 2912 713 2956 reperiuntur.
735 2909 854 2956 Quid
870 2909 993 2955 prius
1012 2910 1226 2954 scriptum
1237 2910 1389 2955 fuerit,
1407 2910 1541 2955 legere
1557 2920 1643 2945 non
1663 2914 1732 2954 po-

104 2971 287 3013 tecimus,·
313 2972 432 3017 quia,
465 2973 725 3016 consumpta
753 2970 917 3011 charta,
946 2968 1094 3015 aliqua
1113 2971 1354 3015 perierunt.
1409 2971 1464 2995 —i
1493 2969 1549 3005 eis
1569 2969 1731 3004 audien-

103 3031 162 3066 dis
196 3030 443 3067 satisfacere.
512 3030 563 3061 --1
594 3030 840 3066 facultatem.
907 3029 971 3052 *k
1015 3028 1163 3065 Pmec.
1200 3041 1236 3065 v.
1271 3034 1405 3074 supra
1442 3039 1573 3070 vers:
1606 3029 1729 3074 prins

106 3090 218 3135 plebs
238 3089 296 3134 (Ρ)
315 3089 440 3126 delet.
