2038 3400
596 165 920 203 272--131LtoMo
949 165 1122 212 14J11N11
1151 166 1240 203 1559
1612 168 1677 204 231

103 281 172 306 mo
195 268 419 315 satisfacit,
445 273 490 306 ut
512 267 615 305 nihil
636 267 774 318 magis
795 267 835 304 in
860 268 973 305 uotis
996 267 1169 314 habeat,
1195 281 1321 317 quam
1344 269 1599 318 propediem
1632 283 1725 308 cuni

101 341 263 390 templo
295 340 354 388 (in
385 353 470 390 quo
501 339 585 377 iam
616 340 749 377 toties
772 347 789 364 ἢ
812 340 926 377 uelle
958 340 1133 389 sepeliri
1165 339 1290 387 dixit)
1320 346 1566 378 extructum
1598 342 1727 378 eolle-

102 411 219 461 gium
248 412 520 462 conspicere,
553 412 695 461 sitque
726 411 1053 449 liberalissimus
1084 409 1125 448 in
1155 410 1352 460 pecunijs
1384 411 1723 461 suppeditandis.

104 482 389 533 Quantopere
425 482 696 520 Societatem
733 482 1036 532 amplectatur,
1077 480 1271 519 euidenti
1306 487 1563 532 argumento
1597 484 1727 519 omni-

102 554 196 600 bUS,
233 553 381 603 paucis
417 553 573 592 abhinc
609 552 779 600 diebus,
818 553 1044 603 patefecit.
1083 552 1306 603 Siquidem
1342 553 1492 603 quinto
1525 554 1727 591 calendas

102 624 226 674 Iunij,
260 624 402 663 adhuc
432 625 600 663 infirma
631 624 899 671 ualetudine,
933 625 1091 663 lectica
1120 630 1320 675 portatus
1348 624 1367 648 b
1398 624 1482 661 huc
1511 625 1646 671 uenit,
1685 631 1728 662 ut

101 696 312 746 postridie
343 697 592 747 primarium
625 708 774 735 sacrae
807 696 928 734 aedis
961 702 1003 734 et
1027 696 1202 747 collegij
1227 694 1345 734 tanti
1365 694 1554 745 lapidem
1577 708 1729 733 conse-

102 767 263 807 crando
286 773 488 818 poneret.
514 767 646 816 Quod
667 768 829 806 factum
854 774 920 806 est
947 768 1020 815 (sit
1052 768 1184 807 Chro.
1220 767 1347 805 IESV
1377 767 1469 804 laus
1502 772 1545 804 et
1575 767 1730 817 gloria)

102 840 289 877 maxima
308 839 590 877 finitimorum
612 839 874 889 populorum
896 839 1157 890 frequentia,
1182 837 1426 876 incredibili
1447 838 1638 888 aplausu,
1664 851 1730 876 so-

102 912 233 949 lemni
263 915 516 962 statutoque
539 911 770 957 sacrificio,
796 911 913 960 quod
935 911 994 949 ibi
1014 911 1164 958 fiebat,
1190 923 1342 949 onmes
1364 909 1593 960 plurimum
1617 909 1730 947 exci-

101 988 236 1021 tante.
264 984 468 1022 Venienti
490 988 636 1021 autem
660 985 701 1020 in
723 983 836 1020 hanc
857 983 1025 1029 urbem,
1046 983 1250 1021 consules
1271 995 1322 1021 ac
1342 982 1530 1034 primarij
1554 983 1727 1033 quique,

101 1054 345 1105 decemque
369 1067 423 1092 ex
445 1055 606 1092 nostris
627 1052 873 1104 praecipuis
894 1053 1181 1105 paedagogis,
1207 1055 1336 1092 Patre
1357 1060 1509 1093 nostro
1531 1054 1589 1092 illi
1621 1054 1731 1091 latus

103 1125 354 1173 claudente,
389 1125 560 1176 equites
593 1126 767 1163 obuiam
797 1123 977 1163 honoris
1008 1126 1148 1175 gratia
1169 1131 1498 1175 processerunt,
1521 1138 1600 1163 nos
1622 1137 1729 1162 uero

102 1210 186 1234 una
209 1209 304 1235 cum
328 1202 421 1235 tota
441 1198 687 1243 iuuentute,
712 1196 868 1234 dextra
889 1208 1033 1234 ramos
1055 1196 1217 1234 uirides
1239 1202 1458 1247 gestante,
1482 1194 1598 1234 idem
1628 1195 1730 1233 feci-

102 1282 209 1306 mus.
243 1269 378 1307 Cuius
409 1281 518 1306 unus
549 1268 715 1306 hedera
746 1273 875 1319 caput
905 1266 1155 1306 redimitum
1176 1267 1357 1316 habens,
1382 1280 1509 1317 quam
1540 1265 1730 1318 gratissi-

101 1353 194 1377 mus
219 1340 417 1378 omnibus
442 1345 766 1390 exoptatusque
790 1339 977 1385 ueniret,
1002 1339 1167 1389 aliquot
1190 1339 1451 1377 carminibus
1473 1338 1728 1377 declarauit.

102 1411 268 1449 Eodem
293 1411 363 1449 die
385 1424 409 1449 a
427 1424 581 1458 coena,
602 1410 657 1448 de
679 1411 869 1461 integro,
894 1410 1007 1448 illius
1028 1410 1148 1448 iussu
1169 1415 1267 1448 acta
1290 1415 1357 1448 est
1378 1411 1534 1461 gallica
1556 1422 1730 1449 comoe-

102 1482 184 1529 dia,
210 1495 291 1520 una
315 1495 409 1520 cum
436 1483 596 1533 egloga
618 1481 672 1520 de
694 1494 818 1533 paee.
843 1481 879 1518 A
900 1481 1081 1532 prandio
1114 1494 1221 1520 uero
1253 1482 1433 1520 alterius
1463 1481 1564 1528 diei,
1599 1481 1731 1519 omni-

102 1554 180 1591 bus
215 1553 420 1604 peractis,
458 1552 658 1604 dialogus
696 1553 916 1591 exhibitus
954 1557 1034 1599 est,
1072 1553 1114 1591 in
1149 1566 1234 1603 quo
1271 1552 1430 1603 primas
1470 1553 1560 1603 agit
1598 1552 1730 1590 Iacob

102 1625 237 1662 uisam
267 1625 309 1662 in
340 1624 503 1663 somnis
533 1625 693 1663 scalam
724 1636 916 1671 narranS,
942 1622 1218 1675 lapidemque
1242 1636 1371 1674 super
1393 1637 1521 1675 quem
1545 1623 1730 1662 dormie-

104 1702 183 1743 rat,
210 1696 396 1735 Domino
420 1696 557 1734 altare
581 1700 804 1735 extruens.
831 1695 1001 1744 Quibus
1022 1695 1176 1734 mirum
1199 1696 1333 1744 dictu,
1363 1697 1415 1734 R.
1449 1697 1516 1743 R,
1549 1702 1730 1747 quanto-

101 1780 207 1818 pere
230 1768 361 1805 fuerit
384 1772 625 1815 recreatus,
645 1767 763 1818 quod
785 1766 1139 1806 constantissime
1157 1780 1182 1805 a
1203 1766 1476 1806 scholasticis
1497 1768 1608 1806 haec
1629 1779 1730 1818 age-

102 1842 250 1876 rentur
274 1843 317 1876 et
339 1839 402 1877 rei
425 1845 469 1877 et
497 1840 686 1890 tempori
717 1839 903 1877 maxime
934 1839 1283 1877 accommodata.
1322 1840 1427 1887 [Pro
1459 1839 1660 1890 episcopo
1691 1840 1731 1877 et

101 1909 237 1948 sociis
262 1912 416 1960 preces
440 1911 675 1960 postulat.l
710 1911 774 1948 Ex
805 1908 1070 1949 bilhiomaeo
1100 1911 1290 1961 collegio
1319 1912 1363 1949 18
1387 1911 1466 1949 cal.
1491 1911 1584 1960 Iulij
1614 1919 1726 1959 1559.

102 1981 165 2018 Ex
188 1980 391 2020 mandato
416 1983 461 2019 R.
488 1983 534 2020 P.
560 1982 761 2020 rectoris.
786 1982 904 2020 Tuus
926 1982 1251 2033 indignissimus
1273 1982 1399 2020 filius.

1057 2085 1295 2122 LUDomcth
1327 2084 1602 2123 GERARDINUS
1631 2083 1655 2120 ¹.

186 2207 377 2247 Pozancz'
396 2221 552 2248 manu.
576 2207 1002 2247 Emendata.—Alia
1022 2222 1177 2248 manu.
1203 2208 1406 2248 Mandata
1425 2222 1503 2261 per
1525 2214 1654 2248 tutto.

149 2408 168 2427 a
217 2420 274 2445 se.
329 2409 393 2433 -b
414 2407 660 2454 deportatus.

153 2600 159 2617 ¹
215 2597 276 2636 Cf.
295 2598 398 2636 Lz'tt.
419 2598 678 2645 Quadrz'm.,
700 2598 753 2643 V,
773 2599 874 2638 8352.
