2038 3400
355 251 431 288 604
853 250 1074 289 LITTERAE
1099 251 1458 297 QUADmMEsrst

309 354 409 403 *ipso
433 352 501 391 die
526 353 721 391 cinerum
742 357 918 403 praeter
941 352 1130 392 omnium
1153 366 1275 404 spem
1296 354 1336 391 in
1359 355 1445 393 hoc
1474 360 1626 393 nostro
1658 356 1839 406 templo,
1876 356 1947 406 qui

318 437 475 475 magna
511 437 607 463 cum
643 424 807 474 pietate
843 429 974 475 atque
1006 425 1135 462 animi
1166 425 1343 463 feruore
1365 426 1435 463 uel
1459 426 1601 476 capita
1621 427 1945 469 submitterent,

318 497 388 535 uel
409 497 579 535 frontes
601 496 740 546 hylari
762 496 885 533 uultu
917 497 1049 534 sacris
1080 496 1367 547 suscipiendis
1403 496 1620 535 cineribus
1655 498 1947 549 porrigerent3

318 569 485 620 fuitque
524 581 577 606 eo
615 567 683 606 die
720 573 840 606 tanta
875 570 1067 606 uirorum
1102 569 1481 619 foeminarumque
1517 570 1657 620 copia,
1689 576 1735 608 ut
1757 571 1903 620 plures
1927 583 1949 607 e

317 642 478 679 nostris
515 640 820 679 sacerdotibus
857 640 928 679 uix
965 642 1101 679 multo
1133 647 1335 692 tempore
1359 642 1559 680 omnibus
1579 642 1728 680 facere
1751 643 1855 680 satis
1876 655 1950 693 po-

316 713 480 752 tuerint
508 720 540 751 a.
575 713 670 751 Nec
704 714 763 750 ita
800 713 935 751 multo
970 719 1069 764 post
1104 718 1354 752 nostrorum
1392 725 1526 763 opera
1560 719 1689 764 atque
1726 714 1952 765 diligentia

319 785 529 824 effectum
554 792 635 831 est,
661 785 755 823 Deo
779 786 880 836 Opt.
906 785 1018 823 Max.
1045 786 1151 831 laus,
1176 791 1221 823 ut
1242 786 1440 836 quamuis
1463 785 1782 824 sanctissimum
1814 798 1951 823 sacra-

319 862 513 895 mentum
537 856 880 894 confirmationis
898 857 1001 894 nulli
1018 857 1216 906 amplius,
1236 858 1305 894 uel
1326 862 1446 894 certe
1465 856 1700 895 admodum
1723 870 1836 903 raro,
1857 858 1952 895 usui

320 928 391 965 hic
412 928 607 966 Viennae
641 932 775 975 esset,
810 929 857 966 R.
883 934 1029 966 tamen
1053 929 1152 978 Eps.
1178 927 1542 977 Transsyluaniae
1568 928 1591 975 ¹,
1616 927 1781 966 amicus
1801 933 1953 966 noster

321 1012 372 1037 ac
392 1005 618 1050 patronus,
642 1000 769 1037 huius
791 1000 852 1038 rei
876 997 1246 1037 administrandae
1269 1011 1400 1037 causa
1420 999 1632 1050 templum
1653 1005 1850 1037 nostrum
1885 1011 1953 1037 ac-

322 1071 519 1118 cederet,
545 1071 618 1109 ubi
638 1084 726 1109 non
749 1072 841 1109 sine
864 1072 1098 1109 multorum
1120 1070 1445 1117 aedificatione,
1469 1076 1644 1121 praeter
1666 1080 1739 1119 150
1757 1083 1811 1108 ex
1828 1071 1952 1108 scho-

323 1143 488 1181 lasticis
523 1143 700 1190 nostris,
740 1149 1025 1180 externorum
1060 1142 1078 1166 b
1115 1142 1226 1180 ultra
1247 1141 1528 1193 quingent05‚
1548 1148 1595 1180 ut
1624 1148 1730 1193 puto
1758 1147 1790 1188 0,
1824 1147 1953 1192 atque

321 1214 435 1252 inter
457 1215 539 1252 hos
559 1227 646 1252 non
667 1227 833 1265 paucos
856 1215 974 1252 uiros
996 1227 1047 1252 ac
1069 1213 1274 1251 mulieres
1296 1213 1510 1252 maximae
1542 1213 1820 1251 authoritatis
1855 1225 1954 1251 con-

322 1286 524 1324 firmauit.
551 1287 734 1325 Gratum
756 1298 860 1324 sane
883 1287 968 1324 hoc
992 1292 1034 1323 et
1056 1285 1291 1324 iucundum
1324 1286 1624 1336 spectaculum
1659 1285 1785 1324 nobis
1823 1298 1955 1323 omm-

323 1358 418 1405 bus,
456 1361 587 1408 atque
624 1357 676 1407 ijs
712 1358 841 1396 etiam
877 1357 972 1404 fuit,
1010 1358 1079 1408 qui
1104 1357 1383 1397 Germaniam
1415 1369 1546 1395 uerae
1569 1357 1672 1395 fidei
1695 1356 1955 1395 christianae

324 1428 563 1481 religionis,
589 1430 819 1480 cultusque
852 1429 986 1467 diuini
1016 1428 1192 1480 puritati
1223 1429 1470 1467 restitutam
1507 1442 1605 1468 esse
1639 1429 1870 1480 plurimum
1905 1429 1956 1466 si-

324 1501 450 1539 tiunt.
490 1501 585 1539 Nec
615 1501 770 1547 minus,
802 1506 846 1538 ut
869 1513 1110 1551 speramus,
1137 1500 1326 1538 caeteris
1347 1500 1390 1538 id
1413 1501 1544 1538 etiarn
1564 1500 1645 1538 fuit
1665 1500 1954 1539 fructuosum.

326 1574 459 1613 Cuius
481 1573 544 1612 rei
565 1573 765 1611 inditium
789 1579 857 1611 est
878 1586 965 1611 non
990 1573 1227 1619 minimum,
1252 1571 1369 1623 quod
1393 1585 1505 1619 cum,
1530 1572 1675 1610 multis
1697 1571 1739 1610 id
1770 1573 1957 1622 petenti-

325 1647 420 1693 bus,
445 1646 603 1683 iterum
639 1645 680 1683 in
704 1645 863 1683 eodem
886 1645 904 1669 d
933 1651 1086 1683 nostro
1110 1645 1273 1695 templo
1297 1645 1350 1682 ab
1374 1643 1622 1694 eodemque
1646 1645 1754 1682 ΚΑΜ
1776 1645 1957 1693 transyl-

326 1717 523 1755 uaniensi
545 1721 867 1755 sacramentum
889 1717 975 1755 hoc
998 1716 1225 1754 Ecclesiae
1258 1715 1519 1762 catholicae,
1545 1716 1720 1755 Christo
1756 1715 1956 1761 authore,

325 1802 413 1828 non
444 1789 685 1841 indignum,
718 1789 1110 1834 administraretur,
1134 1801 1221 1827 non
1244 1787 1375 1826 modo
1398 1787 1591 1835 uidendi,
1616 1787 1694 1826 sed
1716 1787 1833 1826 idem
1854 1800 1959 1838 quo·

325 1874 411 1912 que
433 1861 699 1913 suscipiendi
719 1862 862 1912 gratia
884 1860 1116 1899 multitudo
1140 1861 1244 1899 satis
1276 1872 1432 1911 magna
1461 1860 1691 1910 primariae
1724 1860 1855 1898 etiarn
1884 1872 1959 1898 no-

327 1933 505 1972 bilitatis
539 1935 625 1972 huc
661 1934 867 1985 singulari
902 1933 1032 1971 animi
1067 1934 1308 1980 alacritate,
1341 1938 1387 1970 ut
1420 1946 1474 1971 ex
1505 1933 1637 1971 certis
1658 1932 1792 1983 signis
1814 1931 1961 1982 colligi

328 2011 517 2058 poterat,
543 2006 770 2053 confluxit3
795 2012 839 2044 et
861 2006 943 2044 iam
963 2005 1096 2043 tertio
1120 2005 1251 2050 idem,
1271 2003 1387 2055 quod
1410 2017 1433 2042 a
1453 2003 1647 2056 plurimis
1668 2003 1852 2055 petitum
1876 2009 1958 2048 est,

329 2078 382 2117 ad
420 2078 581 2117 festum
619 2079 912 2116 pentecostes
947 2077 1139 2123 tandem,
1182 2077 1278 2114 Deo
1313 2076 1508 2123 fauente,
1546 2076 1811 2114 instituetur,
1850 2073 1962 2112 Hinc

328 2152 443 2189 forte
479 2151 621 2201 aliqua
657 2162 711 2187 ex
746 2154 870 2201 parte
905 2149 1068 2187 factum
1092 2156 1173 2196 est,
1199 2154 1245 2186 ut
1267 2148 1388 2186 multi
1411 2146 1464 2186 ad
1486 2161 1566 2186 nos
1588 2147 1682 2185 libri
1705 2146 1839 2185 delati
1859 2146 1958 2187 sint,

329 2236 439 2273 quos
460 2222 659 2261 heretica
688 2222 880 2272 prauitas
917 2221 1109 2259 omnium
1144 2221 1313 2270 piorum
1350 2219 1511 2258 iudicio
1548 2218 1693 2257 multis
1729 2217 1869 2256 modis
1903 2217 1961 2255 in-

329 2294 486 2344 dignos
510 2294 744 2332 efficiebat.
769 2292 858 2330 Sed
880 2292 934 2331 de
956 2293 1021 2331 his
1043 2293 1270 2330 haetenus.

385 2378 422 2414 4.
488 2366 605 2403 Multi
630 2377 734 2403 sane
758 2370 857 2402 sunt
888 2364 960 2414 qui
988 2364 1103 2402 filios
1139 2376 1241 2401 suos
1276 2362 1491 2401 Societati
1525 2361 1731 2399 dedicare
1768 2360 1960 2410 cupiunt.

334 2440 444 2477 Sunt
480 2434 610 2475 etiam
641 2444 657 2461 θ’
687 2438 980 2488 quamplureS,
1010 2448 1195 2487 quorum
1218 2435 1347 2485 aliqui
1371 2441 1514 2472 tamen
1536 2446 1623 2472 non
1646 2433 1750 2470 satis
1771 2432 1886 2470 bene
1908 2430 1962 2468 de

332 2510 417 2549 fide
442 2510 659 2548 catholica
681 2508 844 2550 sentire
862 2508 1080 2555 dicuntur,
1104 2508 1175 2557 qui
1192 2507 1294 2545 dum
1314 2506 1452 2557 probe
1475 2518 1636 2556 pueros
1658 2517 1760 2543 suos
1795 2516 1963 2542 morum

332 2583 569 2621 honestate
592 2588 635 2619 et
658 2581 858 2619 doctrina
881 2581 1058 2632 cupiunt
1082 2580 1240 2626 ornari,
1265 2578 1318 2617 ad
1350 2591 1445 2623 nos,
1478 2591 1589 2629 quos
1625 2577 1813 2628 optimos
1848 2575 1963 2614 uitae

334 2654 569 2705 magistros
604 2652 874 2704 praedicant,
908 2653 1181 2704 confugiunt,
1215 2664 1266 2690 ac
1289 2651 1489 2689 omnibus
1511 2649 1652 2688 modis
1675 2647 1962 2694 contendunt,

381 2817 400 2837 ⁸
423 2809 608 2847 Emend.
631 2819 681 2845 ex
700 2812 931 2855 potuerunt.
1004 2807 1067 2832 ‘b
1106 2805 1259 2842 Praec.
1281 2815 1320 2841 v.
1342 2808 1480 2850 supra
1499 2812 1626 2844 vers..
1647 2801 1785 2839 deleto
1816 2799 1965 2838 eodem

335 2871 401 2908 v?
464 2877 528 2895 —0
548 2873 644 2916 puto
664 2872 797 2913 supra·
817 2878 945 2909 vers,
973 2866 1110 2903 deleto
1146 2863 1350 2911 suspicor?
1403 2862 1468 2888 *d
1509 2862 1539 2898 4
1561 2873 1628 2899 vv.
1661 2866 1803 2909 praec.
1830 2864 1965 2907 supra

335 2941 444 2968 vers.
468 2928 625 2966 eadem
645 2937 798 2970 manu,
817 2926 968 2963 deletis
997 2925 1118 2962 etiam
1150 2924 1224 2962 fuit
1255 2923 1516 2961 fructuosum.
1573 2929 1636 2948 —0
1657 2919 1788 2958 Delet.
1809 2919 1891 2967 alij.

387 3082 395 3100 ¹
450 3078 605 3116 Paulus
624 3075 863 3114 Abstemius
882 3074 931 3112 de
950 3073 1204 3111 Bornemiza.
