2038 3400
272 283 313 309 vi
889 252 1135 288 PRAEFATIO

225 374 321 427 phis
342 366 615 423 paragraphi,
638 373 749 412 quae
772 370 841 395 res
863 366 949 391 non
977 361 1051 401 par

1058 360 1127 385 um
1156 343 1298 387 utiles,
1331 344 1483 377 nostro
1513 332 1693 383 judicio,
1726 326 1864 366 conti-

227 445 391 485 nebant
406 440 480 490 (cf.
504 452 544 489 p.
570 431 776 482 285-286),
797 426 874 465 sed
891 422 990 474 quia
1006 418 1131 457 nimis
1149 414 1203 453 ad
1218 407 1496 465 particularia
1512 399 1862 443 descendebant.

311 515 404 552 Nos
425 509 789 562 quotiescumque
814 495 1044 548 epistolam
1068 486 1325 538 originalem
1347 482 1529 519 Romam
1552 475 1725 512 missam
1747 468 1867 507 nacti

232 598 396 631 summ,
420 584 530 620 hanc
552 578 735 620 edimus,
760 570 838 609 sed
858 568 918 605 ita
939 570 984 603 ut
1007 558 1175 612 legenti
1196 558 1417 607 appareat,
1441 547 1544 600 quid
1564 547 1607 584 in
1628 544 1700 582 illa
1721 552 1870 579 emen-

235 659 398 701 datum,
423 652 526 704 quid
547 651 587 689 ei
609 648 871 686 detractum,
895 635 997 688 quid
1014 632 1205 681 denique
1226 626 1422 666 additum
1451 621 1518 658 sit.
1545 615 1691 667 Quod,
1715 620 1807 651 turn
1827 611 1871 649 in

236 724 607 783 praecedentibus
632 712 937 755 voluminibus,
971 713 1062 750 turn
1093 704 1135 740 in
1165 696 1387 751 praesenti
1416 695 1503 731 hoc
1533 688 1664 728 modo
1697 682 1874 733 assequi

241 800 387 840 conati
415 807 577 835 sumus.
607 789 752 829 Verba
782 781 958 834 quaein
980 777 1072 827 epis

1076 775 1166 812 tola
1188 768 1387 820 originali
1409 762 1652 803 cancellata
1671 762 1786 803 sunt,
1810 755 1877 792 lit-

242 872 348 912 teris
368 868 524 908 italicis
546 866 587 902 in
609 867 735 900 textu
759 853 980 903 exscripta
1000 845 1270 897 reliquimus3
1295 852 1347 877 ea
1368 849 1475 876 vero
1498 844 1611 885 quae
1632 831 1698 868 his
1719 826 1877 867 substi-

245 949 341 982 tuta
362 946 475 984 sunt,
497 936 566 975 vel
584 946 693 985 quae
714 926 986 968 emendator,
1007 918 1133 958 nullis
1152 911 1417 955 cancellatis,
1438 905 1620 950 addidit,
1639 903 1683 940 in
1700 904 1883 938 annota-

247 1014 439 1054 tionibus
456 1010 710 1048 indicamus.
733 1002 878 1050 Quare
898 996 932 1033 si
949 989 1248 1044 apographum
1267 980 1547 1021 emendatum
1563 975 1728 1014 habere
1742 969 1880 1019 cupis,

252 1087 405 1127 omitte
430 1095 481 1120 ea
501 1090 613 1130 quae
635 1073 792 1113 litteris
814 1067 969 1106 italicis
992 1063 1152 1112 scripta
1173 1055 1389 1100 invenies3
1414 1056 1474 1097 et,
1508 1049 1579 1086 ubi
1612 1045 1783 1095 signum
1821 1052 1889 1078 re—

252 1158 413 1211 peries,
437 1165 551 1205 pone
574 1161 682 1200 quae
707 1147 748 1182 in
769 1135 1126 1181 annotationibus
1148 1130 1408 1169 indicantur.
1433 1123 1532 1160 Hoc
1553 1118 1685 1157 modo
1708 1125 1891 1165 apogra-

256 1233 403 1284 phum,
427 1224 545 1276 quod
566 1223 608 1260 in
628 1215 876 1271 provincias
898 1209 1127 1248 remissum
1146 1209 1212 1241 est
1233 1197 1431 1238 habebis.
1453 1191 1599 1244 Quod,
1623 1196 1669 1227 ut
1688 1184 1892 1235 exemplo

256 1301 535 1356 perspicuum
556 1296 645 1339 fiat,
670 1288 836 1329 initium
859 1281 1075 1335 epistolae

1098 1278 1144 1314 P.
1173 1274 1313 1317 mera,
1337 1273 1468 1320 prout
1490 1278 1513 1302 a
1533 1261 1660 1302 nobis
1680 1271 1780 1310 pag.
1800 1265 1897 1305 433·

259 1386 338 1425 434
359 1372 524 1411 editum
546 1372 628 1408 est,
655 1368 697 1401 et
719 1365 847 1411 prout
869 1356 910 1393 in
932 1348 1185 1403 apographo
1208 1343 1370 1383 ibidem
1393 1339 1527 1378 citato
1546 1337 1707 1379 exstat,
1733 1327 1895 1368 exscri-

265 1447 436 1484 bemus:

427 1530 580 1582 Epist.
604 1518 871 1574 originalis.

326 1641 341 1660 «
358 1622 440 1662 Vix
461 1619 643 1658 tandem
662 1612 761 1663 post
789 1607 959 1647 multas
987 1601 1051 1639 di-

271 1675 544 1721 stractiones
571 1682 623 1709 ex
645 1668 854 1705 locorum
876 1667 1052 1698 ‘rerum-

274 1746 356 1787 que
401 1721 734 1769 mutatissmibns
774 1713 1053 1755 contractas,

276 1785 524 1828 admodum
550 1779 598 1816 R.
624 1776 671 1813 in
702 1773 779 1811 X.0
801 1770 888 1814 P.’‘,
922 1761 1057 1814 liquit

278 1843 338 1881 ad
355 1852 406 1879 ea
424 1847 538 1888 quae
558 1827 798 1870 scribenda
821 1822 941 1867 sunt,
962 1814 1059 1856 ‹mi-

278 1905 404 1937 mum
454 1886 704 1939 applicare,
752 1874 965 1929 quamuis
1009 1882 1061 1909 ea

280 1941 505 1991 eiusmodi
542 1940 648 1984 sim,
692 1945 805 1984 qnae
845 1930 893 1968 in
932 1937 1063 1966 επαν-

283 2002 433 2044 rando
461 1995 640 2035 nullam
671 1985 849 2039 possint
882 1980 1064 2033 afferre

284 2051 556 2098 molestiam.
579 2047 678 2085 Iam
699 2040 818 2081 enim
837 2038 856 2057 ἃ
877 2038 993 2074 bona
1011 2046 1066 2071 ex

285 2115 409 2164 parte
441 2105 534 2144 aliis
565 2115 589 2139 a
618 2111 687 2137 me
723 2090 895 2143 scriptis
931 2086 1068 2126 literis

288 2163 449 2204 tradita
477 2162 578 2196 sunt
603 2155 638 2200 b,
670 2155 714 2188 et
741 2149 776 2186 si
804 2144 906 2197 quid
929 2150 945 2168 c
966 2139 1071 2179 noui

289 2216 490 2272 proxime
514 2212 662 2259 elapso
680 2196 988 2255 quadrimestri
1004 2206 1072 2232 ac-

294 2271 413 2317 cidit,
436 2267 480 2306 id
500 2270 642 2302 totum
666 2267 832 2296 summa
854 2251 1073 2290 breuitate
1125 2269 1127 2271 -

296 2325 398 2366 licet
421 2335 443 2360 e
452 2316 668 2371 xplicabo.
681 2329 694 2346 »

1328 1497 1697 1552 Apographum.

1184 1591 1419 1644 «Quamuis
1440 1590 1557 1626 bona
1578 1598 1633 1623 ex
1654 1586 1779 1633 parte
1809 1576 1906 1626 alijs

1129 1663 1153 1687 a
1174 1660 1243 1686 me
1266 1644 1439 1696 scriptis
1458 1639 1595 1679 literis
1617 1635 1775 1675 tradita
1792 1633 1907 1676 sunt,

1130 1714 1242 1754 quae
1277 1700 1361 1738 iarn
1397 1691 1629 1735 scribenda
1669 1691 1834 1732 essent,
1877 1683 1912 1721 si

1132 1755 1235 1807 quid
1252 1762 1399 1792 tamen
1420 1747 1524 1788 noui
1544 1745 1743 1797 proxime
1763 1741 1912 1789 elapso

1134 1805 1443 1861 quadrimestri
1469 1800 1643 1845 accidit,
1674 1797 1717 1835 id
1749 1803 1917 1833 summa

1137 1863 1356 1903 breuitate
1380 1854 1652 1908 explicabo.»

377 2431 651 2477 Frequenter
676 2415 909 2468 originales
933 2408 1155 2461 epistolas,
1175 2414 1261 2440 non
1283 2397 1416 2436 latino
1441 2390 1519 2430 sed
1536 2384 1705 2436 vuigwri
1729 2389 1934 2421 sermone

301 2497 483 2547 scriptas
506 2489 689 2529 edimus.
715 2484 839 2532 Quae
863 2491 961 2517 cum
982 2477 1024 2514 in
1045 2468 1295 2524 provincias
1314 2475 1402 2501 non
1433 2455 1779 2496 remitterentur,
1803 2454 1937 2496 gene-

302 2563 429 2604 ratim
460 2554 720 2596 emendatae
752 2549 917 2586 Romae
947 2555 1036 2580 non
1066 2541 1181 2582 sunt,
1213 2544 1325 2580 neqv<

1389 2523 1516 2564 nobis
1546 2518 1667 2558 licuit
1697 2515 1740 2552 in
1769 2512 1835 2550 his
1866 2522 1939 2547 an-

304 2634 459 2669 notare
483 2636 535 2661 ea
556 2622 598 2658 in
618 2617 774 2669 quibus
796 2627 820 2650 a
841 2607 1031 2648 romanis
1053 2599 1316 2654 apograp'nsrs
1338 2591 1479 2632 latinis
1502 2583 1745 2625 differrent.

389 2680 841 2731 Animadvertendum
864 2681 946 2721 est,
970 2678 1018 2710 ut
1037 2671 1124 2720 jam

1147 2676 1276 2717 supra
1305 2657 1536 2699 innuimus,
1574 2650 1742 2688 litteras
1774 2640 1943 2692 quadri-

310 2765 498 2801 mestres
519 2764 631 2804 quae
652 2748 695 2787 in
722 2743 883 2785 nostris
914 2738 1115 2779 domibus
1145 2730 1423 2782 legebantur,
1457 2725 1501 2758 et
1530 2721 1841 2760 nonnunquam
1872 2719 1946 2743 ex-

314 2825 450 2867 ternis
468 2821 599 2861 etiam
619 2812 837 2866 legendae
857 2804 1221 2847 ostendebantur,
1241 2795 1396 2833 saltem
1418 2786 1472 2826 ad
1491 2786 1578 2823 hoc
1599 2790 1737 2830 usque
1755 2782 1946 2823 tempus,

317 2905 415 2932 esse
447 2883 698 2939 apographa
726 2880 891 2917 Rornae
924 2867 1172 2913 emendata,
1205 2864 1247 2901 in
1276 2858 1433 2910 quibus
1464 2863 1515 2890 ea
1536 2859 1648 2900 quae
1670 2844 1787 2882 forte
1809 2839 1950 2878 minus

318 2957 557 3011 prudenter
581 2947 742 2997 scripta
764 2947 901 2988 erant,
926 2933 1172 2990 generatim
1196 2927 1354 2967 omissa
1375 2924 1474 2959 sunt

634 3115 639 3122 .
695 3083 758 3108 —b
781 3090 885 3127 quae
906 3077 983 3112 iam
1005 3067 1219 3109 scribenda
1239 3066 1388 3100 essent.
1443 3061 1507 3080 —0
1528 3058 1606 3088 tan.
1625 3060 1678 3083 Vn.
