2038 3400
254 560 693 633 LITTERAE
745 561 1522 643 QUADRIMESTRES

836 927 944 978 222

507 1067 939 1116 AEGIDIUS
988 1069 1276 1116 FABER

574 1210 763 1237 MESSANA
795 1201 809 1237 1
833 1211 1035 1249 JANUARII
1065 1201 1155 1239 1559
1182 1203 1205 1239 ¹.

75 1330 108 1368 l.
129 1330 356 1380 Frequens
362 1333 502 1382 popul
508 1332 523 1370 z·
539 1345 788 1372 concursus
801 1334 860 1371 ad
871 1335 1163 1372 sacramenta
1175 1335 1215 1372 et
1232 1333 1574 1373 contiones—2.
1592 1336 1704 1375 Doc-

155 1395 304 1435 trinae
326 1396 608 1437 christianae
629 1399 844 1437 elementa
867 1411 894 1436 a
910 1398 1123 1448 pluribus
1145 1399 1499 1438 discuntur.—3.
1525 1400 1705 1439 Studio-

155 1473 260 1500 rum
280 1462 678 1502 instauratio—4.
703 1464 768 1503 De
787 1463 1069 1503 scholis.-5.
1100 1465 1165 1504 De
1191 1465 1477 1504 contionibus
1498 1466 1546 1505 P.
1573 1467 1708 1505 Otelli

155 1527 388 1567 occasione
408 1528 691 1568 sacramenti
711 1529 1089 1582 confirmationis.

131 1675 165 1703 Ι.
224 1666 251 1712 †
279 1665 364 1703 Ihs.
389 1665 535 1704 Maria.
561 1666 696 1704 Molto
728 1666 836 1704 Rdo.
869 1666 912 1704 in
941 1666 1086 1704 Cristo
1116 1666 1270 1705 Padre.
1297 1668 1385 1705 Pax
1407 1668 1474 1705 Χ.ἰ
1508 1673 1592 1707 616.
1618 1667 1706 1719 [Li-

75 1738 138 1775 cet
154 1749 244 1774 non
261 1749 460 1788 magnae
475 1736 568 1775 sint
584 1750 669 1785 res,
689 1751 780 1776 non
802 1737 1050 1777 omittenda
1067 1751 1227 1777 earum
1243 1738 1463 1789 scriptio}
1488 1740 1522 1776 E
1538 1752 1615 1790 per
1634 1753 1706 1778 60-

75 1807 251 1845 minciar
273 1820 446 1859 sempre
469 1808 537 1846 dal
559 1809 737 1859 meglio,
761 1809 802 1846 16
824 1808 1033 1859 prediche
1057 1822 1080 1847 e
1102 1810 1142 1847 16
1166 1810 1432 1848 confessioni
1464 1823 1605 1849 uanno
1628 1824 1705 1861 per

73 1878 113 1915 13
142 1878 224 1916 Dio
255 1879 394 1929 gratia
415 1884 536 1917 tanto
567 1880 681 1917 bene
704 1880 786 1917 che
818 1879 856 1917 ci
886 1880 1028 1918 danno
1061 1893 1233 1931 sempre
1265 1881 1498 1919 occasione
1530 1881 1570 1930 dj
1605 1882 1706 1919 scri-

73 1962 223 1988 uerne.
247 1950 280 1987 Il
300 1963 482 1988 numero
506 1950 549 1988 di
569 1951 701 2001 quelli
724 1951 804 1989 che
828 1956 871 1989 et
892 1964 970 2002 per
991 1952 1110 1990 l’une
1134 1957 1176 1989 et
1197 1965 1275 2002 per
1297 1952 1438 1990 l'altre
1455 1953 1706 2002 frequenta-

73 2034 128 2059 no
152 2021 191 2058 13
210 2026 361 2059 nostra
382 2020 529 2059 chiesa
549 2034 636 2059 non
658 2034 811 2060 manca
840 2023 925 2060 mai
945 2021 987 2060 di
1019 2035 1239 2070 crescere,
1265 2025 1358 2061 cosi
1379 2021 1421 2061 di
1451 2036 1640 2073 persone
1663 2023 1706 2061 di

73 2092 341 2139 conditione,
366 2105 491 2131 come
514 2093 687 2132 d'altre.
712 2094 895 2144 Appena
924 2095 963 2131 13
992 2095 1172 2132 1113111113
1194 2107 1218 2132 3
1238 2095 1356 2132 buon
1378 2095 1486 2132 hora
1509 2097 1531 2133 ὲ
1553 2101 1705 2146 aperta

73 2164 113 2201 13
143 2164 304 2210 chiesa,
330 2164 488 2201 ch'ella
509 2164 573 2202 s'e
606 2164 812 2215 empiuta3
835 2165 951 2214 malj
976 2165 1118 2216 giorni
1139 2165 1255 2203 delle
1285 2165 1399 2203 feste
1424 2167 1446 2203 6
1475 2179 1559 2204 una
1590 2179 1705 2204 com-

72 2235 275 2285 passione
298 2248 322 2273 a
342 2235 508 2274 uedere
529 2249 617 2274 non
635 2248 756 2274 esser
778 2249 932 2275 manco
955 2236 1087 2287 quelli
1109 2237 1190 2275 che
1212 2249 1289 2286 per
1312 2237 1351 2274 13
1371 2237 1613 2287 111631136113
1634 2238 1705 2275 del

74 2306 206 2357 luogo
238 2307 273 2345 si
306 2313 507 2357 parteno,
541 2308 622 2346 che
652 2308 785 2358 quelli
821 2309 902 2346 che
938 2312 1131 2346 restano.
1164 2308 1211 2346 In
1242 2320 1350 2346 uero
1388 2310 1634 2347 ancorache
1667 2310 1706 2346 la

76 2378 223 2415 chiesa
242 2391 330 2416 non
350 2378 413 2416 sia
432 2378 616 2428 piccola,
640 2381 746 2429 pero
769 2379 1027 2417 seruirebbe
1048 2379 1160 2417 assai
1180 2378 1252 2429 pisi
1275 2391 1322 2416 se
1344 2378 1463 2417 fosse
1485 2380 1557 2430 pisi
1580 2393 1704 2430 gran-

75 2447 145 2486 de.
170 2448 222 2486 N.
242 2448 286 2486 S.
310 2449 520 2499 proueda.
541 2450 626 2487 Tra
642 2453 762 2488 tanto
783 2462 806 2487 e
824 2462 996 2500 sempre
1014 2450 1294 2500 ringratiamo
1312 2450 1352 2486 la
1369 2449 1503 2487 bonta
1525 2463 1601 2488 sua
1623 2451 1703 2488 che

74 2531 181 2569 pure
203 2532 286 2558 con
308 2520 348 2557 le
368 2518 577 2571 prediche
600 2520 807 2559 continue
831 2533 854 2559 e
876 2521 1048 2559 lettioni
1069 2522 1183 2559 nella
1213 2519 1361 2558 madre
1399 2522 1561 2569 chiesa,
1596 2523 1706 2560 oltra

75 2591 219 2640 quelle
240 2591 394 2642 d'ogni
413 2592 596 2629 venerdi
626 2593 741 2630 nella
763 2592 912 2630 chiesa
941 2598 1105 2640 nostra,
1131 2594 1212 2631 che
1234 2607 1343 2633 sono
1367 2595 1469 2633 delli
1493 2594 1705 2632 Prouerbi

77 2662 119 2700 di
139 2663 390 2710 Salomone,
416 2675 439 2700 e
460 2664 574 2701 nella
596 2664 828 2702 settimana
849 2663 994 2714 doppo
1018 2664 1206 2703 disinare
1230 2666 1285 2704 de
1305 2667 1393 2705 casi
1415 2665 1455 2715 dj
1476 2666 1706 2704 coscienza

77 2746 101 2771 3
129 2734 334 2784 1131666111
355 2733 575 2772 sacerdoti
597 2747 620 2772 e
642 2735 754 2782 laici,
776 2740 820 2773 et
841 2748 1002 2774 ancora
1019 2748 1103 2774 con
1124 2736 1152 2774 11
1180 2738 1379 2789 consigli,
1413 2737 1655 2785 risolutionj
1682 2750 1704 2774 e

78 2805 205 2843 visite
236 2805 455 2844 d'infermi
485 2806 565 2844 che
598 2806 701 2857 ogni
731 2806 773 2844 di
804 2819 1047 2846 occorreno
1078 2808 1195 2856 farsi,
1221 2809 1255 2846 si
1277 2808 1439 2847 sodisfa
1461 2822 1485 2846 3
1504 2809 1607 2846 tutti
1627 2821 1704 2858 per

127 2949 136 2968 ¹
187 2947 249 2985 Ex
267 2953 427 2996 autogr.
447 2949 489 2984 in
507 2948 592 2985 cod.
616 2948 696 2986 Sic.
719 2948 812 2985 181-
825 2949 917 2993 182,
939 2949 981 2986 ff.
1000 2950 1135 2995 80-81,
1153 2951 1263 2997 prius
1282 2950 1465 2988 495-496.
1492 2950 1705 2987 Praecedit

79 3009 309 3055 exemplum
327 3008 498 3045 latinum
517 3007 699 3056 ejusdem
718 3008 758 3045 in
776 3007 818 3046 ff.
839 3008 974 3046 77-79.

219 3092 383 3119 Luni-nau.
403 3092 809 3126 QUAmuunsrnns.-Tou.
831 3093 886 3120 VI.
1551 3099 1562 3120 1
