2038 3400
364 243 430 285 176
838 246 1059 288 LITTERAE
1087 250 1444 297 QqumMESTRsss

312 344 477 382 criores
511 345 553 382 in
586 345 785 384 iuuandis
821 347 1000 385 infirmis
1036 354 1284 386 euaserunt.
1320 349 1430 387 Tum
1460 349 1631 400 aegroti
1662 348 1757 388 fere
1791 362 1943 389 omnes

310 414 426 453 facta
446 417 608 455 nostris
629 424 915 468 peccatorum
937 432 1115 458 suorum
1134 420 1416 458 confessione
1440 426 1483 458 et
1505 434 1656 460 sacrae
1675 422 1944 460 communio-

309 487 373 525 nis
396 488 645 539 sumptione
677 489 1008 528 consolationes
1038 490 1207 529 diuinas
1235 499 1252 516 ἃ
1274 491 1413 530 etiam
1441 499 1752 544 perceperunt.
1787 494 1944 531 Recto-

310 571 402 597 rem
424 560 564 598 secuti
588 566 687 598 sunt
708 561 751 597 in
772 561 858 599 hoc
879 562 1120 600 ministerio
1144 568 1235 600 tum
1258 564 1412 601 Patres
1434 569 1524 601 tum
1545 563 1703 602 fratres
1732 564 1941 602 vniuersi.

361 631 400 669 6.
454 631 519 669 Ad
542 632 736 669 infirmos
755 633 883 670 etiam
906 645 1040 684 saepe
1062 647 1272 673 vocamur
1293 647 1378 673 nec
1399 635 1574 683 frustra,
1606 648 1702 674 cum
1733 636 1944 673 Dominus

308 703 549 754 plerunque
582 704 788 754 singulari
821 717 899 742 sua
928 705 1231 744 misericordia
1258 706 1385 744 nobis
1415 707 1502 745 illic
1533 707 1689 745 adesse
1722 707 1941 758 dignetur.

309 774 412 811 Erat
433 775 545 813 inter
568 776 677 813 alios
698 774 872 826 quidam
893 788 982 813 non
1004 789 1231 826 syncerus,
1257 783 1304 815 ut
1326 777 1573 825 uidebatur,
1598 779 1639 816 in
1660 778 1762 825 fide,
1796 784 1842 816 ut
1872 778 1942 829 qui

308 847 432 884 uxori
454 846 552 897 piae
575 853 619 885 et
642 848 888 886 catholicae
916 849 1130 887 molestus
1160 852 1414 900 frequenter
1448 854 1582 898 esset,
1616 851 1714 900 quia
1744 856 1942 889 nostrum

307 919 518 969 templum
548 920 640 969 ipsa
669 920 835 958 uiseret
865 926 908 958 et
929 922 1090 959 nostris
1111 928 1289 972 pareret
1310 923 1351 960 in
1372 923 1424 972 ijs
1447 936 1559 973 quae
1581 923 1635 960 ad
1657 922 1789 960 fidem
1811 928 1942 973 atque

308 990 632 1028 conscienciam
662 991 681 1015 b
717 996 934 1041 spectant.
972 992 1050 1030 Ille
1081 1005 1189 1031 uero
1221 993 1323 1031 dum
1355 994 1549 1044 grauiter
1580 1000 1851 1045 aegrotaret,
1889 994 1943 1031 ab

306 1074 446 1100 uxore
464 1062 580 1100 forte
602 1075 852 1113 persuasus,
878 1077 1010 1101 vnum
1034 1076 1088 1101 ex
1109 1065 1271 1102 nostris
1303 1065 1508 1112 aduocat,
1543 1066 1610 1103 cui
1645 1071 1831 1116 peccata
1865 1077 1942 1103 sua

306 1133 608 1172 confiteretur.
642 1134 691 1171 Id
724 1134 888 1173 factum
925 1140 1007 1182 est,
1042 1140 1086 1173 et
1106 1136 1319 1186 postridie
1343 1142 1516 1187 sumpto
1539 1138 1592 1175 ab
1617 1136 1777 1175 eodem
1799 1149 1942 1175 sacer-

305 1205 410 1244 dote
433 1212 726 1254 sacramento‚
751 1212 919 1245 tantum
941 1207 1194 1246 immutatus
1217 1214 1299 1256 est,
1323 1214 1370 1246 ut
1393 1221 1514 1246 suam
1547 1221 1653 1259 erga
1687 1221 1768 1247 nos
1804 1209 1938 1246 bene-

305 1278 545 1316 uolentiam
567 1279 701 1329 signis
725 1279 1019 1317 exterioribus
1042 1280 1146 1317 satis
1169 1279 1390 1330 explicare
1412 1292 1500 1318 non
1521 1286 1688 1331 posset.

358 1360 394 1397 7.
454 1349 628 1388 Nouum
665 1350 901 1401 collegium
941 1350 1060 1400 quod
1095 1363 1252 1389 recens
1292 1351 1347 1389 ad
1387 1351 1684 1390 subleuandos
1723 1364 1941 1402 pauperes

304 1428 502 1460 erectum
540 1427 608 1460 est
642 1421 716 1471 (de
752 1434 838 1473 quo
876 1428 920 1460 et
951 1423 1055 1460 alias
1091 1423 1359 1473 scripsimus)
1392 1423 1398 1441 ¹
1431 1435 1665 1462 successus
1686 1423 1834 1470 habet,
1860 1423 1941 1461 Dei

303 1493 458 1544 gratia,
480 1494 684 1544 optimos.
708 1493 820 1531 Nam
843 1499 888 1531 et
908 1506 1116 1531 numerus
1137 1506 1377 1544 pauperum
1399 1495 1630 1541 accrescit,
1652 1500 1695 1532 et
1715 1507 1766 1533 ea
1782 1494 1939 1545 quibus

303 1566 487 1612 alantur,
520 1565 659 1615 magis
690 1569 928 1615 suppetunt
961 1577 1015 1602 ex
1050 1565 1314 1603 liberalitate
1351 1566 1567 1603 bonorum
1604 1566 1812 1613 uirorum,
1850 1579 1937 1604 non

302 1637 583 1687 hispanorum
605 1635 754 1683 modo,
780 1642 827 1674 vt
856 1636 898 1674 in
929 1636 1052 1674 initio
1076 1643 1106 1683 0,
1140 1635 1219 1674 sed
1255 1637 1386 1674 etiam
1420 1649 1746 1687 germanorum,
1785 1637 1939 1688 quibus

301 1708 398 1746 illos
435 1706 809 1754 commendamus,
842 1707 1004 1758 quique
1039 1718 1272 1758 puerorum
1303 1713 1503 1758 spectata
1538 1707 1686 1746 indole
1709 1709 1936 1755 commoti,

302 1792 477 1819 omnem
511 1792 632 1818 suam
670 1792 848 1830 operam
888 1780 989 1818 huic
1023 1792 1141 1818 nouo
1184 1780 1374 1831 collegio
1415 1781 1693 1830 pollicentur.
1740 1780 1858 1819 Vnde
1898 1783 1938 1819 et

299 1852 455 1903 legum
495 1853 654 1890 doctor
689 1852 891 1901 quidam,
937 1850 1013 1889 nir
1055 1864 1164 1890 sane
1208 1850 1423 1899 eximius,
1471 1851 1719 1901 quotannis
1760 1851 1937 1902 aliquot

300 1934 481 1969 aureos,
507 1921 629 1960 alius
649 1921 787 1961 etiarn
810 1921 1008 1972 amplius
1031 1923 1252 1960 daturum
1272 1934 1316 1961 se
1333 1922 1563 1971 promisit.
1590 1922 1670 1961 Est
1692 1924 1730 1960 et
1753 1923 1936 1962 canoni-

299 2006 377 2032 cus
399 1992 601 2043 quidam,
627 1993 707 2043 qni
727 1992 884 2032 multis
904 1992 1057 2044 signis
1079 2007 1132 2032 ac
1148 1992 1562 2044 pollicitationibus
1589 2008 1633 2033 se
1663 1993 1794 2033 nobis
1823 1994 1936 2033 ami-

299 2064 534 2104 cissimum
555 2066 595 2104 et
612 2064 891 2115 pauperibus
921 2064 1059 2103 liuius
1090 2064 1276 2116 collegis
1305 2064 1565 2115 plurimum
1594 2065 1836 2117 fauentem
1868 2068 1935 2106 de-

299 2138 466 2176 clarat.
490 2136 558 2174 Ad
580 2137 665 2175 hoc
686 2137 978 2188 pulcherrima
999 2136 1019 2161 d
1040 2137 1309 2175 bibliotheca
1329 2137 1455 2174 nobis
1476 2138 1691 2187 promissa
1713 2141 1795 2176 est.

352 2210 389 2247 8.
452 2210 539 2247 Iam
562 2221 670 2247 uero
692 2214 898 2259 quantam
920 2208 975 2259 de
997 2209 1124 2246 nobis
1148 2209 1504 2259 expectationem
1537 2210 1800 2260 (quanquam
1831 2210 1934 2248 alias

298 2293 474 2332 quoque
496 2281 580 2319 hac
600 2280 655 2318 de
679 2292 726 2318 re
748 2280 956 2331 scriptum
979 2282 1064 2329 est)
1094 2281 1312 2331 principes
1343 2280 1504 2330 alijque
1542 2281 1621 2318 uiri
1657 2285 1934 2331 praestantes

299 2353 601 2402 conceperint,
639 2352 710 2390 uel
740 2365 850 2390 unus
872 2352 1229 2403 archiepiscopus
1252 2352 1556 2402 strigoniensis
1580 2352 1592 2370 ²
1615 2352 1837 2400 ostendet,
1862 2353 1932 2403 qui

298 2437 395 2463 cum
417 2436 517 2462 suas
539 2422 744 2462 dioceses
765 2424 818 2461 ab
840 2423 1077 2461 haereticis
1100 2423 1249 2461 uexari
1274 2423 1463 2471 uideret,
1489 2436 1513 2461 a
1534 2424 1661 2462 nobis
1683 2425 1760 2462 has
1782 2430 1932 2475 pestes

296 2495 569 2547 propellendi
593 2508 723 2546 opem
744 2495 1006 2546 implorauit.
1031 2495 1184 2545 Itaque
1206 2500 1427 2533 rectorem
1449 2494 1461 2513 ⁸
1483 2496 1644 2535 accinit
1678 2495 1720 2534 in
1756 2497 1931 2545 Hunga-

296 2569 416 2615 riam,
456 2573 500 2605 et
535 2568 634 2606 loca
667 2579 778 2617 quae
814 2566 868 2604 ad
909 2566 1098 2617 collegia
1136 2565 1222 2604 duo
1261 2565 1482 2604 fundanda
1522 2567 1688 2605 seruire
1730 2572 1928 2618 possent,

342 2737 361 2757 a
411 2737 730 2774 consolationem
756 2736 950 2773 diuinam.
1016 2735 1081 2760 —b
1117 2734 1222 2780 Syll.
1253 2747 1327 2771 con
1357 2740 1497 2781 supra
1526 2746 1637 2773 vers.
1703 2743 1766 2761 -0
1800 2735 1831 2771 3
1858 2746 1925 2772 vv.

293 2803 437 2844 praec.
458 2799 506 2834 in
525 2807 654 2843 marg
685 2795 847 2842 forsan
866 2796 960 2832 alia
981 2805 1138 2832 manu.
1199 2794 1265 2819 —d
1287 2795 1379 2841 Seq.
1402 2795 1484 2832 del.
1507 2795 1636 2832 nobis.

343 2956 352 2976 ¹
406 2953 514 2991 Vide
533 2953 734 3001 superius,
755 2965 850 3000 pag.
872 2951 931 2988 90.

341 3016 353 3035 ²
404 3013 599 3052 Nicolaus
619 3012 790 3050 Olahus.

339 3075 352 3096 ⁸
406 3074 449 3111 P.
465 3073 646 3121 Joannes
664 3074 713 3110 de
737 3073 929 3110 Victoria.
