2038 3400
490 271 903 309 410.-—1NG01„STAD10
933 272 947 308 1
976 270 1240 308 SEPTEMssms
1271 271 1358 308 1560
1620 271 1688 307 777

113 385 176 410 se.
200 374 342 411 Nemo
364 373 531 421 itidem,
556 374 627 424 qui
650 388 735 413 non
759 374 981 414 desideret
1002 376 1098 426 plus
1129 375 1304 422 laboris,
1328 387 1454 425 quam
1485 375 1732 425 imponitur.

114 444 352 494 suscipere,
385 445 558 495 quando
588 446 714 484 huius
744 447 900 484 vineae
936 447 1165 485 bauaricae
1189 447 1381 485 cultores
1404 447 1619 497 conspicit
1640 459 1735 497 pro-

112 515 251 565 prium
274 529 427 554 munus
449 517 608 567 passim
631 518 876 568 negligere,
901 531 1011 569 quae
1034 530 1102 556 res
1125 518 1312 555 animum
1335 518 1480 555 militis
1502 518 1662 557 Christi
1683 519 1735 556 ad

112 591 307 624 sanctum
330 588 468 625 zelum
494 593 537 625 et
560 588 773 627 honestos
790 590 964 627 labores
986 595 1164 627 strenue
1187 588 1440 627 subeundos
1458 589 1613 627 merito
1636 603 1731 640 pro-

114 662 260 695 uocat.

163 737 200 765 2.
261 729 601 767 Conuictoribus
631 735 779 768 autem
801 738 819 755 ³
842 731 1052 769 habitatio
1085 736 1152 769 est
1180 744 1295 769 nunc
1324 732 1598 781 amplificata,
1633 744 1733 769 con-

110 799 287 837 structis
308 799 350 836 in
373 811 425 837 ea
454 801 586 849 uarijs
622 802 847 848 cubiculis,
882 802 922 839 in
958 815 1142 852 quorum
1174 807 1435 840 structuram
1466 803 1598 841 illust.
1623 802 1733 853 prin-

238 872 244 890 ¹
269 883 477 909 summam
505 882 578 910 100
606 885 839 910 aureorum
872 874 1070 911 contulit.
1105 874 1228 911 Haec
1259 873 1415 911 domus
1436 874 1610 911 hortum
1634 887 1735 912 con·

111 882 213 920 ceps

110 940 304 979 iunctum
326 942 474 989 habet,
499 944 569 993 qui
592 949 767 994 praeter
790 944 1022 982 utilitatem
1043 957 1130 982 non
1161 944 1391 991 modicam,
1416 945 1542 983 nobis
1565 950 1612 982 et
1631 958 1732 983 con-

111 1011 351 1051 uictoribus
372 1014 517 1052 locum
549 1015 777 1064 recreandj
811 1020 875 1054 sat
907 1016 1186 1054 commodum
1208 1017 1373 1055 tribuit.
1408 1017 1639 1055 Profectus
1661 1018 1735 1055 ho-

113 1096 205 1121 rum
228 1096 463 1134 puerorum
486 1085 527 1123 in
548 1086 713 1135 pietate
738 1099 791 1124 ex
815 1088 946 1136 uarijs
968 1089 1235 1138 argumentis
1257 1088 1359 1126 licet
1382 1088 1732 1139 deprehendere.

113 1155 301 1193 Primum
333 1156 587 1206 frequenter
620 1163 663 1195 et
696 1159 960 1197 confitentur
991 1164 1036 1198 et
1067 1160 1406 1206 communicant,
1430 1161 1554 1211 leges
1587 1160 1736 1199 orandi

110 1225 305 1276 quotidie
330 1231 373 1265 et
394 1228 691 1267 conscientiae
717 1230 1030 1268 examinandae
1062 1230 1115 1268 ad
1138 1244 1328 1281 unguem
1360 1237 1552 1279 seruant,
1584 1233 1735 1270 haere-

112 1298 190 1335 sim
212 1297 272 1335 ita
294 1297 586 1346 detestantur,
611 1305 657 1337 ut
687 1300 765 1350 ipsi
797 1301 931 1339 libros
963 1300 1142 1340 aliorum
1178 1314 1428 1352 puerorum,
1462 1302 1533 1352 qui
1563 1304 1736 1341 scholas

110 1374 283 1407 nostras
304 1370 482 1416 adeunt,
508 1370 760 1422 diligentius
792 1372 1057 1420 examinent,
1083 1378 1127 1410 et
1148 1373 1393 1424 prohibitos
1422 1374 1504 1412 illis
1535 1375 1733 1425 eripiant,

110 1454 221 1491 quos
243 1454 400 1492 magna
421 1455 517 1481 cum
536 1444 816 1482 solemnitate
833 1444 1051 1483 interdum
1068 1446 1250 1483 flammis
1267 1445 1459 1492 tradunt3
1477 1459 1735 1497 quamquam

111 1514 311 1552 omnibus
332 1513 555 1565 discipulis
577 1515 823 1554 scholarum
851 1522 1096 1554 nostrarum
1128 1517 1170 1555 id
1198 1517 1290 1556 fere
1323 1529 1553 1555 commune
1585 1522 1665 1565 est,
1690 1524 1736 1556 ut

114 1585 285 1624 libellos
315 1586 513 1636 Lutherj,
550 1587 840 1626 Melanthonis
872 1601 949 1626 seu
981 1589 1213 1627 cuiuslibet
1244 1590 1455 1639 haereticj
1488 1602 1574 1628 non
1597 1591 1733 1641 ignotj

110 1657 236 1695 titulo
258 1662 560 1708 praenotatos,
595 1660 716 1696 uelut
748 1664 921 1709 pestem
951 1661 1180 1710 quamdam
1212 1661 1394 1712 fugiant,
1421 1666 1462 1698 et
1484 1673 1508 1698 a
1530 1666 1736 1699 contactu

112 1728 322 1767 librorum
354 1729 709 1780 Wittenbergae,
742 1730 1061 1782 Norenbergae
1097 1733 1168 1770 uel
1198 1733 1239 1769 in
1261 1745 1534 1783 quacumque
1558 1733 1734 1770 ciuitate

110 1799 334 1838 haeretica
357 1812 619 1838 excusorum
642 1814 819 1851 prorsus
849 1802 1112 1847 abstineant;
1135 1816 1245 1854 quos
1274 1802 1389 1842 illico
1422 1804 1494 1842 ubi
1523 1804 1639 1842 forte
1660 1816 1734 1841 rio-

109 1871 240 1909 uitius
261 1871 473 1922 quispiam
496 1871 733 1922 discipulus
755 1873 1003 1911 huiusmodi
1023 1875 1233 1922 attulerit,
1252 1876 1613 1926 praeceptoribus
1635 1889 1734 1914 exa·

110 1941 339 1980 minandos
361 1943 548 1981 tradant.
584 1944 699 1993 Quin
730 1949 774 1982 et
808 1945 1002 1983 nonnulli
1034 1959 1088 1984 ex
1119 1945 1217 1997 hi[s]
1258 1947 1292 1993 b,
1325 1960 1435 1997 quos
1456 1948 1623 1993 alimus,
1648 1947 1735 1985 suis

108 2012 362 2063 parentibus
399 2015 668 2065 scripserunt
705 2021 894 2063 orantes,
932 2021 978 2054 ut
1013 2020 1193 2068 propter
1227 2029 1421 2056 amorem
1458 2019 1538 2067 Dej
1577 2019 1735 2069 scripta

111 2085 435 2124 haereticorum
469 2086 643 2124 omnino
665 2099 752 2124 non
775 2088 1007 2139 attingant;
1032 2094 1075 2126 et
1108 2089 1141 2126 si
1163 2101 1247 2139 qua
1276 2090 1453 2137 habent,
1478 2091 1736 2135 comburant

112 2161 156 2193 et
191 2157 245 2194 ab
282 2157 398 2194 omni
435 2157 761 2195 haereticorum
796 2160 1020 2197 consortio
1045 2173 1090 2198 se
1128 2161 1399 2207 subtrahant,
1437 2173 1460 2198 a
1495 2162 1669 2211 crapula
1692 2166 1734 2199 et

109 2227 326 2265 ebrietate
347 2240 527 2278 prorsus
549 2229 628 2266 sibi
645 2233 909 2280 temperent,
928 2232 1092 2269 rosaria
1109 2232 1273 2270 Beatae
1293 2232 1482 2283 Uirginis
1505 2238 1664 2279 emant,
1683 2245 1735 2271 ac

109 2299 342 2349 diligenter
364 2300 568 2347 recitent,
594 2306 866 2339 sacramenta
895 2302 1187 2341 confessionis
1218 2309 1263 2341 et
1295 2316 1444 2342 sacrae
1467 2305 1733 2342 communio-

112 2369 177 2407 nis
213 2382 309 2407 cum
345 2382 502 2421 magna
535 2371 817 2421 frequentent
853 2373 1117 2421 reuerentia,
1154 2374 1344 2425 alioquin
1373 2375 1483 2421 fore,
1522 2380 1567 2412 ut
1602 2376 1680 2426 ipsi
1711 2387 1734 2412 a

112 2452 249 2491 regno
273 2441 495 2479 caelorum
519 2441 820 2496 excludantur.
840 2443 952 2482 Hinc
973 2457 1077 2482 sane
1095 2445 1157 2492 fit,
1178 2450 1223 2483 ut
1244 2446 1414 2484 illorum
1438 2448 1601 2496 optima
1620 2447 1733 2484 fama

108 2511 240 2561 longe
262 2512 437 2562 lateque
459 2512 542 2550 iam
565 2512 762 2563 dispersa
781 2520 957 2552 moneat
987 2515 1155 2553 animos
1184 2517 1421 2566 proborum
1444 2517 1664 2555 hominum
1689 2523 1733 2554 ut

109 2594 212 2620 suos
242 2581 405 2620 liberos
427 2584 600 2634 cupiant
623 2583 735 2634 apud
756 2597 836 2622 nos
859 2584 984 2624 simili
1005 2588 1175 2625 ratione
1199 2588 1477 2637 commorarj,
1501 2589 1578 2626 sed
1606 2589 1646 2626 in
1669 2590 1732 2626 his·

109 2653 371 2703 recipiendis
392 2654 577 2692 habetur
598 2666 622 2691 a
643 2654 767 2692 nobis
791 2654 1004 2703 delectus,
1028 2670 1079 2695 ac
1109 2657 1294 2709 diligens
1316 2659 1546 2697 adhibetur
1569 2660 1730 2705 cautio,

153 2833 173 2853 a
221 2834 306 2880 (qui
328 2832 371 2870 12
388 2846 557 2871 numero
575 2838 668 2870 sunt
686 2839 726 2870 et
744 2846 925 2872 seorsum
952 2849 975 2872 a
1002 2837 1147 2874 nostris
1175 2838 1315 2884 [delet.
1345 2843 1384 2875 et
1411 2845 1575 2875 manent
1607 2844 1647 2876 et
1678 2839 1733 2876 ci-

107 2893 202 2929 bum
220 2892 396 2939 capiunt]
417 2893 628 2937 habitant).
682 2893 748 2918 —b
772 2894 1037 2941 Consumpta
1058 2897 1224 2934 charta.

157 3069 166 3088 ¹
220 3067 420 3106 Albertus
438 3067 493 3113 V,
515 3068 716 3106 Bavariae
735 3070 827 3108 dux.
