2038 3400
584 278 893 316 385.—B1L10i10
922 281 936 316 1
961 277 1072 326 Jmm
1103 280 1192 317 1560
1576 281 1645 319 673

74 381 300 420 dominicis
321 381 474 420 diebus
504 383 545 419 in
576 381 743 420 uicinos
778 396 915 433 pagos
938 396 983 421 se
1007 384 1208 422 conferre
1231 384 1389 430 solent,
1418 385 1460 421 P.
1500 385 1688 422 Rectore

73 453 345 502 potissimum
366 453 436 491 hic
457 454 764 499 concionante,
788 455 859 502 qui
876 454 1037 504 pariter
1061 453 1254 504 episcopi
1276 455 1393 492 iussu
1415 455 1692 505 quadragesi-

74 524 173 562 mali
193 530 390 574 tempore
409 524 451 561 in
468 536 550 561 una
569 536 623 561 ex
644 525 890 575 praecipuis
912 524 1152 562 Aruer-niae
1176 525 1365 570 urbibus,
1387 538 1473 562 non
1496 526 1587 563 sine
1606 528 1691 563 ani-

74 607 238 632 marum
272 594 430 641 fructu,
464 596 698 633 multorum
728 594 888 633 auditis
911 596 1277 642 confessionibus,
1303 596 1588 634 concionatus
1611 603 1691 634 est.

127 676 163 703 2.
223 665 295 703 Sic
325 678 448 712 uero,
474 666 584 703 Dno.
611 670 895 716 cooperante,
921 667 1157 705 Societatis
1185 666 1325 703 bonus
1358 666 1465 704 odor
1496 667 1693 704 diffundi-

73 742 156 782 tur,
180 737 376 786 tantique
398 737 673 786 institut[um]
698 741 895 775 nostrum
925 737 1088 775 faciunt
1112 751 1278 784 omneS,
1310 744 1354 775 ut
1377 751 1452 787 pro
1485 739 1694 776 habendis

73 807 309 845 Societatis
331 808 531 858 collegijs
553 807 759 858 incipiant
778 820 894 846 nunc
914 808 1022 846 aliae
1053 810 1397 846 aruerniensium
1420 810 1549 846 urbes
1579 811 1694 860 cogi-

73 883 182 922 tare,
225 891 404 929 remque
444 878 559 917 serio
600 879 797 930 aggredi.
835 880 974 917 Huius
1009 880 1150 934 gratia
1188 881 1236 918 R.
1281 881 1327 918 P.
1372 881 1566 930 Baptista
1602 887 1608 904 ¹
1646 893 1696 918 ac

74 950 120 986 R.
156 950 201 987 P.
235 950 530 1000 Hieronymus
552 956 565 975 ²
594 951 797 1008 accersiti
829 950 871 988 in
901 951 1070 998 urbem,
1095 952 1226 1001 uulgo
1260 950 1449 989 Mauriac
1478 964 1694 1002 nuncupa-

72 1027 173 1068 tam,
207 1035 253 1060 se
286 1022 580 1070 contulerunt,
605 1029 624 1047 a
646 1023 835 1061 omnium
866 1023 980 1061 illius
1010 1024 1129 1061 urbis
1161 1024 1320 1061 ciuium
1351 1036 1401 1061 ac
1430 1025 1654 1062 consulum
1679 1025 1695 1048 *²

74 1101 325 1131 consensuC
348 1094 674 1132 conditionibus
705 1094 724 1119 d
760 1094 1011 1132 mecoenati
1040 1100 1192 1132 nostro
1224 1094 1236 1113 ³
1266 1094 1516 1144 propositis,
1549 1096 1601 1132 ab
1624 1108 1695 1133 eo-

73 1164 187 1211 dem,
213 1178 240 1202 a
263 1165 457 1204 Patrum
486 1167 754 1204 nostrorum
785 1164 951 1212 reditu,
984 1172 1295 1204 sexcentorum
1320 1179 1570 1204 aureorum
1592 1173 1609 1191 e
1632 1180 1695 1204 re-

73 1235 187 1273 ditus
209 1236 220 1259 f
246 1236 453 1287 assignati
474 1242 588 1284 sunt,
613 1244 636 1270 g
655 1237 839 1288 publicis
870 1237 1170 1275 instrumentis
1193 1238 1450 1284 confirmati,
1476 1251 1527 1275 ea
1550 1238 1695 1275 condi-

72 1306 192 1345 tione
214 1310 360 1357 empto
383 1308 402 1332 ¹¹
427 1309 480 1346 ab
501 1307 564 1347 eis
586 1309 596 1334 i
625 1309 800 1359 collegij
825 1309 941 1355 loco,
966 1314 1013 1346 ut
1033 1310 1086 1346 ab
1108 1309 1265 1357 ijsdem
1297 1310 1459 1346 classes
1496 1315 1695 1346 extruan-

72 1385 155 1425 tur,
179 1391 264 1417 vno
288 1379 491 1418 omnium
513 1392 746 1427 consensu,
771 1385 816 1417 ut
838 1384 977 1418 restet
999 1379 1114 1418 aliud
1144 1379 1262 1426 nihil,
1287 1380 1368 1417 nisi
1400 1385 1446 1417 ut
1469 1391 1521 1417 eo
1547 1392 1695 1430 opera-

30 1474 32 1476 -
73 1450 121 1498 rij
145 1450 385 1497 mittantur,
405 1451 523 1501 quod
544 1451 747 1489 mandato
772 1452 818 1489 R.
845 1451 1039 1502 episcopi
1060 1451 1197 1489 literis
1215 1451 1263 1488 T.
1290 1449 1546 1488 Paternitati
1568 1451 1695 1501 signi-

72 1521 247 1559 ficatum
278 1522 478 1559 arbitror.
503 1523 608 1560 Tam
639 1534 746 1560 uero
777 1522 830 1560 ab
868 1523 930 1560 eis
967 1523 1120 1560 Patres
1151 1523 1202 1559 N.
1242 1522 1486 1559 honorifice
1522 1522 1696 1571 excepti

71 1592 259 1639 fuerunt,
284 1598 330 1630 ut
354 1594 557 1630 consules
580 1586 631 1630 ac
650 1605 860 1643 proceres
882 1594 999 1631 urbis
1022 1606 1119 1631 curn
1141 1593 1326 1631 maxima
1347 1605 1503 1643 pompa
1525 1592 1695 1629 obuiam

72 1665 384 1714 processerint.
410 1665 595 1703 Postero
619 1664 690 1702 die
718 1665 776 1702 ibi
807 1666 853 1702 P.
888 1666 1050 1703 Rector
1072 1665 1359 1703 concionatus
1383 1670 1449 1702 est
1481 1677 1576 1701 cum
1609 1676 1695 1701 om-

72 1734 187 1773 nium
211 1736 521 1786 expectatione
544 1736 732 1774 maxima
751 1741 881 1786 atque
903 1737 1126 1787 applausu.
1152 1737 1214 1774 Eo
1238 1736 1339 1773 dum
1361 1736 1444 1773 iter
1467 1736 1693 1781 haberent,

72 1806 113 1843 in
135 1805 318 1856 quadam
337 1805 348 1837 J'
376 1807 482 1844 urbe
504 1807 546 1844 in
567 1819 651 1857 qua
672 1807 869 1857 hospicio
895 1806 1070 1857 excepti
1092 1813 1206 1853 sunt,
1230 1806 1403 1856 quidam
1425 1806 1444 1830 ¹³
1465 1807 1659 1856 priuatus
1687 1806 1695 1828 ¹

73 1877 187 1914 mille
210 1890 368 1915 aureos
404 1890 450 1915 se
486 1877 687 1915 daturum
721 1878 1027 1928 pollicebatur,
1060 1878 1152 1928 ipsa
1182 1890 1288 1915 uero
1322 1878 1423 1915 urbs
1454 1882 1694 1917 trecentos,

72 1963 157 2000 quo
178 1949 347 1987 facilius
378 1950 465 1986 suis
487 1949 603 1987 uotis
622 1950 869 1999 potirentur
893 1957 937 1987 ¹³¹.
964 1950 1333 2000 Gergoniensium
1355 1956 1376 1973 1¹
1398 1949 1515 1986 urbis
1538 1955 1555 1973 0
1577 1960 1697 1999 prae-

73 2026 197 2058 terea
214 2021 417 2058 consules
439 2033 562 2057 suum
587 2021 839 2070 episcopum
862 2021 1164 2063 soliieitarunt,
1190 2026 1236 2058 ut
1259 2019 1433 2071 collegij
1457 2025 1697 2070 prouentus

73 2104 239 2129 annuos
261 2091 400 2138 daret,
434 2092 600 2141 reliqua
634 2091 949 2142 suppeditaturi
980 2104 1092 2142 quae
1123 2091 1175 2129 ad
1208 2092 1383 2142 collegij
1417 2103 1467 2128 ac
1498 2090 1695 2128 classium

71 2162 278 2201 fabricam
298 2162 586 2212 pertinerent.
613 2163 781 2213 Quibus
803 2162 1029 2213 respondit
1051 2162 1131 2200 sibi
1161 2175 1247 2201 non
1277 2175 1374 2201 esse
1397 2163 1615 2212 integrum
1637 2161 1697 2198 bi-

72 2234 259 2272 liomaeo
288 2233 477 2284 collegio
508 2233 700 2271 nondum
732 2239 953 2280 extructo,
987 2239 1031 2271 et
1063 2234 1252 2271 Mauriac
1272 2233 1486 2283 promisso
1509 2232 1695 2270 necdum

72 2305 295 2355 incoepto.
320 2305 458 2342 Tanta
480 2310 561 2349 est,
586 2306 633 2342 R.
658 2306 705 2342 P.
730 2304 843 2355 apud
866 2316 1017 2342 omnes
1041 2317 1093 2343 ac
1118 2304 1332 2354 precipue
1368 2305 1488 2354 apud
1523 2305 1698 2342 exteros

72 2375 312 2414 Societatz's
333 2383 352 2408 Ρ
376 2376 626 2425 expectatio
651 2380 694 2413 et
715 2375 996 2422 desiderium,
1022 2382 1068 2413 ut
1089 2389 1176 2413 non
1198 2382 1284 2413 tam
1309 2376 1539 2414 Biliomum
1563 2382 1581 2407 ‘1
1604 2374 1695 2411 foe-

72 2446 199 2484 licem
219 2445 488 2496 praedicent,
513 2459 640 2497 quam
662 2459 708 2484 se
730 2446 788 2484 illi
810 2446 1008 2485 inuidere
1031 2452 1184 2497 aperte
1207 2446 1447 2484 fateantur.

120 2553 138 2572 a
189 2566 248 2590 ac.
304 2555 366 2579 —b
390 2554 574 2591 Emend.
596 2565 647 2591 ex
661 2554 815 2591 ciuibus
835 2567 881 2590 ac
899 2554 1143 2591 consulibus.
1209 2562 1274 2579 —0
1302 2560 1353 2590 et.
1420 2555 1486 2579 —d
1510 2553 1694 2590 Emend.

75 2624 125 2649 ex
149 2613 236 2649 alio
266 2624 306 2650 v.
338 2613 455 2659 quod
485 2614 571 2658 legi
597 2615 758 2660 nequit.
824 2622 888 2639 ——e
909 2613 1152 2650 francorum.
1208 2614 1266 2638 —f
1291 2613 1483 2649 redditus.
1540 2620 1607 2644 -Ξ
1635 2625 1694 2648 ac.

76 2673 141 2697 -h
163 2678 340 2719 accepta.
396 2674 450 2698 -i
477 2672 630 2710 ineolis.
684 2673 737 2705 —J'
767 2675 940 2720 quadem
961 2683 1039 2710 ms.
1097 2673 1163 2699 —k
1185 2673 1277 2719 Seq.
1296 2672 1357 2709 vir
1375 2677 1511 2718 supra
1532 2682 1639 2708 vers.
1669 2682 1694 2706 α

74 2731 167 2768 Pol.
189 2734 403 2777 scriptum
423 2743 475 2769 ac
492 2732 699 2769 deletum.
753 2735 809 2758 -—1
838 2734 910 2770 vir.
967 2742 1043 2759 -m
1062 2734 1219 2779 aliquos
1238 2745 1288 2768 ex
1307 2732 1401 2768 nris.
1423 2731 1527 2777 apud
1555 2743 1598 2766 se
1631 2730 1694 2765 ha-

74 2791 204 2827 bendo
222 2791 328 2828 add.
349 2793 396 2829 in
418 2802 558 2838 marg.
611 2801 678 2818 —11
698 2805 770 2830 seu
823 2801 887 2818 -0
908 2793 1240 2830 claromontensis
1260 2794 1307 2828 in
1327 2801 1465 2835 marg.
1523 2798 1585 2823 —v
1607 2802 1696 2825 con-

75 2856 187 2897 cepta
206 2851 255 2887 de
275 2850 494 2890 Societate.
548 2860 613 2886 —q
634 2851 877 2890 Biliomeam
896 2852 1119 2890 ciuitatem.

126 2962 132 2980 ¹
186 2960 230 2998 P.
247 2960 426 3008 Joannes
445 2960 628 3008 Baptista
647 2961 784 2998 Viola.

123 3021 136 3040 ²
186 3020 230 3057 Ρ.
251 3019 528 3068 Hieronymus
545 3020 710 3058 Bassius
729 3021 806 3065 (Le
826 3021 938 3066 Bas),
959 3021 1123 3067 collegii
1143 3026 1289 3058 rector.

123 3082 135 3099 ³
185 3079 417 3118 Guilelmus
436 3094 459 3117 a
477 3080 599 3118 Prato
618 3081 686 3125 (du
704 3080 829 3126 Prat),
852 3080 1062 3127 episcopus
1081 3081 1422 3117 claromontanus

221 3165 383 3190 [ιη-τηεμ,
402 3164 760 3198 ΩσΑοΒιΜι3τ335.-Τ.
783 3164 834 3189 VI.
1525 3165 1557 3190 43
