2038 3400
535 283 615 320 300.
643 282 822 320 *GENUA
853 283 896 318 Ιῑι
921 282 1184 318 Svi'rnMssius
1214 281 1302 316 155³)
1617 279 1686 314 345

113 384 164 421 de
190 397 310 422 more
334 385 583 423 confitetur.
610 386 717 423 Sunt
740 385 943 434 denique,
984 386 1029 422 Ιχ).
1058 385 1119 429 1³„
1144 381 1393 432 hujusmodi
1423 382 1732 420 adolescentes

117 456 432 506 quamplurimi,
457 456 525 505 alij
550 456 619 505 qui
652 456 705 493 ad
728 460 920 494 nostram
942 455 1228 501 Societatem,
1262 454 1331 503 alij
1356 454 1427 503 qui
1449 453 1501 491 ad
1523 453 1626 490 alias
1655 454 1734 489 rel-

112 527 297 577 ligiones
319 527 471 577 spiritu
494 527 667 565 Domini
689 527 919 574 ducuntur,
946 540 999 564 ex
1022 527 1177 577 quibus
1209 532 1311 564 octo
1343 525 1426 562 iam
1449 525 1527 561 sul)
1558 529 1733 561 nostrae

111 597 344 636 Societatis
381 599 505 648 signo
544 601 637 637 Deo
675 599 862 637 fideliter
899 597 1098 644 militant,
1134 603 1308 648 praeter
1345 610 1423 634 eos
1451 596 1522 645 qui
1557 596 1733 633 aliarum

111 669 385 719 relligionum
408 671 602 708 habitum
633 670 881 709 induerunt.
907 672 1069 709 Verum
1091 669 1191 719 quia
1212 668 1266 706 de
1289 668 1354 705 his
1385 666 1603 718 sigillatim
1634 678 1734 714 age-

112 752 158 777 re
189 739 365 778 nimium
396 741 575 791 longum
604 741 737 788 foret,
771 742 905 779 multa
926 753 1038 792 quae
1073 741 1159 778 hoc
1189 741 1288 778 loco
1312 739 1396 776 dici
1426 742 1622 788 possent,
1658 737 1735 773 01)-

112 796 275 848 ruenda
296 811 469 849 silentio
494 813 696 850 consulto
721 811 937 859 duximus3
962 824 1062 850 cum
1084 811 1221 850 etjam
1245 811 1423 848 dmzclns
1452 808 1511 847 sit
1542 809 1667 846 Iocus
1697 810 1736 846 et

112 881 183 919 lu's
204 894 317 931 quae
340 882 489 921 adhuc
513 883 737 921 Dominus
758 884 910 922 noster
927 896 1012 920 sua
1040 880 1282 934 singulari
1311 879 1629 920 misericordia
1655 881 1737 928 per

115 965 193 990 nos
233 952 448 991 minimos
492 952 690 993 incultae
731 953 892 993 uineae
929 966 1039 993 suae
1079 952 1317 1004 operarios
1356 951 1533 1003 efficere
1573 949 1735 1000 dzssgmz-

115 1025 187 1061 file-s
206 1025 283 1062 est.

165 1104 200 1143 5.
261 1094 383 1133 Nam
419 1109 472 1133 ex
509 1095 574 1133 his
608 1097 678 1147 qui
714 1097 873 1135 nostris
910 1097 1189 1142 confitentur,
1228 1101 1327 1133 sunt
1353 1102 1372 1120 a
1398 1108 1485 1133 non
1519 1094 1645 1145 pauci
1667 1093 1738 1143 qui

112 1166 316 1216 profestis
338 1166 493 1205 diebus
516 1167 628 1205 inter
651 1168 865 1207 secularia
900 1169 1082 1220 negotia
1112 1180 1203 1206 rem
1227 1167 1463 1219 spiritalem
1486 1179 1619 1218 agere
1648 1179 1737 1203 >non

115 1235 343 1276 desistant.
377 1239 459 1287 Alij
494 1251 600 1277 uero
634 1252 837 1278 carceres
869 1240 1047 1287 adeunt,
1082 1239 1254 1278 uinctos
1285 1238 1434 1277 amicis
1464 1237 1738 1276 sermonibus

113 1309 410 1357 consolantur,
442 1316 485 1348 et
518 1311 638 1349 ιιεῖιιέ
671 1311 875 1350 obuersis
906 1311 1050 1350 ocu-lis
1079 1311 1181 1362 quid
1211 1311 1293 1350 illis
1325 1323 1432 1361 opus
1464 1310 1532 1357 sit,
1567 1310 1736 1347 intuen-

113 1382 189 1418 tur
211 1381 244 1419 b.
270 1380 394 1419 Vnde
427 1381 633 1420 effectum
669 1388 751 1429 est,
785 1389 831 1420 ut
852 1383 1023 1434 quidam
1047 1384 1117 1433 qui
1142 1383 1258 1421 Patri
1288 1383 1449 1421 rectori
1486 1381 1736 1426 confitetur,

112 1449 230 1489 inter
252 1453 429 1490 coetera
446 1451 633 1502 pietatis
658 1456 811 1503 opera,
836 1454 919 1492 hoc
942 1466 1084 1492 unum
1117 1453 1235 1493 hisce
1257 1453 1410 1492 diebus
1436 1451 1735 1503 praestiterit.

114 1521 204 1569 Qui
223 1534 319 1561 cum
343 1524 566 1572 quendam
591 1530 608 1549 e
630 1538 788 1576 magno
811 1537 914 1563 aere
937 1525 1079 1564 alieno
1102 1538 1299 1576 pressum
1322 1526 1363 1563 in
1394 1525 1643 1562 carceribus
1674 1536 1738 1561 re-

110 1593 291 1644 periret,
314 1595 439 1633 breui
464 1596 672 1646 temporis
701 1596 847 1647 spacio
871 1597 890 1621 d
911 1596 1131 1635 hincinde
1173 1609 1328 1647 magna
1356 1597 1637 1647 pecuniarum
1669 1609 1739 1634 co-

111 1665 180 1715 pia
201 1666 402 1714 collecta,
427 1665 577 1706 debito
597 1680 865 1719 carcereque
889 1669 1018 1707 soluit
1041 1676 1073 1707 θ.
1100 1669 1236 1718 Quid?
1258 1673 1357 1706 sunt
1380 1674 1423 1706 et
1444 1668 1513 1717 alij
1534 1668 1612 1717 qui
1633 1680 1758 1717 qua-i

111 1735 153 1773 sl
182 1735 298 1775 nihil
334 1739 496 1788 agant,
523 1740 667 1777 totum
689 1751 847 1778 eorum
871 1739 882 1763 f
907 1739 1142 1791 negocium
1167 1747 1230 1778 est
1252 1752 1607 1791 quoquouersum
1632 1738 1739 1777 otio-

111 1819 184 1844 sos
217 1812 260 1845 et
291 1809 513 1847 aleatores
535 1822 732 1860 quosque
763 1817 785 1843 g
806 1810 952 1862 gladio
985 1811 1174 1862 spiritus,
1199 1811 1316 1861 quod
1347 1817 1413 1848 est
1443 1812 1626 1848 uerbum
1646 1810 1739 1853 Dei.

112 1877 272 1916 adoriri
296 1882 319 1917 ¹.
344 1879 396 1916 Et
428 1879 463 1917 si
483 1892 593 1930 quos
626 1886 878 1932 expugnant
909 1882 1179 1932 (expugnant
1203 1882 1316 1920 enim
1347 1895 1433 1920 non
1463 1883 1661 1932 paucos),
1685 1881 1739 1919 ad

113 1949 347 2000 collegium
371 1956 491 1988 tanto
525 1951 677 2001 spiritu
708 1952 853 1990 statim
885 1958 1034 2003 agunt,
1068 1958 1113 1990 ut
1136 1953 1253 1990 dicto
1276 1965 1451 2003 quoque
1483 1953 1536 1990 sit
1568 1953 1736 1990 mirum.

113 2019 237 2058 Vnde
259 2033 386 2070 quam
411 2021 570 2059 uberes
601 2022 770 2060 fructus
799 2023 1111 2073 producantur,
1136 2024 1310 2062 assidue
1341 2025 1575 2062 multorum
1606 2036 1739 2075 gene·

113 2091 225 2128 rales
248 2092 568 2139 confessiones,
604 2093 907 2132 restitutiones
938 2095 1145 2146 uitaeque
1176 2095 1514 2133 reformationes
1549 2095 1738 2133 indicant

111 2166 278 2211 aperte.
305 2163 421 2201 Inter
444 2175 556 2212 quae
580 2163 724 2204 omnia
745 2164 850 2202 illud
872 2166 1242 2215 praetereundum
1279 2179 1364 2204 non
1396 2167 1597 2213 arbitror,
1621 2166 1739 2216 quod

111 2232 286 2283 quidam
309 2234 379 2272 uel
400 2235 540 2272 semel
561 2235 677 2286 apud
711 2249 792 2274 nos
815 2237 1042 2275 confessus
1064 2238 1185 2275 hisce
1207 2238 1345 2276 ferme
1368 2237 1523 2276 diebus
1545 2235 1664 2276 fecit.
1699 2239 1739 2276 [s

113 2303 215 2342 data
248 2304 363 2342 bona
396 2306 679 2355 pecuniarum
710 2306 841 2357 copia
862 2307 881 2331 1²
912 2307 965 2345 ad
997 2321 1184 2354 usuram,
1216 2309 1371 2346 tantoi
1407 2308 1570 2347 affectu
1602 2322 1656 2346 ex
1689 2321 1740 2346 ea

115 2387 198 2412 una
232 2375 546 2414 confessionej
572 2377 776 2424 surrexit,
814 2384 861 2416 ut
890 2379 1034 2416 statim
1066 2384 1187 2417 recta
1219 2391 1296 2416 eos
1326 2379 1480 2430 quibus
1511 2380 1738 2430 pecuniam

115 2446 368 2493 tradiderat,
405 2448 595 2498 petierit,
629 2449 818 2488 demissa
848 2463 976 2497 uoce,
1001 2450 1078 2488 sed
1109 2446 1162 2488 ex
1193 2451 1292 2489 imis
1320 2452 1337 2475 k
1363 2452 1519 2489 emissa
1548 2451 1739 2501 pectori—

115 2519 195 2556 bus
232 2517 258 2565 ¹,
296 2530 423 2556 orans
459 2526 589 2570 atque
626 2522 852 2561 obtestans
873 2523 1187 2573 quamprimum
1208 2523 1377 2560 tabulas
1401 2523 1667 2569 conferrent,
1692 2534 1738 2559 se

114 2590 245 2639 nolle,
270 2592 487 2641 inquiens,
512 2592 553 2630 in
582 2598 808 2642 posterum
832 2593 939 2631 tanti
960 2594 1164 2632 facinoris
1186 2595 1440 2645 participem
1464 2600 1595 2644 atque
1617 2601 1738 2632 auto-

160 2748 178 2765 a
204 2739 357 2780 Praec.
378 2741 492 2778 verb.
515 2745 653 2786 supra
674 2751 783 2777 vers.
807 2742 861 2778 ab
888 2742 982 2787 ipso
1001 2747 1188 2786 auctore,
1210 2742 1363 2793 deletis
1383 2744 1544 2780 illorum
1563 2756 1736 2790 quoque.

117 2801 178 2824 -b
199 2800 468 2837 considerant.
527 2809 591 2827 -ο
617 2799 755 2838 alium.
810 2794 1050 2838 —dPraec.
1073 2813 1110 2839 v.
1134 2807 1269 2848 supra
1290 2813 1398 2839 vers.
1453 2824 1483 2827 -
1500 2811 1517 2829 e
1540 2804 1632 2850 δερ.
1654 2806 1737 2842 ael.

114 2859 275 2896 omnino
294 2860 358 2905 (P)
433 2861 490 2885 —f
515 2873 699 2907 quorum.
777 2869 844 2892 -Ξ
866 2867 1006 2908 petere
1049 2874 1107 2898 ac.
1179 2863 1244 2887 —h
1266 2875 1434 2899 summa.
1520 2865 1569 2889 —i
1592 2866 1732 2901 animi.

116 2925 172 2956 -J'
205 2937 251 2962 ac
270 2926 495 2972 perculsus.
551 2928 616 2951 —k
646 2927 737 2963 imo.
792 2927 852 2951 —1
874 2933 1049 2973 pectore.

165 3084 172 3102 ¹
226 3080 288 3120 Cf.
311 3081 479 3127 Emms..
502 3082 574 3128 VI,
599 3084 653 3120 17.
