2038 3400
340 249 411 288 528
808 249 1029 292 Lamnae
1055 253 1409 301 QUADRIMESTRES

291 355 543 403 putationes
577 356 858 408 theologicae
895 371 946 396 ac
981 359 1310 409 philosophicae
1345 373 1495 399 mense
1536 360 1720 400 Octobri
1745 359 1921 400 habitae

292 438 380 463 non
402 439 551 476 parum
573 429 847 467 auctoritatis
883 431 1094 469 Societati
1131 431 1432 470 conciliarunt.
1472 433 1715 472 Comoedia
1748 445 1923 484 quoque

292 497 378 544 illa,
402 497 674 537 Christolaus
697 501 915 551 inscripta,
942 508 986 540 et
1007 503 1213 553 graphice
1249 516 1352 541 sane
1387 504 1577 543 omnium
1608 505 1817 556 suffragio
1850 517 1923 543 ex-

292 569 442 617 hibita,
476 572 651 609 multam
683 573 865 623 gratiam
897 574 1009 624 apud
1041 575 1265 612 Aruernos
1294 575 1495 614 obtinuit.
1521 577 1723 628 Aegloga
1749 588 1923 627 quoque

292 641 347 679 de
370 642 531 681 Christi
552 645 767 682 natalibus
790 645 984 684 exhibita
1005 658 1151 684 coram
1174 646 1352 685 domino
1385 648 1594 699 episcopo
1624 648 1747 698 ferijs
1774 648 1924 686 natali-

292 713 366 762 tijs
385 727 472 751 non
494 727 644 765 parum
667 716 949 754 circumstanti
973 729 1163 755 coronae
1186 718 1362 768 placuit.
1388 720 1634 758 Praelectio
1670 720 1926 771 theologica

294 783 583 834 frequentiori
614 786 862 825 auditorum
894 789 1099 825 confluxu
1135 788 1386 836 decoratur,
1419 802 1545 839 quam
1581 791 1793 829 hactenus
1824 803 1924 829 con-

292 860 465 893 suetum
502 862 609 895 erat.
649 858 789 906 Quam
819 859 1066 909 nuperrime
1099 859 1152 897 ad
1183 860 1434 899 vmbilicum
1456 861 1668 911 perducta
1690 862 1926 900 estabeati

291 927 410 976 Paulj
435 927 488 965 ad
510 929 725 979 Ephesios
757 931 959 981 epistola;
988 931 1199 969 intermisi
1231 932 1288 970 ob
1315 932 1617 981 jmminentem
1645 932 1925 985 quadragesi-

291 1010 388 1036 mae
412 1000 749 1049 occupationem
772 1002 1088 1052 euangelicam.
1114 1003 1238 1040 Faxit
1259 1003 1475 1050 Christus,
1500 1009 1546 1041 vt
1566 1017 1773 1042 numerus
1802 1017 1924 1055 prae-

292 1075 523 1120 ceptorum
552 1083 649 1109 cum
681 1071 993 1122 discipulorum
1023 1074 1149 1110 turba
1179 1074 1438 1124 propediem
1469 1078 1638 1113 crescat
1667 1075 1722 1113 ad
1751 1075 1924 1114 vberio-

292 1153 384 1179 rem
406 1154 597 1180 messem
620 1143 911 1193 colligendam
932 1145 974 1182 in
996 1145 1202 1183 horreum
1226 1146 1402 1185 Christi.

350 1221 387 1261 5.
448 1214 500 1252 D.
525 1214 733 1252 Nicolaus
755 1215 986 1279 Lietarflus
1008 1216 1280 1267 lotharingus
1302 1218 1523 1256 Lutetiam
1552 1216 1682 1267 studij
1704 1218 1724 1243 b
1753 1218 1924 1256 theolo-

291 1285 378 1337 gici
399 1285 540 1336 gratia
561 1285 781 1324 concessit
809 1287 1071 1325 auctoritate
1102 1300 1254 1326 sacrae
1287 1287 1582 1327 obedientiae.
1607 1290 1660 1328 D.
1684 1290 1924 1327 Robertum

291 1357 345 1396 de
367 1357 541 1407 Lanoys
563 1356 738 1395 reduxit
760 1358 806 1396 P.
830 1359 1124 1408 prouincialis,
1148 1359 1220 1408 qui
1242 1360 1327 1397 huc
1348 1372 1516 1398 annuae
1539 1360 1800 1398 visitationis
1830 1372 1925 1411 gra-

291 1429 352 1467 tia
371 1434 557 1467 venerat
579 1429 658 1467 sub
687 1429 944 1477 Octobrem,
978 1431 1020 1468 in
1051 1431 1174 1468 cuius
1203 1432 1349 1469 locum
1380 1431 1497 1470 misit
1527 1433 1582 1470 M.
1615 1431 1821 1470 Carolum
1850 1433 1924 1471 Sa-

289 1501 399 1552 gier,
440 1500 678 1552 picardum,
719 1502 790 1552 qui
831 1502 1051 1540 secundae
1088 1503 1214 1541 classi
1250 1503 1435 1542 idoneus
1474 1504 1594 1542 visus
1630 1510 1712 1542 est.
1754 1505 1922 1555 Itaque,

289 1573 433 1620 Pater,
469 1572 706 1624 optandum
736 1574 861 1612 nobis
893 1579 975 1621 est,
1008 1580 1055 1612 vt
1086 1575 1172 1614 duo
1203 1581 1278 1613 aut
1308 1581 1400 1614 tres
1429 1581 1744 1627 praeceptores
1770 1581 1922 1614 nostro

287 1657 471 1683 numero
507 1645 735 1691 addantur,
772 1646 943 1684 ratione
977 1647 1131 1685 turbae
1169 1647 1480 1698 discipulorum
1514 1648 1677 1695 habita,
1714 1660 1845 1697 quum
1882 1647 1923 1685 in

289 1718 439 1768 quinta
461 1718 599 1756 classe
623 1717 820 1768 discipulj
844 1731 1072 1756 numerum
1095 1719 1314 1758 excedant
1345 1719 1637 1758 ducentorum
1667 1717 1924 1770 quadragin-

290 1794 348 1835 ta,
372 1789 413 1826 in
437 1794 563 1826 sexta
592 1789 720 1827 facile
751 1795 942 1836 centum,
975 1790 1017 1827 in
1044 1796 1197 1841 quarta
1228 1791 1557 1841 sesquicentum
1588 1790 1777 1829 docendi
1798 1791 1924 1828 vnius

291 1859 594 1910 praeceptoris
629 1872 743 1898 voce
780 1861 879 1907 sint3
914 1861 960 1910 jn
995 1862 1294 1912 superioribus
1329 1874 1505 1912 quoque
1541 1862 1679 1900 tribus
1714 1861 1924 1899 classibus

291 1931 479 1969 maxima
513 1931 746 1969 multitudo
783 1931 908 1970 adsit.
948 1932 1137 1970 Proinde
1174 1932 1301 1971 Rdam
1336 1934 1456 1971 Ρ.ἴθυῦ
1487 1938 1605 1971 tuam
1641 1933 1923 1972 obsecratam

295 2016 484 2051 oramus,
509 2009 556 2041 vt
574 2004 620 2041 P.
655 2004 842 2042 rectoris
871 2010 1000 2055 atque
1019 2004 1132 2043 adeo
1152 2005 1345 2043 vniuersi
1363 2005 1538 2056 collegij
1557 2005 1674 2043 votis
1696 2005 1924 2056 suffragari

292 2075 511 2126 dignetur,
537 2075 607 2113 vbi
630 2075 812 2125 primum
836 2088 883 2113 se
920 2076 1079 2114 offeret
1115 2077 1315 2115 mittendi
1347 2076 1651 2115 commoditas,
1684 2077 1820 2115 Certe
1849 2077 1923 2115 vix

291 2145 375 2185 dici
406 2153 538 2196 queat
567 2159 693 2196 quam
725 2147 880 2184 floreat
913 2148 1063 2185 schola
1091 2154 1256 2195 nostra,
1292 2154 1336 2186 et
1365 2153 1569 2199 quantam
1591 2148 1922 2186 admirationem

292 2219 459 2257 excitet
481 2219 717 2257 Societatis
739 2219 986 2257 indefessus
1007 2219 1141 2257 labor.
1166 2220 1307 2269 Quam
1337 2220 1564 2271 pulchrum
1596 2226 1663 2258 est
1690 2219 1922 2270 discipulo·

290 2303 384 2328 rum
411 2290 813 2341 frequentissimum
846 2291 1026 2328 chorum
1048 2292 1194 2329 altaris
1217 2292 1430 2331 sacrificio
1455 2297 1568 2330 stata
1588 2292 1697 2330 hora
1717 2292 1923 2329 assisten-

289 2367 378 2400 tem
402 2375 498 2400 cum
534 2375 700 2399 summa
734 2360 951 2400 modestia
986 2366 1185 2400 cernere!
1225 2363 1388 2413 Quanti
1422 2364 1589 2402 fructus
1625 2368 1691 2401 est
1725 2369 1922 2400 teneram

293 2445 387 2472 eam
415 2433 694 2482 juuentutein
727 2433 961 2470 christiana
990 2432 1154 2483 pietate
1186 2434 1240 2472 ab
1262 2435 1440 2472 ineunte
1472 2438 1618 2472 aetate
1639 2433 1838 2471 imbuere
1867 2432 1921 2470 ad

290 2504 453 2543 Christi
468 2505 572 2554 Jesu
596 2504 869 2553 obsequium,
893 2508 1024 2553 atque
1046 2504 1158 2542 adeo
1178 2505 1438 2544 orthodoxis
1460 2505 1653 2544 moribus
1674 2504 1918 2542 instituere!

292 2574 455 2625 Quanti
474 2580 601 2625 putas
623 2574 908 2613 emolumenti
931 2580 996 2613 est
1028 2576 1224 2614 studiosa
1253 2577 1324 2614 illa
1343 2577 1523 2614 fratrum
1553 2589 1640 2614 non
1671 2575 1808 2613 semel
1839 2575 1921 2612 sin-

291 2648 405 2699 gulis
427 2646 778 2685 hebdomadibus
799 2646 1009 2695 visitatio,
1036 2661 1120 2699 qua
1154 2649 1196 2686 in
1219 2649 1365 2687 officio
1403 2653 1665 2687 coercentur
1700 2646 1920 2698 paedago-

289 2720 333 2771 gi
355 2732 461 2770 erga
482 2718 780 2757 concreditam
804 2719 883 2757 sibi
904 2719 1197 2768 juuentutem!
1223 2720 1349 2758 Faxit
1370 2720 1586 2767 Christus,
1610 2725 1658 2757 vt
1674 2718 1919 2757 accuratius

290 2803 463 2842 semper
486 2802 666 2828 munera
695 2789 887 2828 iniuncta
918 2791 1119 2830 Societas
1152 2792 1285 2830 obeat
1316 2791 1369 2829 ad
1401 2791 1540 2829 omnis
1570 2791 1744 2837 aetatis,
1769 2802 1916 2837 sexus,

289 2862 452 2901 ordinis
474 2860 662 2912 denique
685 2861 931 2912 profectum
954 2863 1206 2912 spiritalem,
1226 2863 1386 2914 quippe
1409 2863 1532 2901 cuius
1554 2862 1740 2900 instituti
1762 2862 1919 2899 omnis-

286 2945 372 2984 que
394 2933 511 2971 vitae
535 2945 695 2983 scopus
718 2933 916 2971 Christus
939 2939 1006 2971 est
1028 2938 1073 2972 et
1096 2934 1337 2972 communis
1361 2934 1553 2972 omnium
1574 2933 1709 2971 salus.

337 3065 356 3084 a
395 3071 456 3102 est
474 3064 653 3102 videtur
669 3062 772 3100 add.
796 3064 887 3099 alia
910 3073 1061 3100 manu.
1116 3065 1181 3089 -b
1203 3063 1339 3100 Prius
1357 3064 1514 3112 studijs.
