2038 3400
549 308 807 349 334.-SEN15
831 311 854 347 8
875 306 1077 357 JANUARH
1107 308 1196 347 1560
1569 306 1639 347 2183

62 411 270 463 Religiosi
301 413 431 452 etiam
461 413 690 464 plurimum
720 427 801 451 nos
823 413 1022 464 diligunt,
1048 417 1091 450 et
1125 412 1354 449 nobiscum
1385 424 1517 461 saepe
1549 412 1683 449 collo-

60 489 262 533 quuntur.
288 483 474 532 Quidam
496 485 745 522 haereticus
766 485 978 522 intererat
999 482 1138 521 Patris
1155 482 1294 520 nostri
1316 483 1616 529 concionibus,
1642 490 1686 520 et

61 567 158 592 cum
180 554 233 592 de
264 556 519 606 purgatorio
551 557 821 607 loqueretur,
854 556 927 594 ille
958 555 1134 592 nutibus
1166 554 1439 605 significabat
1469 566 1554 591 non
1588 565 1685 591 esse

61 638 166 663 uera
195 639 306 676 quae
338 626 613 673 dicebantur,
646 628 776 665 immo
810 632 855 665 et
884 627 925 664 in
957 624 1171 665 concione
1205 626 1452 663 exclamare
1489 624 1683 662 uolebat.

62 696 144 734 Hic
165 696 325 734 deinde
349 698 522 735 Patrem
545 699 768 744 conuenit,
803 698 930 748 eique
954 709 1106 735 omnes
1129 709 1304 734 errores
1327 709 1430 733 suos
1452 695 1640 732 maxima
1670 702 1688 719 ἃ

60 768 334 818 poenitentia
354 769 538 819 aperuit,
563 770 717 819 quibus
740 769 955 816 refutatis,
980 768 1034 806 ad
1055 767 1282 806 meliorem
1305 767 1475 817 frugem
1498 779 1545 803 se
1568 778 1688 803 rece-

60 839 135 888 pit,
161 839 476 890 opinionesque
500 846 652 878 contra
673 840 804 877 fidem
824 839 997 878 omnino
1016 839 1236 889 deposuit3
1261 843 1305 876 et
1327 838 1367 875 in
1384 835 1689 875 huiuscemodi

62 911 321 948 reuocandis
343 916 462 949 totos
493 911 586 949 dies
609 910 913 949 consumimus
933 910 978 960 [2]
1003 911 1037 957 b,
1059 909 1364 958 enitimurqne
1381 912 1469 958 pro
1495 907 1685 946 uiribus:

62 986 107 1018 et
126 981 206 1019 nisi
228 981 366 1019 nostri
387 982 488 1019 huic
509 983 663 1020 morbo
687 981 985 1029 mederentur,
1017 985 1114 1019 tota
1132 992 1247 1031 pene
1271 980 1424 1017 ciuitas
1448 987 1464 1004 0
1488 979 1688 1016 inficere-

65 1059 133 1090 tur
157 1057 181 1090 ¹.
218 1054 299 1091 Per
334 1059 510 1091 nostros
543 1054 673 1091 etiam
706 1053 915 1091 effectum
939 1058 1020 1100 est,
1054 1057 1100 1089 ut
1131 1052 1304 1102 quidam
1335 1051 1594 1097 monachus,
1619 1050 1691 1100 qui

62 1123 256 1162 habitum
278 1124 518 1172 dimiserat,
542 1125 829 1163 concubinam
859 1125 1055 1171 tenebat,
1081 1129 1125 1161 et
1146 1123 1325 1161 fundum
1348 1123 1538 1169 colebat,
1563 1122 1622 1159 ita
1644 1127 1691 1158 ut

60 1195 223 1233 nullum
255 1195 479 1246 religionis
510 1196 745 1247 uestigium
777 1196 818 1233 in
856 1208 908 1234 eo
931 1200 1177 1247 appareret,
1202 1194 1256 1231 ad
1287 1194 1547 1244 religionem
1579 1192 1690 1230 redi-

62 1272 144 1304 ret.
171 1266 357 1316 Quidam
380 1267 452 1318 qui
480 1267 676 1318 publicas
709 1274 989 1306 contraxerat
1019 1268 1282 1314 inimicitias,
1317 1272 1361 1304 et
1393 1266 1599 1304 exulabat
1633 1265 1691 1302 nil

61 1337 142 1375 nisi
170 1337 443 1376 inimicorum
475 1338 657 1377 caedem
681 1339 895 1390 cogitans,
920 1340 979 1377 ita
1000 1339 1053 1377 ad
1077 1339 1310 1377 Dominum
1342 1350 1583 1376 conuersus
1607 1341 1689 1383 est,

63 1414 109 1445 ut
141 1420 195 1446 ex
225 1409 356 1447 Saulo
389 1409 562 1457 Paulus,
597 1415 640 1448 et
672 1424 726 1448 ex
757 1411 859 1461 lupo
897 1411 990 1448 ouis
1023 1409 1227 1448 euaserit.
1261 1409 1430 1448 Nobilis
1467 1414 1574 1455 erat,
1612 1407 1691 1445 sed

63 1480 175 1517 hanc
196 1480 215 1504 d
237 1479 356 1518 nihili
377 1481 581 1519 faciebat.
604 1482 673 1519 Ad
708 1495 788 1520 nos
810 1482 999 1532 quodam
1022 1481 1091 1520 die
1114 1480 1354 1532 uesper[e],
1378 1480 1526 1529 inscijs
1558 1479 1692 1518 omni-

63 1551 142 1589 bus
174 1552 295 1589 uenit
324 1559 341 1577 e
362 1553 567 1603 pannosis
598 1554 796 1591 uestibus
827 1553 1017 1600 indutus,
1052 1565 1098 1591 se
1129 1553 1358 1591 nobiscum
1387 1551 1554 1602 degere
1576 1550 1691 1589 uelle

61 1622 365 1672 profitebatur;
389 1636 517 1672 quem
553 1625 787 1662 Lauretum
810 1624 1063 1671 direximus,
1102 1629 1145 1662 et
1167 1625 1250 1661 iam
1272 1623 1555 1673 intelligimus
1577 1622 1691 1659 inter

62 1706 143 1732 nos
180 1693 191 1717 f
228 1694 442 1733 habitare.
479 1695 803 1746 Arcipresbiter
839 1696 1087 1743 s[um]mu1n
1124 1701 1322 1733 senatum
1358 1693 1480 1742 adijt,
1523 1705 1692 1743 nosque

65 1777 333 1815 magnopere
368 1765 562 1804 laudauit
593 1772 637 1804 et
671 1779 784 1817 quae
817 1766 949 1815 obijci
982 1770 1203 1816 poterant,
1241 1765 1503 1814 refuta[uit];
1541 1777 1693 1803 omnes

65 1835 262 1886 stupidos
293 1836 493 1875 detinuit.
530 1838 653 1886 Quae
682 1850 752 1875 res
773 1844 795 1869 g
820 1850 925 1887 erga
954 1849 1034 1875 nos
1064 1836 1423 1874 beneuolentiam
1451 1836 1586 1874 auxit.
1620 1836 1693 1874 Sa-

66 1905 271 1944 cerdotes
293 1907 347 1945 de
371 1909 501 1946 rebus
523 1920 634 1959 quae
657 1908 709 1946 ad
735 1909 1045 1946 conscientiam
1067 1908 1304 1959 pertinent,
1324 1907 1553 1945 nobiscum
1577 1920 1694 1946 com-

65 1980 300 2018 municant.
327 1979 514 2028 Quidam
537 1993 560 2018 a
582 1980 727 2018 multis
749 1980 869 2018 annis
891 1980 933 2017 in
969 1978 1247 2017 matrimonio
1270 1978 1443 2016 fuerant
1472 1991 1559 2016 non
1580 1978 1694 2016 bene

65 2055 260 2100 peracto,
284 2063 394 2101 quos
424 2051 633 2090 facultate
658 2052 852 2097 obtenta,
893 2051 973 2089 rite
1008 2052 1323 2102 copulauimus.
1357 2051 1599 2100 Episcopus
1630 2050 1693 2087 Fi-

66 2121 293 2171 gliuccius,
319 2123 391 2172 qui
408 2136 545 2173 nuper
567 2122 799 2161 defunctus
822 2128 888 2160 est
911 2122 937 2169 ²,
963 2135 1060 2160 cum
1082 2122 1269 2160 aduersa
1284 2123 1506 2160 laboraret
1529 2122 1694 2159 ualetu-

66 2192 181 2238 dine,
206 2194 252 2231 P.
279 2194 514 2231 Rectorem
536 2194 705 2232 accersi
728 2194 785 2240 zit,
812 2193 939 2243 eique
963 2193 1119 2232 omnia
1141 2199 1323 2244 peccata
1340 2191 1557 2243 patefecit
1580 2192 1615 2240 ¹¹3
1640 2204 1694 2230 ex

66 2278 150 2314 quo
173 2278 260 2303 non
282 2265 500 2302 minimam
522 2265 665 2303 hausit
686 2265 815 2303 animi
838 2265 1206 2312 consolationem;
1235 2277 1317 2302 nos
1338 2264 1562 2303 maiorem
1585 2276 1694 2302 mse-

66 2337 196 2385 (Ῑιιιιίί
231 2335 575 2375 αιιέήονίίαέσιφι.
610 2338 706 2375 Duo
743 2335 856 2386 apud
877 2335 1095 2385 quendam
1129 2336 1268 2373 nostri
1300 2335 1543 2373 studiosum
1567 2334 1694 2372 ualde

64 2408 190 2445 nobis
212 2406 520 2454 detrahebant,
545 2408 615 2458 qui
638 2409 691 2445 ab
711 2420 763 2445 eo
787 2409 944 2445 acriter
969 2407 1217 2458 obiur[gati]
1244 2406 1457 2457 postridie
1476 2420 1572 2445 cum
1591 2406 1695 2444 diui-

66 2492 122 2517 no
145 2480 186 2517 in
214 2483 366 2517 nostro
389 2479 554 2530 templo
590 2479 891 2517 interfuissent
928 2479 1162 2526 sacrificio,
1195 2479 1308 2519 adeo
1341 2480 1549 2517 commoti
1581 2484 1694 2525 sunt,

115 2681 134 2699 a
154 2685 258 2710 cum.
315 2674 378 2699 —b
399 2673 470 2710 toti
491 2673 576 2710 dies
595 2674 812 2720 aliquando
832 2680 1135 2710 consumuntur.
1190 2683 1251 2700 —0
1285 2675 1342 2718 (vt
1373 2674 1536 2721 quidam
1556 2674 1694 2710 existi-

68 2734 207 2777 mant).
267 2733 327 2758 ”d
360 2733 625 2769 nobilitatem.
680 2740 743 2759 -θ
771 2733 922 2770 Ρναθε.
956 2744 994 2770 v.
1028 2739 1166 2778 snpra
1199 2745 1390 2771 versum.
1444 2735 1501 2759 ——f
1541 2741 1698 2771 nostros

71 2822 177 2846 eum.
232 2818 301 2843 —g
316 2823 468 2847 eorum.
523 2812 589 2836 —h
610 2824 683 2848 sua
703 2810 910 2848 confessus
931 2817 1005 2847 est.

119 3002 128 3022 ¹
182 3001 245 3038 Cf.
266 3003 319 3038 sis
339 3002 494 3039 Laim'i
509 3002 722 3046 Monum.‚
742 3001 811 3043 III,
832 3001 914 3043 549;
935 3000 1011 3044 IV,
1032 3001 1113 3038 458.

118 3061 131 3080 ²
182 3060 357 3097 Videtur
374 3061 442 3107 agi
460 3061 509 3097 de
528 3061 686 3098 Filucio
704 3061 753 3097 de
774 3059 954 3103 Filuciis,
975 3060 1149 3101 senensi.
1172 3061 1358 3108 episcopo
1383 3061 1536 3097 clusino
1558 3060 1701 3103 (Chiu-

72 3120 133 3165 si)‚
154 3121 219 3167 qui
240 3121 344 3168 apud
363 3120 574 3163 UGHELLI,
595 3120 719 3158 GAMS
739 3127 778 3157 et
800 3120 943 3156 EUBEL
962 3120 1107 3157 dicitur
1127 3126 1308 3156 mortuus
1328 3134 1431 3156 anno
1456 3120 1554 3156 1558.
