2038 3400
335 263 405 300 554
796 269 1020 308 LITTERAE
1051 271 1405 317 QUADRIMESTRES

283 370 588 409 incumberent
611 373 852 423 exercitijs3
871 374 1059 412 necdum
1079 377 1190 414 enim
1209 382 1299 415 tum
1318 379 1510 427 scholae,
1531 393 1642 431 quae
1659 382 1817 421 bonam
1835 383 1915 422 sibi

284 441 481 481 laborum
502 450 752 483 nostrorum
774 450 942 496 partem
964 447 1214 495 vendicant,
1239 455 1363 487 erant
1386 451 1718 501 exaedificatae,
1744 459 1788 491 et
1817 455 1915 494 loca

284 514 458 566 collegij
495 515 578 553 alia
612 516 753 554 minus
786 517 902 555 forte
940 524 1061 555 erant
1091 517 1191 556 huic
1221 519 1410 570 docendj
1434 521 1632 561 instituto
1656 526 1911 564 accomoda.

285 586 400 635 Quid
423 600 546 639 ergo,
581 588 911 639 expectandane
949 595 1194 628 structurae
1230 591 1366 630 totius
1400 594 1637 644 perfectio?
1672 596 1822 636 Videri
1854 598 1916 636 ita

281 659 458 710 quidem
492 666 682 712 poterat,
721 661 799 700 sed
834 662 974 700 nescit
1005 662 1127 701 tarda
1158 663 1378 703 molimina
1398 679 1504 705 uera
1527 668 1685 718 Christj
1711 669 1911 709 charitaS.

284 733 435 771 Potius
458 747 565 785 ergo
588 734 700 773 intra
720 735 930 786 priuatos,
965 749 1130 787 eosque
1164 736 1511 788 angustissimos,
1543 740 1735 790 parietes
1765 741 1914 780 iuuen-

281 808 421 843 tutem
456 806 771 856 quamprimum
806 806 1121 845 admittendam
1157 814 1438 856 censuerunt,
1472 823 1614 860 quam,
1640 817 1685 849 ut
1709 811 1789 850 sibi
1811 813 1915 851 solis

281 882 504 924 uacantes‚
538 877 701 915 nullum
737 891 792 917 ex
829 880 1053 917 consuetis
1087 879 1128 916 in
1163 878 1388 929 proximos
1422 881 1686 921 beneficium
1719 884 1915 935 pauculis

280 947 363 985 illis
386 947 540 986 diebus
563 949 830 988 conferrent.
857 951 1074 1001 Coeptum
1098 963 1205 1002 ergo
1228 951 1270 988 in
1292 952 1503 991 cubiculis
1532 954 1715 1004 primum
1746 955 1912 1004 doceri,

281 1033 365 1059 nec
399 1020 679 1059 infoeliciter:
717 1034 814 1059 nam
849 1022 1055 1061 maxima
1086 1030 1104 1048 ὃ
1132 1024 1292 1071 statim,
1329 1024 1371 1062 in
1406 1024 1652 1065 rudioribus
1682 1028 1813 1066 etiam
1833 1028 1915 1066 illis

280 1091 517 1144 principijs‚
551 1092 862 1144 discipulorum
893 1094 947 1132 ad
981 1107 1062 1132 nos
1098 1095 1308 1133 confluxit
1340 1102 1533 1145 caterua,
1571 1102 1616 1135 ut
1651 1111 1739 1136 non
1778 1100 1913 1137 multo

280 1170 380 1215 post
401 1165 518 1203 bona
540 1177 691 1204 eorum
713 1179 811 1217 pars
833 1165 887 1205 ad
910 1167 1096 1213 scholas,
1121 1168 1397 1216 quantumuis
1426 1169 1721 1220 imperfectas,
1756 1183 1913 1210 conce-

280 1237 386 1276 dere
423 1237 477 1275 sit
513 1241 680 1276 coacta.
718 1239 765 1276 In
797 1238 1040 1276 obscuriori
1061 1244 1208 1277 autem
1230 1239 1314 1277 ista
1335 1239 1523 1290 docendj
1548 1242 1716 1280 ratione
1738 1242 1792 1280 ad
1812 1256 1913 1294 qua-

280 1308 559 1360 dragesimae
582 1322 719 1360 usque
742 1314 914 1360 tempus
936 1311 1334 1360 perseuerauimus‚
1358 1324 1456 1350 nam
1477 1317 1568 1350 tum
1589 1313 1772 1363 primum
1795 1315 1912 1352 colo-

279 1381 469 1431 phonem
505 1381 751 1419 scholarum
782 1381 984 1420 aedificio
1016 1382 1115 1420 addi
1151 1383 1349 1434 contigit.
1384 1385 1604 1436 Deinceps
1634 1398 1740 1423 uero
1772 1386 1912 1436 palam

278 1454 416 1492 nostri
452 1452 670 1492 adventus
706 1458 751 1492 et
784 1453 969 1503 institutj
1012 1455 1226 1493 rationem
1266 1456 1545 1508 promulgare
1586 1458 1826 1508 coepimus,
1869 1463 1913 1497 et

278 1525 416 1576 primo
440 1525 616 1576 quidem
638 1525 680 1563 in
701 1524 967 1576 amplissimo
990 1526 1155 1576 templo
1178 1527 1597 1578 Augustinianorum
1624 1529 1804 1568 fratrum
1834 1543 1911 1580 pro

279 1596 487 1634 contione
507 1596 715 1647 explicari
737 1597 873 1634 totius
893 1597 1179 1648 professionis
1200 1603 1379 1637 nostrae
1402 1611 1613 1638 summam
1634 1613 1711 1651 per
1735 1602 1780 1640 P.
1805 1601 1912 1639 Mar-

279 1667 414 1706 tinum
438 1669 446 1688 ¹
471 1669 732 1707 curauimus.
759 1668 928 1707 Deinde
952 1669 1210 1707 conuocatis
1230 1670 1476 1721 praecipuis
1498 1671 1625 1709 huius
1660 1672 1792 1719 urbis,
1823 1677 1912 1710 tam

279 1741 589 1787 saecularibus,
622 1752 751 1791 quam
782 1740 1093 1779 ecclesiasticis
1124 1742 1242 1789 uiris,
1277 1742 1417 1780 oratio
1449 1743 1581 1781 latina
1600 1756 1625 1781 a
1645 1743 1834 1795 quodam
1857 1758 1911 1783 ex

277 1813 438 1851 nostris
460 1813 607 1850 habita
629 1818 712 1859 est3
734 1812 986 1850 bimembris
1009 1813 1184 1864 quidem
1205 1814 1292 1861 ilTa3
1324 1827 1423 1852 nam
1453 1815 1571 1865 prior
1606 1828 1704 1866 pars
1738 1815 1832 1854 fere
1870 1817 1912 1854 in

276 1884 490 1923 illustriss.
517 1885 729 1923 Bauariae
747 1884 869 1923 ducis
891 1887 903 1905 ²
925 1886 1085 1924 sanctis
1109 1887 1339 1925 conatibus
1356 1886 1658 1938 praedicandis
1678 1894 1721 1926 et
1737 1889 1910 1926 nostrae

277 1957 513 1996 Societatis
536 1957 734 1994 instituto
758 1956 1023 1996 declarando
1043 1965 1301 2009 consumpta
1319 1964 1401 2005 est3
1419 1959 1639 2009 posterior
1657 1972 1779 2006 uero,
1799 1972 1910 2010 quae

277 2028 331 2066 ad
365 2028 609 2066 studiorum
644 2028 817 2066 laudem
852 2028 1032 2076 faciunt,
1076 2036 1142 2067 est
1180 2036 1463 2081 persequuta.
1501 2030 1699 2079 Orationj
1737 2043 1910 2069 succes-

278 2106 429 2138 serunt
451 2100 654 2147 carmina,
678 2106 769 2138 tum
791 2113 967 2151 graeca,
991 2106 1082 2139 tum
1105 2102 1236 2140 latina
1257 2115 1281 2140 a
1301 2102 1462 2140 nostris
1484 2103 1655 2152 prolata
1672 2101 1909 2152 discipulis;

277 2173 432 2223 quibus
454 2172 630 2210 demum
653 2171 877 2211 subiectus
901 2178 967 2210 est
989 2172 1205 2224 dialogus,
1229 2187 1317 2212 non
1339 2174 1479 2212 minus
1510 2173 1686 2224 quidem
1714 2174 1785 2212 ille
1808 2174 1910 2213 doc-

278 2252 346 2282 tus
382 2249 425 2282 et
460 2243 644 2294 lepidus,
682 2257 810 2294 quam
846 2245 940 2295 pius
973 2250 1016 2282 et
1046 2244 1162 2282 utilis
1184 2245 1473 2284 auditoribus.
1499 2246 1651 2284 Mirum
1674 2252 1820 2284 autem
1844 2252 1910 2284 est

277 2322 440 2354 tantam
463 2315 821 2354 adolescentulos
844 2316 1014 2354 istosin
1046 2316 1273 2355 recitando
1305 2317 1489 2368 gratiam
1520 2317 1742 2356 habuisse.
1776 2319 1908 2357 Certe

277 2388 498 2426 neminem
533 2388 646 2425 inter
682 2386 907 2426 auditores
943 2388 1076 2427 fuisse
1111 2389 1273 2436 ferunt,
1312 2389 1378 2438 cuj
1416 2401 1502 2427 non
1540 2390 1655 2427 omni
1692 2401 1746 2427 ex
1785 2394 1909 2440 parte

276 2459 408 2498 fuerit
438 2459 521 2498 hac
550 2460 725 2497 actione
765 2459 1050 2498 satisfactum.
1086 2460 1355 2499 Benedictus
1390 2462 1512 2507 Dns.‚
1550 2460 1622 2511 qui
1656 2461 1749 2499 istis
1784 2461 1908 2500 scho-

276 2532 439 2569 lasticis
475 2531 866 2569 exercitationibus
903 2531 1061 2569 ostium
1093 2545 1297 2583 magnum
1326 2531 1453 2570 nobis
1474 2532 1658 2582 aperuit,
1684 2533 1908 2583 magisque

276 2604 318 2641 in
339 2602 432 2641 dies
454 2602 593 2654 aperit
616 2602 670 2640 ad
693 2602 756 2651 suj
779 2603 966 2640 nominis
988 2603 1173 2653 gloriam
1195 2604 1236 2641 in
1259 2604 1493 2641 multorum
1517 2604 1702 2641 salutem
1735 2617 1907 2654 promo-

276 2673 478 2713 uendam.
517 2675 581 2711 Ex
619 2686 671 2712 eo
696 2673 909 2724 siquidem
932 2675 1002 2712 die
1024 2688 1109 2725 quo
1133 2675 1326 2713 solennis
1348 2675 1430 2713 ista
1449 2675 1588 2713 nostri
1608 2675 1724 2712 facta
1746 2680 1812 2713 est
1833 2688 1906 2725 pu-

276 2745 454 2785 blicatio
476 2744 678 2794 institutj,
703 2746 856 2783 mirum
887 2751 1047 2796 quanta
1083 2752 1126 2784 et
1155 2746 1465 2797 discipulorum
1500 2746 1541 2784 in
1577 2746 1738 2784 scholis
1773 2752 1818 2784 et
1852 2745 1907 2784 de

321 2888 342 2909 a
390 2888 489 2926 satis
507 2901 670 2935 magna.

325 3030 333 3049 ¹
386 3027 432 3065 P.
454 3026 658 3065 Martinus
677 3026 983 3065 Stevordianus.

323 3088 336 3108 ²
390 3087 592 3125 Albertus
610 3086 665 3125 V.
