2038 3400
584 332 664 367 239.
723 331 911 369 BnALOMo
947 331 987 367 12
1019 331 1116 366 Fae.
1151 331 1238 367 1559
1628 329 1673 365 75

102 433 380 471 mediocriter
417 434 691 472 elaboramus
720 433 928 483 patrium
957 445 1204 471 sermonem
1242 433 1300 470 ad
1334 431 1530 469 latinum
1561 430 1719 469 adimi-

98 506 263 555 gendo,
291 507 336 542 ut
359 504 467 554 qnid
500 504 677 554 utrique
707 504 897 556 linguae
922 503 1180 554 proprium,
1206 502 1313 552 quid
1344 515 1590 548 commune,
1615 501 1721 551 quid

101 574 236 613 etiam
272 574 327 613 ab
365 577 554 625 utraque
590 574 790 614 alienmn
826 587 878 613 ac
913 574 1146 613 diuersum
1179 573 1252 619 sit,
1285 576 1533 623 [merorum
1571 573 1723 622 captui

101 645 386 696 conspicuum
411 647 649 691 redemtum
670 647 716 683 ut
739 644 901 684 uitium
919 646 1038 695 quod
1059 644 1265 683 omnibns
1281 646 1481 683 exterum
1509 642 1721 694 linguam

102 717 394 768 ignotamque
425 717 696 756 discentibus
728 717 925 768 uulgare
955 717 1030 757 esz‘.
1060 715 1289 765 paulatim
1319 714 1467 753 uitare
1496 716 1718 753 studeam.

102 788 166 828 Xe
185 788 355 828 scilicet
376 802 473 828 011111
498 788 661 828 alien-is
683 787 898 828 misceant
923 801 1024 833 sua,
1052 788 1321 837 nothumque
1343 788 1382 825 et
1413 785 1719 825 adulterinam

98 861 270 910 prolem
292 873 392 899 cnm
417 873 528 899 uera
550 862 589 899 et
610 860 838 912 legittima
861 859 1162 911 confundant.
1197 859 1398 908 Plerique
1430 871 1536 896 uero
1559 858 1618 895 ita
1638 864 1723 895 stu-

100 930 170 970 dio
203 931 399 970 discendi
431 932 676 970 excitantur
711 931 1134 981 inssammanturque,
1168 937 1214 968 ut
1244 930 1381 980 magis
1410 930 1562 967 fraeno
1598 942 1723 978 quam

101 1003 340 1041 calcaribus
371 1003 569 1054 indigere
599 1001 844 1040 uideantur.
878 1001 1050 1041 Excitat
1083 1013 1160 1039 eos
1190 1002 1366 1051 insuper
1387 1000 1491 1038 illud
1520 1013 1607 1038 non
1638 1013 1724 1037 me-

101 1075 323 1121 diocriter,
349 1074 465 1124 quod
496 1074 767 1113 doctioribus
789 1072 973 1112 sedendi
1003 1074 1120 1112 locus
1142 1072 1402 1123 assignetur,
1435 1072 1723 1122 semestrique

101 1158 213 1195 pene
229 1144 427 1196 quolibet
443 1145 496 1183 ad
520 1144 721 1183 altiorem
745 1146 930 1184 classem
953 1143 1251 1183 conscendant
1272 1143 1453 1194 aliquot.
1473 1144 1635 1181 Nostra
1655 1143 1725 1181 ad-

102 1219 199 1264 huc,
238 1216 330 1255 wie
364 1218 506 1263 Pater,
540 1217 581 1254 in
612 1215 737 1254 uiridi
766 1228 817 1254 ac
846 1216 1072 1265 pullulanti
1101 1216 1237 1254 herba
1267 1215 1422 1253 messis
1452 1221 1532 1256 est,
1567 1227 1621 1252 ex
1643 1227 1727 1265 qua

101 1301 185 1326 non
209 1288 394 1339 exiguos
415 1287 580 1326 fructus
601 1287 857 1338 propediem
881 1287 1162 1325 demessuros
1183 1287 1264 1324 Dei
1288 1299 1370 1337 ope
1393 1298 1444 1324 ac
1464 1286 1623 1323 uestris
1644 1285 1726 1322 fre-

102 1360 131 1396 ti
154 1359 356 1409 precibus
379 1358 651 1397 confidimus.
678 1357 808 1407 Quod
839 1364 884 1395 ut
913 1358 1000 1405 fiat,
1026 1357 1299 1408 operariique
1329 1357 1370 1394 in
1406 1369 1525 1394 suam
1557 1356 1725 1395 uineam

101 1431 152 1467 ab
188 1430 394 1468 hereticis
425 1430 629 1467 uiolatam
665 1442 865 1480 peneque
884 1429 1189 1467 labefactatam
1211 1429 1449 1471 mittantur,
1472 1427 1579 1465 faxit
1609 1428 1727 1465 Deus

102 1502 203 1551 Opt.
230 1503 343 1541 Max.
368 1502 493 1539 Nunc
516 1514 625 1551 quae
649 1506 830 1548 restant,
858 1503 902 1538 nt
924 1501 1118 1538 breuiter
1140 1499 1497 1551 perstringamus,
1532 1498 1730 1537 z'nstz'futi

98 1573 324 1624 propositi
346 1573 522 1612 ratione
544 1585 896 1611 commonemur.

155 1656 191 1693 3.
254 1646 428 1683 Patrum
459 1649 707 1682 nostrorum
739 1643 902 1682 crebris
933 1642 1302 1681 admonitionibus
1340 1643 1726 1693 concionibusque,

102 1717 183 1755 Dei
214 1729 312 1767 ope,
347 1716 556 1754 effectum
587 1714 734 1761 uideo,
760 1719 804 1752 ut
835 1715 869 1753 si
900 1728 985 1753 non
1017 1713 1245 1753 dominicis
1272 1715 1442 1757 diebus,
1476 1715 1628 1753 saltem
1662 1727 1727 1752 so-

100 1787 380 1826 lemnioribus
410 1786 533 1824 festis
556 1799 721 1826 sacram
750 1787 1055 1825 eucharistiam
1084 1787 1345 1824 sumentium
1378 1799 1582 1825 numerus
1615 1798 1727 1824 cres-

103 1864 184 1897 cat.
210 1859 349 1896 Tanta
371 1856 483 1897 enim
503 1857 692 1895 omnium
716 1862 963 1896 sanctorum
986 1858 1106 1896 feriis
1128 1858 1169 1895 in
1191 1859 1353 1896 sacello
1375 1863 1526 1896 nostro
1550 1858 1642 1896 uisa
1664 1864 1731 1895 est

100 1929 346 1976 multitudo,
369 1935 528 1979 quanta
549 1928 653 1967 alias
674 1941 906 1979 nunquam.
932 1929 1035 1967 Non
1072 1929 1221 1968 minus
1242 1929 1360 1968 enim
1383 1942 1520 1979 qnam
1551 1931 1727 1968 centum

99 2003 138 2040 et
160 2000 499 2053 quinquaginta
522 2003 616 2039 tum
630 1999 780 2052 fnisse
801 2002 921 2039 certo
943 1999 1100 2038 smnus.
1126 2000 1379 2051 Eademque
1406 1999 1571 2051 pietate
1593 2003 1727 2040 hosce

99 2085 323 2123 speramus
350 2072 404 2110 ad
438 2078 602 2111 tantam
632 2085 815 2111 coenam
846 2071 1094 2110 crebriores
1123 2072 1454 2122 paratioresque
1484 2073 1595 2111 fore.
1620 2073 1727 2111 Nam

99 2158 184 2183 non
221 2145 354 2182 multo
390 2144 620 2194 pauciores
661 2149 703 2181 et
738 2143 1103 2194 praesentationis
1150 2144 1541 2195 conceptionisque
1577 2157 1727 2182 sacrae

101 2216 422 2267 Virginis-festo
455 2216 627 2254 diuinae
659 2227 836 2254 mensae
858 2215 1115 2253 accubuisse
1148 2216 1472 2266 conspeximus.
1497 2217 1561 2254 Ac
1594 2217 1728 2254 multo

101 2288 243 2337 plures
278 2285 439 2325 Christi
468 2286 688 2333 natalitiis,
722 2285 779 2323 ita
816 2290 860 2323 ut
892 2285 1029 2323 nostri
1063 2287 1212 2324 Patres
1244 2298 1396 2325 omnes
1427 2286 1516 2337 (qui
1547 2299 1729 2324 numero

102 2371 178 2395 sex
202 2359 318 2402 sunt)
339 2356 566 2395 audiendis
589 2357 778 2395 omnium
801 2356 1150 2395 confessionibus
1173 2357 1245 2394 uix
1269 2357 1538 2396 sufficerent.

154 2440 192 2476 4.
254 2427 597 2478 Quatuordecim
629 2428 772 2467 adhuc
793 2442 954 2475 sumuS,
980 2441 1176 2479 quorum
1198 2429 1286 2467 dno
1318 2428 1450 2468 rebus
1477 2428 1733 2468 domesticis

102 2501 401 2550 occupamur,-
423 2499 628 2538 fratribus
645 2499 803 2538 nostris
825 2499 1010 2538 Claudio
1033 2505 1164 2550 atque
1187 2500 1545 2546 Bartholomaeo,
1569 2499 1642 2549 qui
1658 2513 1732 2537 nu-

102 2585 177 2621 per
207 2570 249 2609 in
272 2570 545 2609 Societatem
567 2570 743 2609 admissi
763 2571 935 2609 fuerant
969 2573 992 2611 ¹,
1027 2570 1215 2609 Parisios
1238 2569 1368 2609 studii
1389 2571 1529 2622 gratia
1550 2571 1602 2609 ad
1633 2583 1732 2609 nos-

104 2648 193 2680 tros
217 2641 371 2680 missis.
397 2641 561 2679 Omnes
583 2642 665 2680 Dei
687 2642 827 2693 gratia
847 2654 1057 2693 prospera
1089 2646 1265 2680 utuntur
1297 2641 1564 2684 ualetudine,
1590 2644 1644 2681 M.
1666 2644 1732 2693 Ja-

105 2714 216 2752 cobo
239 2712 455 2764 Argelier
477 2719 681 2763 excepto,
706 2713 778 2763 qui
800 2713 941 2752 adhuc
963 2719 1171 2764 quartana
1188 2713 1424 2752 detinetur.
1449 2712 1583 2752 Cuius
1604 2713 1733 2752 inter-

106 2797 158 2822 ea
179 2783 369 2822 docendi
399 2783 668 2835 prouinciam
691 2784 746 2823 M.
771 2785 933 2823 Alanus
964 2783 1170 2835 suscepit,
1195 2784 1267 2835 qui
1297 2797 1434 2836 nuper
1458 2785 1630 2823 Lutetia
1650 2785 1734 2822 huc

106 2854 260 2893 missus
282 2855 376 2893 fuit.
403 2855 457 2892 M.
483 2855 690 2894 Nicolaus
714 2856 975 2904 ParidensiS,
1001 2855 1218 2896 oratoriae
1246 2855 1463 2894 facultatis
1493 2856 1731 2907 professor.

107 2924 349 2964 orationem
381 2926 555 2964 latinam
586 2925 734 2964 habuit
764 2927 963 2977 proxime
995 2928 1035 2965 in
1067 2927 1405 2965 claromontensi
1436 2927 1621 2977 synodo,
1651 2940 1735 2976 qua

156 3078 163 3097 ¹
217 3075 282 3114 cf.
305 3076 411 3114 Lz'tt.
433 3076 682 3123 Quadrim„
700 3075 754 3122 V,
773 3075 940 3114 834-835.
