2038 3400
316 234 385 273 254
807 237 1028 277 LITTERAE
1054 237 1415 286 QUADRIMESTRES

268 338 350 376 che
373 338 411 377 ci
431 345 573 390 porta.
612 340 659 378 Li
681 339 898 380 dimandai
920 343 1103 381 un'altra
1120 344 1241 382 uolta
1263 356 1309 382 se
1342 345 1659 384 s'arricordaua
1687 348 1770 386 mai
1791 347 1904 388 della

265 410 470 459 passione
493 411 532 449 di
564 416 716 450 nostro
739 413 855 461 Sre.;
878 414 935 452 mi
956 415 1140 465 rispose:
1166 414 1203 452 O
1234 415 1417 467 figliolo,
1441 422 1603 467 quante
1629 418 1749 456 uolte
1772 420 1903 459 m’ac-

266 481 375 519 cade
406 488 563 534 questo
586 484 655 521 nel
688 485 816 532 letto;
854 491 898 523 et
932 486 1107 537 quando
1140 486 1375 525 considero
1412 488 1494 526 che
1516 487 1568 527 N.
1603 489 1647 527 S.
1681 490 1735 528 ha
1764 493 1901 542 patito

266 559 387 592 tanto
409 567 487 605 per
522 557 610 604 noi,
636 563 680 596 et
703 557 784 595 che
806 557 879 595 noi
900 569 978 608 per
999 569 1121 596 amor
1144 571 1223 597 suo
1255 571 1343 598 non
1371 561 1581 611 pattiamo
1605 573 1709 600 cosa
1731 563 1899 612 alcuna,

263 637 350 663 non
370 638 503 677 posso
536 628 619 666 mai
648 627 743 666 finir
774 628 829 666 de
859 629 1086 680 piangere3
1120 634 1163 667 et
1194 630 1334 668 simile
1365 632 1474 670 altre
1507 645 1628 680 cose,
1663 634 1746 672 che
1767 635 1809 672 in
1844 636 1900 673 mi

264 701 407 735 stesso
430 699 484 737 mi
509 699 730 737 confondo
755 699 946 738 essendo
970 706 1176 751 superato
1200 701 1242 740 in
1266 703 1367 753 ogni
1389 703 1504 741 uirtsi
1527 703 1582 742 da
1603 706 1897 756 quest'homo,

263 782 390 808 corne
422 776 589 810 sancto.
624 772 759 811 Certo
789 772 845 810 mi
875 784 979 823 pare
1010 772 1065 810 da
1086 773 1320 824 raggionar
1342 786 1424 813 con
1447 788 1503 813 un
1526 782 1694 824 sancto,
1725 777 1898 827 quando

263 854 344 880 con
383 854 482 880 esso
515 843 744 894 raggiono.
771 844 883 881 Dice
904 843 1060 882 alcune
1092 844 1213 882 uolte
1235 845 1318 884 alla
1348 858 1426 884 sua
1456 852 1679 895 consorte,
1713 848 1751 886 13
1772 848 1898 899 quale

261 926 365 964 pare
385 927 471 952 non
495 918 619 953 senta
639 919 762 953 tanto
785 915 900 953 bene
923 914 1039 953 delle
1062 928 1167 954 cose
1190 915 1244 954 de
1267 916 1367 965 Dio,
1391 923 1554 969 quanto
1577 919 1650 957 lui:
1676 919 1713 957 O
1730 919 1897 971 paneri-

260 991 393 1033 natu,
413 985 481 1023 chi
500 985 537 1024 ci
555 986 609 1024 ha
626 985 747 1025 datta
764 987 804 1025 la
821 987 974 1035 robba,
994 999 1081 1025 non
1100 989 1122 1025 6
1141 993 1256 1027 stato
1275 988 1421 1029 Iddio?
1439 990 1496 1029 Se
1514 990 1572 1028 lui
1591 992 1613 1028 6
1632 996 1747 1029 stato
1766 992 1897 1030 abun-

260 1056 391 1095 dante
413 1069 543 1095 uerso
576 1056 618 1095 di
647 1057 736 1105 noi,
760 1058 923 1109 perche
956 1058 1177 1109 uogliamo
1213 1059 1287 1098 noi
1310 1072 1459 1098 essere
1491 1061 1741 1100 altrimente
1764 1075 1894 1101 uerso

258 1128 299 1167 di
330 1129 403 1177 lui,
441 1141 529 1167 non
559 1129 746 1168 facendo
772 1129 1000 1169 elimosina
1030 1142 1204 1181 sempre
1226 1131 1297 1169 alli
1320 1134 1491 1182 poueri‚
1515 1131 1688 1183 quando
1711 1135 1894 1173 battono

257 1201 338 1238 alla
358 1206 498 1251 porta,
529 1201 555 1239 li
578 1201 692 1252 quali
714 1206 1029 1253 rapi-esentano
1051 1202 1127 1240 Χ.υ
1148 1201 1414 1242 benedetto?
1436 1204 1520 1242 Per
1542 1204 1606 1243 far
1636 1204 1835 1245 limosina
1858 1207 1894 1245 ci

258 1273 280 1309 6
303 1272 387 1310 mai
409 1272 663 1311 manchato?
686 1273 795 1311 Anci
818 1273 857 1311 la
878 1274 1016 1312 robba
1039 1276 1061 1312 6
1085 1286 1258 1325 sempre
1283 1275 1516 1314 cresciuta.
1542 1276 1688 1328 Dipoi;
1710 1289 1796 1316 non
1820 1290 1893 1316 ue-

255 1342 294 1380 di
318 1348 364 1381 tu
387 1344 467 1382 che
490 1343 560 1395 gia
583 1345 718 1383 siamo
741 1345 929 1394 uecchij.
956 1345 1049 1384 Che
1072 1346 1293 1397 uogliamo
1315 1346 1379 1385 far
1401 1346 1443 1385 di
1461 1347 1619 1387 robba?
1642 1349 1892 1388 Facciamo-

254 1416 286 1453 si
310 1428 366 1453 un
388 1416 569 1454 thesoro
592 1416 633 1454 in
657 1417 786 1464 cielo,
811 1417 837 1455 il
860 1417 988 1469 quale
1009 1417 1230 1468 possiamo
1254 1418 1423 1469 godere
1444 1418 1485 1457 in
1516 1424 1687 1460 eterno.
1711 1421 1764 1459 Et
1786 1422 1891 1460 mol-

254 1492 298 1525 te
330 1488 439 1526 altre
472 1500 576 1526 cose
607 1489 763 1527 simile.
799 1490 970 1539 Questo
1002 1490 1135 1528 homo
1169 1491 1192 1528 6
1223 1502 1300 1541 per
1329 1490 1394 1529 far
1424 1504 1480 1529 un
1516 1504 1622 1542 gran
1652 1505 1889 1544 progresso

253 1560 369 1598 nelle
399 1572 504 1599 cose
527 1559 582 1598 de
613 1560 712 1599 Dio.
746 1561 834 1599 Sua
856 1561 1022 1599 Maesta
1043 1559 1113 1600 dia
1145 1574 1221 1600 sua
1251 1566 1402 1601 sancta
1422 1563 1562 1613 gratia
1583 1575 1607 1601 a
1628 1564 1683 1601 lui
1708 1570 1752 1602 et
1773 1577 1797 1603 a
1817 1566 1891 1604 noi

255 1631 377 1670 accio
395 1631 737 1682 perfettamente
762 1633 802 1671 lo
825 1633 1044 1683 possiamo
1068 1632 1297 1672 immitare.
1324 1634 1449 1672 Altro
1471 1647 1559 1673 non
1583 1647 1766 1674 occorre
1789 1638 1890 1675 scri-

253 1714 359 1740 uere
390 1702 431 1741 in
453 1709 625 1753 questa,
648 1716 695 1742 se
731 1717 818 1742 non
850 1705 931 1743 che
963 1705 1014 1743 V.
1050 1705 1098 1744 R.
1124 1710 1167 1742 et
1190 1705 1292 1743 tutti
1324 1705 1350 1743 li
1380 1705 1478 1744 altri
1509 1706 1635 1745 Padri
1659 1712 1701 1745 et
1732 1708 1890 1747 fratelli

254 1774 496 1813 charissimi
518 1787 670 1825 spesse
694 1776 815 1814 uolte
836 1777 951 1814 nelle
980 1789 1057 1814 sue
1082 1777 1283 1815 oratione
1315 1777 1354 1815 ci
1374 1778 1712 1817 raccomandino
1741 1792 1766 1818 a
1787 1780 1885 1820 Dio.

253 1846 304 1883 Di
327 1847 576 1893 Fraschata,
610 1847 791 1886 l‘ultimo
815 1846 857 1885 di
878 1848 1056 1899 Giugno
1084 1857 1196 1897 1559.
1231 1849 1373 1887 Seruo
1396 1848 1589 1900 indegno
1614 1850 1727 1889 della
1760 1853 1886 1890 Corn-

250 1917 408 1968 pagnia
430 1917 471 1956 di
493 1918 648 1966 Giesn,
673 1923 716 1957 et
739 1919 781 1956 di
803 1919 854 1958 V.
880 1919 928 1958 R.
953 1918 1120 1970 figliolo
1143 1919 1184 1957 in
1207 1920 1282 1958 X.‘'

1465 2046 1716 2086 ORGANTINO
1750 2051 1773 2087 ¹.

329 2150 492 2203 Sigilli
512 2149 771 2203 vestigium.

294 2340 302 2358 ¹
356 2336 580 2374 Brixiensis
599 2336 811 2381 (Breseia);
834 2337 920 2385 ejus
936 2348 1162 2383 cognomen
1179 2336 1344 2374 Gnecco
1363 2338 1467 2379 aliis,
1488 2337 1580 2375 aliis
1599 2337 1736 2376 Soldo.
1759 2339 1879 2378 Nobi·

245 2399 293 2435 lis
313 2403 398 2446 post
419 2397 696 2434 missionarius
715 2397 755 2433 in
770 2396 956 2443 japonia.
978 2396 1046 2433 ubi
1065 2396 1162 2433 obiit
1182 2409 1287 2434 anno
1309 2396 1410 2434 1609.
1439 2396 1545 2434 Huic
1573 2399 1768 2437 maximos
1796 2401 1879 2438 lau-

243 2459 313 2495 des
331 2458 513 2494 tribuunt
533 2469 673 2494 ornnes
691 2456 816 2493 nostri
836 2457 903 2502 qui
919 2457 968 2492 de
989 2456 1178 2493 missione
1196 2457 1382 2505 japoniea
1401 2458 1664 2504 scripserunt.
1687 2457 1751 2496 Cf.
1773 2460 1878 2497 inter

241 2518 341 2555 alios
356 2517 609 2564 jovam-cmm,
632 2516 797 2554 Hc‘stor.
818 2516 908 2552 Soc.
924 2515 1049 2561 Jesn,
1070 2522 1175 2562 part.
1201 2516 1252 2559 V,
1270 2522 1363 2553 tom.
1385 2522 1533 2563 poster.
1554 2518 1621 2554 lib.
1644 2517 1740 2560 ΧΧ,
1761 2532 1797 2555 11.
1815 2520 1874 2565 41,

242 2590 334 2625 pag.
356 2576 438 2613 630.
