2038 3400
325 262 395 303 976
806 260 1023 303 LITTERAE
1049 263 1405 311 QqumMEsTREs

279 382 371 406 mus
395 375 418 407 ¹.
445 369 714 419 Frequentes
737 374 835 407 sunt
852 368 1026 419 quidem
1044 368 1125 406 hac
1145 381 1233 406 non
1248 372 1417 407 tantum
1439 368 1493 407 ab
1515 367 1779 420 aduersarijs
1799 368 1902 409 hae·

278 441 440 486 reticis,
465 441 543 479 sed
567 442 695 479 etiam
728 439 954 479 catholicis
984 440 1111 478 nobis
1141 439 1303 479 illatae.
1338 440 1447 479 Nam
1479 440 1624 479 statim
1646 454 1670 479 a
1689 440 1900 493 principio

276 513 521 550 scholarum
544 520 789 563 apertarum
814 512 959 550 odium
989 513 1249 551 clericorum
1280 512 1515 551 maximum
1545 512 1792 552 incidimus.
1825 515 1902 552 Fa-

277 596 385 621 mam
411 589 601 622 nostram
625 585 769 622 multis
792 584 1031 633 mendacijs
1053 583 1286 635 denigrare
1303 596 1456 634 parum
1471 585 1587 623 forte
1605 585 1795 632 uidetur,
1814 585 1900 624 imo

276 659 320 691 et
343 655 581 692 haereseos
603 668 682 693 nos
700 655 946 693 insimulare
965 654 1128 693 audent
1145 655 1260 706 apud
1275 656 1524 706 praesulem
1540 655 1849 707 frisingensem
1871 660 1899 703 ²,

276 726 352 764 sed
373 732 417 764 et
448 725 620 776 scriptis
650 726 834 764 subinde
870 726 1075 776 nequiter
1110 727 1443 775 consarcinatis,
1474 727 1675 766 fauorem
1697 727 1903 779 principis

276 798 401 835 nobis
423 798 594 836 auferre
618 804 844 837 conantur.
870 799 1017 837 Taceo
1040 799 1157 849 quod
1179 799 1413 849 aliquoties
1435 799 1589 838 sedem
1611 799 1902 838 confessionis

277 875 320 906 et
343 882 510 907 sacrum
532 870 666 908 altare
690 870 945 909 foedissime
964 871 1310 922 conspurcarint,
1329 871 1464 910 falsos
1482 884 1682 910 rumores
1700 871 1755 910 de
1776 871 1902 909 nobis

276 940 315 977 in
340 941 496 991 uulgus
520 940 770 989 effuderint,
800 942 1004 991 ueneficij
1028 955 1108 980 nos
1131 948 1175 980 et
1206 942 1398 981 cuiusuis
1421 943 1612 981 criminis
1633 955 1733 982 reos
1754 943 1902 981 facere

277 1012 600 1050 contenderint.
640 1013 730 1050 Nos
766 1026 889 1061 uero,
928 1019 974 1051 ut
1008 1014 1260 1065 petulantes
1290 1014 1460 1065 linguas
1491 1015 1901 1065 comprimeremus,

275 1084 413 1133 gratia
434 1084 597 1122 Christi
618 1083 733 1131 freti,
758 1085 828 1134 qui
861 1086 1114 1124 consolatur
1143 1098 1226 1124 nos
1246 1085 1288 1123 in
1312 1084 1428 1124 omni
1462 1086 1730 1124 aduersitate
1752 1087 1780 1132 ³,
1804 1086 1902 1124 bre-

276 1156 400 1193 uibus
422 1155 641 1206 responsis
672 1156 785 1207 apud
816 1157 1152 1196 illustrissimum
1189 1157 1347 1196 ducem
1382 1163 1593 1208 purgatos
1625 1157 1899 1196 confidimus.

276 1227 465 1275 Reliquis
487 1240 595 1265 uero
618 1241 703 1266 non
727 1233 814 1266 tam
836 1228 998 1276 uerbis,
1022 1242 1150 1279 quam
1172 1229 1298 1268 factis
1320 1229 1593 1280 respondere
1615 1242 1831 1277 curamus,
1856 1235 1902 1268 ut

273 1299 313 1335 in
336 1311 390 1336 eo
412 1299 529 1348 quod
551 1300 802 1338 detrectant
823 1301 877 1339 de
899 1301 1026 1340 nobis
1048 1306 1252 1351 tanquam
1273 1301 1328 1339 de
1350 1301 1723 1349 malefactoribus,
1749 1314 1803 1339 ex
1825 1302 1902 1339 bo-

272 1370 336 1408 nis
373 1371 579 1421 operibus
614 1371 945 1411 considerantes
976 1373 1226 1424 glorificent
1249 1374 1423 1411 Patrem
1455 1381 1474 1398 a
1507 1374 1550 1412 in
1580 1372 1651 1411 die
1687 1372 1901 1412 visitatio-

276 1442 340 1479 nis
361 1446 388 1480 ⁴.
415 1443 546 1492 Quod
567 1449 783 1494 superest,
809 1445 856 1482 R.
881 1445 923 1482 in
945 1445 1020 1483 X.0
1042 1446 1130 1492 Pr„
1154 1458 1233 1483 nos
1256 1451 1495 1495 nostraque
1520 1446 1664 1484 omnia
1690 1459 1788 1484 curn
1811 1445 1902 1484 Mo-

273 1513 428 1553 nachio
451 1519 495 1552 et
518 1516 701 1554 Bauaria
721 1522 873 1555 nostra
908 1516 1090 1568 eiusque
1126 1529 1225 1555 cum
1259 1517 1409 1569 primis
1445 1518 1664 1556 catholico
1687 1518 1899 1569 principe,

272 1587 553 1626 sanctissimis
575 1588 623 1626 R.
647 1593 750 1626 tuae
772 1601 822 1627 ac
845 1589 980 1627 totius
1016 1589 1231 1628 Societati
1268 1588 1543 1628 orationibus
1566 1590 1694 1628 enixe
1717 1589 1759 1627 in
1783 1590 1894 1628 Dno.

272 1658 470 1708 cupimus
493 1660 839 1699 commendatos.
867 1661 1082 1710 Monachij
1112 1661 1227 1710 1560,
1250 1673 1275 1710 4
1296 1661 1479 1700 Calend.
1500 1661 1708 1713 Januarij.

354 1778 448 1817 Fol.
472 1779 528 1827 48
548 1792 588 1817 v.
621 1782 649 1830 †
680 1779 854 1818 Literae
877 1779 1221 1830 quadrimestres
1243 1792 1297 1817 ex
1321 1780 1569 1819 Monaehio.

318 1988 338 2007 ²¹
386 1988 511 2034 Quae
528 1993 774 2035 sequuntur
792 2000 930 2026 manu
955 1989 1001 2026 Ρ.
1031 1990 1065 2026 T
1062 1990 1285 2027 heodorici
1305 1991 1335 2027 C
1334 1992 1474 2030 anisii
1488 1992 1651 2037 scripta
1671 1991 1895 2028 videntur.

384 2193 447 2230 Cf.
470 2195 596 2237 ΗΘΜ,
621 2192 673 2235 V,
693 2192 728 2228 3.

383 2252 599 2289 Mauritius
618 2265 641 2289 a
660 2251 882 2289 Sandizell.

384 2311 747 2354 Cf,11C01e.‚1.4.

383 2373 446 2411 Cf.
468 2373 483 2410 I
504 2373 646 2415 Pam..
667 2373 716 2413 Ιῖ,
741 2372 795 2409 12.

318 2375 330 2393 b
319 2314 332 2333 ω
319 2254 332 2273 'G-
321 2195 328 2213 ¹—
