2038 3400
361 224 433 263 892
830 229 1048 267 LITTERAE
1073 231 1431 277 QUADmMEsTREs

317 331 703 382 quadragesimae
720 333 851 381 finem
868 336 1098 373 sexcentos
1111 334 1216 385 fere
1246 348 1412 374 aureos
1442 336 1650 375 collectos
1670 349 1759 375 esse
1778 336 1823 375 in
1842 350 1942 376 con-

317 400 522 440 cionibus
544 404 664 442 PriS.
700 404 981 444 audiuimus.
1016 405 1147 455 Quod
1177 406 1352 456 quidem
1383 407 1510 445 tanto
1545 408 1787 458 promptius
1807 408 1942 446 liben-

316 472 489 524 tiusque
512 474 565 513 ab
601 476 800 514 omnibus
836 477 929 515 fieri
965 477 1154 525 uidetur,
1192 478 1446 529 integritate
1477 477 1685 517 uidelicet
1706 479 1942 518 Societatis

315 549 493 583 nostrae
528 553 776 598 perspecta,
802 552 845 586 et
868 547 957 586 Rdi
978 549 1165 587 maxime
1200 550 1340 588 nostri
1362 549 1471 599 Prjs.
1492 549 1722 600 probitate
1743 552 1783 589 et
1804 550 1941 589 since-

317 617 444 656 ritate
464 620 754 669 deprehensa,
774 621 846 671 qui
865 626 909 658 et
926 620 1190 672 stipendium
1212 621 1368 660 LXXX
1387 634 1621 660 aureorum
1640 623 1943 661 concionatori

315 688 578 728 destinatum
603 692 679 729 S.ti
708 691 911 742 Apostoli
941 692 1122 744 respuit,
1159 693 1353 744 nihilque
1386 706 1465 745 pro
1502 707 1549 732 se
1581 707 1719 733 suoue
1751 695 1940 746 collegio

314 775 501 811 unquam
523 764 776 813 postulauit,
801 771 819 788 a
840 777 1020 802 munera
1040 778 1132 803 non
1153 765 1340 816 accepit,
1366 766 1385 790 b
1415 770 1572 804 noctes
1599 765 1781 816 diesque
1803 767 1941 805 infati-

314 834 516 883 gabiliter
537 847 615 884 pro
638 835 741 885 ipsis
763 834 1012 883 desudauit,
1036 849 1121 887 quo
1144 836 1260 874 facta
1282 841 1350 874 est
1377 843 1394 862 c
1426 849 1531 888 erga
1550 837 1821 876 Societatem
1845 840 1939 876 tan-

314 906 358 942 ta
379 904 721 944 beneuolentiae
745 912 790 944 et
812 906 1037 945 charitatis
1073 907 1308 946 multorum
1343 909 1557 955 accessio,
1595 909 1646 946 ut
1679 908 1760 947 uix
1794 908 1942 948 dicere

308 978 498 1026 possem.

366 1049 404 1087 ὁ.
466 1049 667 1100 Augetur
688 1050 731 1088 in
763 1050 857 1089 dies
889 1051 1122 1089 multitudo
1156 1064 1307 1090 eorum
1338 1052 1411 1103 qui
1437 1052 1522 1090 huc
1548 1052 1601 1091 ad
1623 1052 1942 1104 abstergendas

312 1121 549 1159 animarum
573 1135 745 1160 suarum
767 1123 890 1161 labes
912 1129 1193 1171 concurrunt,
1213 1124 1370 1173 quibus
1393 1125 1592 1163 omnibus
1609 1125 1810 1163 satisfieri
1826 1138 1940 1176 pene

313 1192 583 1243 impossibile
616 1198 697 1241 est,
730 1194 811 1232 nisi
843 1195 1125 1234 sacerdotum
1155 1195 1352 1234 similiter
1383 1201 1554 1234 crescat
1574 1209 1797 1235 numerus.
1821 1197 1941 1235 Vnus

314 1277 368 1301 ex
390 1264 458 1313 ijs,
483 1278 593 1314 quos
616 1265 687 1304 hic
707 1265 934 1313 habemus,
960 1267 1175 1314 Patribus,
1197 1268 1250 1306 ab
1281 1267 1511 1318 epiphania
1541 1280 1678 1318 usque
1709 1267 1763 1306 ad
1789 1274 1940 1319 pente-

313 1341 468 1374 costen
491 1336 665 1375 audisse
693 1338 843 1376 retulit
865 1337 885 1362 d
907 1343 1084 1376 centum
1106 1338 1420 1390 quinquaginta
1437 1339 1742 1377 confessiones
1759 1352 1940 1391 genera-

312 1408 376 1445 les
394 1415 411 1433 θ
434 1413 477 1446 et
495 1422 548 1447 eo
565 1410 762 1460 amplius,
778 1423 962 1460 quorum
988 1410 999 1434 f
1018 1411 1135 1448 bona
1149 1423 1248 1462 pars
1263 1411 1516 1449 inchoatum
1529 1423 1702 1449 cursum
1717 1413 1941 1462 prosequi-

313 1486 396 1528 tur,
421 1481 681 1521 confitentes
702 1489 724 1515 g
740 1482 914 1521 crebius
935 1483 954 1507 ¹¹
972 1484 1319 1532 coelestiumque
1348 1483 1570 1534 epularum
1601 1483 1852 1522 conuiuium
1873 1496 1941 1522 ac-

313 1552 521 1592 cedentes
543 1552 553 1578 ¹
572 1555 885 1603 perseuerant.
912 1555 1213 1604 Quamobrem
1237 1567 1314 1593 oro
1337 1559 1467 1604 atque
1487 1555 1674 1593 obsecro
1693 1555 1801 1593 Ram
1820 1556 1940 1595 Ρ.ῒθΙΙΙ

310 1630 443 1673 tuam,
468 1631 513 1663 ut
535 1626 646 1664 alias
674 1626 685 1658 J'
709 1626 852 1665 adhuc
880 1639 1038 1677 operas
1080 1627 1156 1664 kin
1188 1631 1276 1664 tam
1308 1627 1490 1664 uberem
1521 1639 1712 1665 messem
1731 1626 1939 1675 destinet;

311 1710 459 1735 sumus
483 1697 595 1735 enim
618 1698 748 1736 tantis
771 1697 952 1736 distenti
976 1697 1352 1749 occupationibuS,
1378 1699 1498 1748 quod
1518 1697 1528 1722 1
1553 1711 1577 1736 a
1597 1699 1818 1749 plerisque
1845 1699 1940 1748 alijs

311 1767 547 1806 Societatis
576 1769 735 1818 officijs
766 1769 941 1820 saepius
971 1781 1214 1808 auocamur
1249 1777 1294 1808 ΞΠ.
1328 1769 1450 1807 Multi
1466 1782 1518 1808 ea
1538 1776 1720 1821 propter
1742 1783 1940 1821 magnam

309 1838 600 1890 frequentiam
634 1840 882 1879 inconsulti
913 1841 1076 1881 abeunt
1094 1848 1130 1888 ¹1,
1167 1841 1271 1891 nullj
1308 1847 1327 1866 ⁰
1349 1841 1616 1890 xenodochij
1649 1841 1845 1880 infirmos
1872 1854 1939 1880 so-

310 1910 402 1959 lari,
427 1912 496 1949 uel
519 1911 762 1951 rarissime
783 1920 802 1946 1³
819 1911 1056 1962 contingit,
1081 1918 1154 1951 aut
1177 1925 1255 1951 eos
1277 1913 1350 1964 qui
1369 1912 1411 1951 in
1433 1925 1613 1951 carcere
1644 1912 1814 1951 detenti
1841 1917 1939 1951 sunt

310 1984 363 2021 ad
383 1984 701 2034 poenitentiam
731 1985 898 2022 hortari
920 1991 954 2022 q.
979 1984 1221 2023 Nobiscum
1251 1986 1477 2036 praeclare
1508 1989 1652 2023 actum
1684 1984 1873 2032 uidetur,
1905 1986 1939 2023 si

310 2055 512 2094 assiduis
547 2057 802 2094 multorum
833 2056 1045 2107 precibus
1074 2055 1249 2096 nostris
1279 2056 1465 2096 aedibus
1500 2056 1869 2107 responderimus
1903 2064 1936 2096 ¹.

310 2129 492 2165 Praeter
514 2128 561 2165 R.
589 2128 696 2165 Pris.
720 2128 858 2177 nostrj
884 2129 1139 2176 conciones,
1165 2140 1249 2180 ego
1272 2128 1315 2166 in
1344 2128 1509 2180 templo
1537 2134 1688 2166 nostro
1707 2128 1887 2180 perlegi
1907 2136 1936 2172 S,

308 2211 422 2237 nunc
444 2211 551 2237 uero
575 2211 701 2237 mane
725 2199 985 2238 concionem
1008 2200 1168 2246 habeo,
1194 2213 1278 2238 non
1302 2200 1464 2251 exiguo
1495 2199 1770 2238 *auditorum
1790 2213 1938 2238 nume-

309 2284 372 2309 ro.
398 2272 493 2310 Hac
513 2283 690 2322 quoque
713 2270 1048 2323 quadragesima
1065 2272 1131 2310 bis
1148 2273 1436 2311 concionatus
1458 2285 1551 2310 sum
1572 2271 1752 2323 singulis
1772 2272 1938 2310 hebdo-

307 2342 443 2380 madis
459 2342 502 2380 in
519 2343 571 2380 D.
594 2342 722 2391 Blasij
742 2343 852 2381 aede
872 2350 892 2368 ¹²
913 2343 1188 2391 monialibus,
1207 2356 1317 2395 quae
1335 2343 1392 2382 ibi
1410 2345 1597 2381 Domino
1617 2343 1828 2390 seruiunt,
1847 2356 1939 2382 non

306 2414 417 2461 sine,
442 2420 489 2453 ut
510 2414 734 2463 conijcere
769 2415 909 2464 potuj,
935 2415 1091 2466 aliquo
1113 2423 1132 2441 v
1154 2428 1302 2454 earum
1329 2415 1491 2463 fructu3
1515 2414 1743 2466 siquidem,
1777 2419 1823 2454 ut
1853 2415 1939 2454 hoc

308 2486 478 2536 ejsdem
501 2489 631 2527 etiam
652 2495 903 2539 praestetur
925 2501 949 2526 a
971 2500 1039 2526 me
1059 2488 1188 2527 enixe
1210 2488 1501 2539 postularunt,
1521 2487 1639 2538 quod
1657 2487 1796 2527 etiam
1809 2488 1937 2540 face-

355 2694 373 2712 a
411 2698 498 2723 nec.
553 2707 576 2710 —
597 2687 617 2711 b
643 2690 682 2722 et
700 2690 852 2722 tamen.
907 2694 970 2712 —0
992 2686 1119 2723 maior
1149 2698 1271 2732 quam
1305 2691 1347 2722 vt
1377 2699 1400 2722 a
1420 2698 1483 2722 me
1503 2685 1579 2722 dici
1599 2686 1736 2732 possit.
1789 2707 1819 2711 —
1838 2687 1854 2712 ‘³
1878 2700 1933 2723 se.

308 2755 371 2772 —e
393 2746 431 2783 id
448 2750 508 2783 est
528 2747 636 2783 vitae
657 2746 778 2783 totius
797 2751 1026 2784 anteactae.
1063 2747 1123 2771 -f
1154 2745 1252 2783 Del.
1273 2746 1327 2782 ab
1346 2749 1462 2782 auct.
1492 2745 1622 2782 multi.
1659 2753 1728 2779 -g
1749 2746 1935 2783 confiten*

305 2806 367 2843 do.
422 2807 488 2831 —h
511 2811 550 2843 et
582 2805 647 2844 ad.
717 2808 774 2833 ——i
803 2806 1045 2843 accedendo.
1116 2806 1170 2838 —J‘
1201 2806 1314 2843 alios.
1386 2806 1453 2830 —k
1493 2805 1712 2852 operarios.
1782 2806 1841 2830 —1
1879 2811 1933 2844 vt.

305 2874 385 2892 —111
406 2877 639 2903 auoeemur.
704 2873 773 2891 —11
793 2877 837 2902 re
855 2865 1005 2903 infecta
1024 2867 1233 2904 recedunt.
1298 2873 1364 2891 —0
1385 2865 1523 2903 Prius
1540 2865 1689 2902 nullus.
1710 2865 1805 2903 Pol.
1827 2866 1934 2903 add.

306 2938 356 2962 ex
374 2926 521 2963 nostris
539 2925 607 2963 vel
625 2925 857 2963 rarissimis.
911 2935 977 2960 —P
999 2926 1094 2964 Del.
1116 2926 1170 2963 ab
1189 2929 1303 2963 auct.
1324 2930 1470 2973 potest.
1521 2932 1587 2959 -q
1609 2929 1739 2962 vacat.
1794 2933 1857 2951 -r
1885 2927 1935 2963 ad

302 2991 461 3022 nostras
479 2985 602 3022 aedes
623 2985 878 3022 venientibus
896 2985 1228 3023 satisfecerimus.
1283 2994 1344 3012 —S
1364 2997 1501 3023 sacras
1519 2984 1716 3022 lectiones
1733 2986 1932 3033 praelegi.

307 3049 367 3073 -t
392 3058 495 3083 eum.
550 3053 618 3072 -11
633 3045 770 3083 Prius
788 3045 945 3083 aedem.
998 3054 1064 3072 -v
1084 3059 1165 3084 non
1182 3046 1282 3083 sine.
