2038 3400
597 198 883 237 225.—GENUA
920 198 943 236 6
973 198 1069 245 JAN.
1104 198 1194 234 1539
1617 201 1663 238 23

133 301 170 339 6.
233 300 365 350 Quod
387 299 440 338 ad
461 299 733 350 gymnasium
761 303 957 336 nostrum
979 297 1150 343 attinet,
1182 296 1292 334 scias
1323 298 1453 335 velim
1476 297 1709 348 discipulo>v

83 384 233 409 omnes
255 371 327 420 qui
349 371 427 408 sub
443 374 598 408 nostra
620 368 844 419 disciplina
866 366 1092 406 erudiendi
1114 366 1259 404 traditi
1286 371 1398 413 sunt,
1429 368 1500 418 qui
1535 378 1606 415 170
1636 368 1709 405 irn-

80 442 199 492 plent
234 453 476 487 numerum,
515 440 555 477 in
586 444 771 489 quatuor
794 440 956 477 classes
988 438 1174 476 diuissos
1212 450 1324 484 esse,
1349 438 1503 488 quibus
1525 444 1708 488 quatuor

80 517 286 563 praesunt
307 514 637 562 praeceptores.
662 510 728 547 De
749 522 932 560 quorum
956 521 1059 546 cura
1081 514 1124 546 et
1145 507 1344 558 flagranti
1371 520 1519 545 amore
1553 509 1595 545 111
1630 509 1710 545 illis

81 582 330 621 erudiendis
353 582 501 620 dicere
523 593 898 631 superuacaneum
921 579 1040 627 duxi3
1071 580 1157 617 hoc
1187 584 1308 617 certe
1332 592 1416 617 vno
1440 587 1456 603 ’ἃ
1480 580 1550 617 vel
1578 580 1708 617 maxi·

81 667 150 692 me
171 655 357 705 perspici
388 665 519 704 posse
543 666 694 691 eorum
729 651 982 690 industriam
1013 651 1279 697 existimans,
1304 651 1421 701 quod
1457 663 1637 700 magnos
1670 651 1707 688 ’111

81 724 189 772 dies,
228 738 324 763 611111
356 725 508 771 literis,
543 729 633 762 tum
655 723 848 761 moribus
870 723 1000 760 etiam
1021 734 1281 773 progressus
1304 721 1501 771 discipuli
1523 723 1541 746 b
1564 722 1709 759 facere

81 797 299 835 videntur.
324 796 514 847 Singulis
537 795 667 833 etiam
698 795 920 832 mensibus
941 798 1123 844 peccata
1144 792 1304 830 nostris
1326 792 1629 830 sacerdotibus
1652 793 1710 830 111-

80 872 207 918 tegre
228 868 442 918 aperiunt,
469 872 512 904 et
534 867 720 917 genibus
749 866 876 903 flexis
898 866 950 903 ab
972 864 1141 902 illorum
1165 862 1418 914 parentibus
1440 862 1612 901 veniam
1634 864 1708 900 hu-

81 939 239 976 militer
259 943 460 989 poscunt,
485 938 746 989 pollicentes
768 949 814 975 se
836 936 878 974 111
899 941 1125 987 posterum
1147 934 1447 985 diligentiores
1474 935 1643 972 futuros
1668 938 1709 971 et

81 1010 337 1060 paratiores,
363 1014 409 1046 ut
430 1010 547 1047 laeto
571 1009 713 1046 animo
736 1005 939 1058 quicquid
960 1006 1129 1057 negotii
1145 1011 1218 1044 aut
1241 1006 1386 1043 0116113
1407 1005 1487 1043 sibi
1518 1006 1707 1055 impona-

80 1087 163 1127 tur,
190 1081 311 1118 obire
332 1080 515 1130 possint.
542 1078 671 1129 Quod
693 1084 896 1129 quantam
918 1077 1073 1116 afferat
1097 1081 1139 1114 et
1161 1075 1492 1114 admirationem
1513 1075 1707 1126 patribus

81 1158 124 1191 et
145 1151 353 1190 laetitiam
375 1163 462 1189 non
482 1151 610 1189 facile
633 1150 752 1189 dictu
770 1155 851 1188 est.
876 1149 1002 1187 Adde
1026 1148 1269 1186 orationem
1287 1161 1414 1185 vnam
1432 1153 1506 1184 aut
1527 1148 1707 1185 alteram

82 1223 261 1274 singulis
282 1221 503 1260 mensibus
524 1222 676 1260 haberi
697 1222 750 1259 ab
772 1233 858 1259 vno
883 1233 938 1258 ex
960 1219 1180 1270 discipulis
1202 1219 1243 1256 in
1264 1219 1376 1257 aede
1398 1219 1588 1269 Virginis
1624 1220 1708 1256 Ma-

79 1295 155 1332 tris
176 1298 275 1345 post
296 1294 551 1340 lectionem,
576 1292 630 1331 de
653 1292 854 1331 doctrina
875 1291 1122 1337 christiana,
1148 1291 1219 1327 vel
1246 1289 1387 1340 aliqua
1417 1289 1498 1327 alia
1519 1289 1574 1327 de
1597 1302 1642 1326 re
1667 1294 1709 1327 et

78 1364 224 1417 pueris
260 1370 303 1403 et
340 1365 433 1403 aliis
466 1364 611 1411 etiam,
648 1363 720 1414 qui
748 1363 979 1409 intersunt,
1017 1359 1409 1407 accommodatam3
1432 1372 1543 1410 quae
1567 1360 1710 1397 onmia

77 1437 202 1485 fiunt,
240 1442 287 1475 ut
321 1436 459 1487 magis
489 1434 801 1486 discipulorum
836 1432 965 1472 animi
999 1433 1053 1471 ad
1086 1432 1234 1471 literas
1270 1431 1562 1482 capessendas
1594 1432 1708 1470 exci-

79 1512 241 1546 tentur.

131 1589 167 1628 7.
227 1576 336 1616 Illud
373 1583 496 1616 certe
527 1576 700 1615 silentio
731 1589 819 1614 non
851 1576 1213 1627 praetermittam,
1237 1575 1355 1626 quod
1385 1575 1426 1612 in
1460 1580 1708 1612 nostrorum

77 1649 319 1688 studiorum
344 1647 722 1700 redintegratione
750 1648 836 1686 hoc
856 1660 968 1685 anno
993 1660 1090 1685 611111
1121 1660 1278 1698 magna
1299 1645 1433 1684 totius
1462 1659 1575 1696 pene
1608 1645 1709 1684 ciui-

77 1722 177 1759 tatis
199 1721 486 1759 admiratione
517 1720 725 1758 effectum
759 1723 840 1758 est.
867 1719 1237 1757 Adolescentulus
1259 1718 1432 1769 quidam
1465 1731 1519 1756 ex
1549 1719 1709 1756 nostris

78 1793 314 1843 discipulis,
339 1792 559 1830 nobilibus
582 1796 703 1829 ortus
724 1790 991 1841 parentibus,
1015 1803 1103 1828 non
1131 1789 1267 1827 maior
1289 1802 1415 1839 quam
1446 1801 1608 1827 nouem
1639 1802 1709 1826 an-

78 1877 247 1911 norum,
279 1863 545 1901 luculentam
562 1862 713 1900 habuit
731 1861 975 1900 orationem
993 1860 1348 1912 deprouidentia
1366 1861 1447 1898 Dei
1463 1860 1504 1897 in
1528 1861 1578 1898 D.
1601 1862 1706 1897 Lau-

78 1935 206 1974 rentii
225 1935 393 1986 templo
417 1934 552 1985 (quod
584 1947 797 1971 summum
829 1945 927 1970 esse
957 1933 1000 1970 in
1030 1933 1112 1971 hac
1134 1933 1241 1970 urbe
1272 1937 1345 1969 tua
1374 1932 1613 1982 paternitas
1636 1945 1710 1969 no-

78 2008 173 2057 uit),
207 2012 327 2045 tanta
363 2012 407 2044 et
429 2010 581 2057 gestus
603 1999 836 2042 venustate
870 2008 912 2042 et
948 2004 1165 2042 suauitate
1200 2003 1338 2050 uocis,
1365 2006 1410 2040 ut
1434 2016 1586 2042 omnes
1616 2003 1709 2040 fere

81 2080 211 2117 etiarn
234 2078 524 2124 detractores,
548 2077 583 2114 si
604 2076 677 2126 qui
692 2082 805 2123 sunt,
830 2076 902 2126 qui
923 2080 1071 2113 tamen
1090 2076 1219 2125 pauci
1240 2078 1354 2120 sunt,
1377 2074 1624 2125 paedagogi
1651 2072 1710 2111 ni-

79 2151 232 2189 mirum
261 2155 305 2188 et
335 2147 545 2200 magistri,
568 2148 609 2185 in
640 2147 870 2185 maximam
902 2146 1093 2197 rapuerit
1123 2145 1470 2184 admirationem.
1496 2145 1582 2195 Qui
1612 2157 1709 2182 cum

81 2223 307 2273 eleganter
339 2226 383 2258 et
418 2217 662 2270 composite
692 2222 959 2269 perorasset,
990 2218 1171 2256 lllmum.
1202 2216 1359 2255 ducem
1379 2220 1385 2238 ¹
1407 2222 1450 2254 et
1481 2221 1710 2254 senatores

77 2294 168 2344 (qui
188 2293 444 2343 frequentes
466 2296 780 2337 conuenerant,
806 2296 926 2328 tanta
951 2302 1031 2327 nos
1052 2294 1375 2340 prosequuntur
1397 2286 1710 2326 beneuolentia

79 2371 123 2403 et
143 2362 432 2412 humanitate)
463 2362 701 2400 exhortans
724 2366 785 2408 ut,
809 2360 864 2399 ad
893 2360 1182 2399 imitationem
1213 2359 1295 2398 Dei
1331 2359 1481 2411 optimi
1516 2359 1707 2406 maximi,

78 2448 190 2486 quae
211 2434 266 2472 ad
286 2434 412 2472 huius
436 2432 624 2471 ciuitatis
654 2431 859 2470 foelicem
882 2430 1301 2469 administrationem
1331 2431 1553 2481 pertinere
1588 2429 1709 2468 vide—

80 2507 252 2552 bantur,
276 2504 496 2555 sapienter
530 2502 833 2553 prouidereut,
871 2506 914 2540 et
949 2514 1060 2553 quae
1091 2502 1144 2540 ad
1167 2507 1469 2540 ornamentum
1491 2507 1706 2552 spectant,

81 2580 402 2628 compararent3
421 2574 611 2613 surrexit
627 2573 772 2612 statim
790 2571 1026 2624 discipulus
1047 2573 1172 2621 alter,
1196 2573 1335 2611 minor
1352 2572 1528 2624 quidem
1551 2578 1595 2610 et
1616 2585 1709 2610 601-

126 2761 145 2780 a
197 2761 340 2808 Super
356 2765 468 2798 certe
489 2762 552 2797 est
569 2760 716 2797 littera
733 2758 758 2796 b
777 2759 824 2795 in
842 2767 922 2795 ms.
945 2761 987 2795 et
1001 2762 1136 2804 super
1153 2770 1231 2794 vno
1251 2758 1398 2795 littera
1417 2770 1452 2794 a.

125 2822 146 2847 b
182 2820 336 2858 Praec.
356 2831 396 2857 v.
416 2824 554 2866 supra
573 2829 682 2856 vers.

133 3012 141 3031 ¹
193 3010 340 3048 Petrus
353 3009 533 3057 joannes
552 3009 739 3056 Ciavega
758 3008 874 3047 Cibo.
