2038 3400
592 254 905 295 351.—PAR1511S
929 257 952 294 6
978 253 1138 294 MARTII
1168 255 1258 293 1560
1611 258 1680 296 547

112 355 379 395 Cardinalis
399 358 738 410 Lotharz'ngiae
749 359 1065 411 jlluszfrissimj
1088 359 1095 378 ¹
1126 359 1299 407 literas,
1325 373 1437 410 quas
1460 361 1594 398 Fam·
1619 363 1727 400 Pon-

110 426 172 466 tio
201 428 483 478 scriptzftrmn
511 442 555 469 se
580 431 809 480 promisit,
846 433 890 469 vt
912 430 1141 481 dispositis
1163 431 1462 478 consiliam'is,
1497 434 1535 471 et
1559 433 1730 471 abiecta

111 500 235 551 omnj
269 499 671 552 tergiuersatione,
697 501 900 541 Societas
930 503 1110 541 tandem
1145 501 1193 540 in
1231 501 1436 541 Galliam
1470 503 1732 541 vninersam

110 570 427 622 diffundatur.
467 573 722 623 Diplomatis
758 574 977 612 confectio
1019 579 1194 612 centum
1229 574 1541 625 quinquaginta
1575 574 1732 612 francis

109 641 282 679 addicta
316 648 425 689 erat3
465 643 543 681 sed
575 643 855 693 jllustrissimj
894 644 1132 683 Cardinalis
1169 645 1475 695 Lotharingiae
1499 646 1733 683 liberalitas

111 713 254 750 omnia
273 713 408 764 gratis
430 714 609 752 confieri
632 715 864 753 mandauit.
890 716 972 754 Hic
995 715 1150 766 dignus
1173 720 1254 762 est,
1286 717 1354 754 Pr.
1394 706 1572 766 optime,
1605 731 1733 767 quem

111 797 261 822 omnes
282 784 323 822 in
345 784 572 822 Societate
596 787 781 824 maxime
804 787 843 824 in
867 787 954 824 suis
977 787 1199 825 sacrificiis
1222 793 1265 824 et
1286 788 1488 837 precibus
1516 800 1734 825 commen-

111 855 257 893 datum
279 856 484 903 habeant,
510 863 599 894 tum
623 858 791 896 Galliae
814 859 949 896 totius
971 859 1161 905 nomine,
1186 871 1296 908 quae
1318 858 1450 896 hodie
1473 864 1539 897 est
1569 859 1610 897 in
1643 860 1735 897 eius

110 926 415 965 moderatione
446 929 705 976 constituta,
743 934 834 967 tum
870 930 999 967 etiam
1039 930 1299 977 Societatis,
1342 930 1409 979 cuj
1451 930 1570 968 fauet
1608 931 1735 981 pluri-

110 1011 239 1036 mum.
266 998 396 1036 Rflam
420 1000 466 1036 P.
491 999 540 1037 T.
567 1000 862 1047 obsecramus,
888 1006 933 1038 vt
954 1000 1072 1039 illum
1096 1001 1269 1051 saepius
1289 1002 1477 1039 omniurn
1498 1002 1673 1039 Patrum
1692 1007 1735 1038 et

109 1068 288 1106 fratrum
312 1069 592 1107 commendet
615 1070 899 1109 orationibus.

162 1151 200 1188 4.
260 1141 325 1178 De
366 1141 554 1191 collegio
597 1142 824 1192 erigendo,
868 1142 1237 1180 constituendoue
1278 1155 1375 1180 cum
1416 1156 1538 1193 spem
1573 1148 1735 1194 augeat

111 1209 199 1248 Rp,
230 1211 434 1249 antistitis
469 1212 784 1262 claromontanj
822 1214 833 1232 ²
863 1214 948 1251 huc
978 1226 1033 1251 ex
1064 1213 1278 1251 Aruernia
1300 1214 1620 1264 commigratio,
1645 1219 1734 1251 tum

112 1280 243 1319 etiam
263 1294 385 1332 spem
407 1283 592 1332 aliquam
614 1283 718 1321 dare
740 1297 827 1321 non
850 1284 1117 1322 mediocrem
1140 1284 1314 1322 videtur
1335 1285 1563 1335 negotium
1598 1297 1737 1335 nuper

112 1364 332 1391 exorsum.
356 1354 525 1392 Nobilis
546 1354 719 1405 quidam
742 1368 877 1405 eques
899 1354 1093 1402 rhodius,
1118 1356 1249 1393 homo
1271 1356 1313 1392 in
1334 1356 1472 1394 literis
1494 1356 1666 1407 graecis
1689 1360 1733 1393 et

112 1424 268 1471 latinis,
288 1425 485 1463 humanis
502 1438 553 1463 ac
570 1425 725 1463 diuinis
744 1426 992 1464 eruditione
1009 1439 1096 1464 non
1114 1427 1299 1478 vulgarj,
1320 1427 1477 1465 abhinc
1497 1427 1735 1478 quinquen-

111 1495 243 1542 nium,
285 1496 477 1534 Henrico
519 1497 875 1535 christianissimo
913 1509 1020 1548 rege
1061 1510 1328 1537 consuasore
1369 1504 1413 1536 et
1452 1499 1653 1545 authore,
1696 1499 1737 1536 in

113 1566 357 1605 Americam
377 1568 591 1607 instructo
621 1570 797 1619 nauigio
820 1572 1036 1620 peruenit,
1062 1577 1106 1609 et
1127 1576 1295 1621 partem
1318 1571 1429 1609 illius
1450 1571 1616 1608 insulae
1638 1571 1734 1621 plus

113 1638 312 1677 ducentis
340 1640 475 1678 leucis
502 1641 631 1678 latam
661 1644 907 1693 occupauit,
940 1649 1069 1694 atque
1098 1643 1217 1681 feros
1244 1643 1444 1681 homines
1467 1643 1622 1693 partim
1646 1642 1737 1680 offi-

113 1709 190 1748 ciis
210 1710 365 1760 partim
388 1709 518 1749 etiam
553 1713 680 1750 armis
703 1714 966 1764 subiugauit.
994 1714 1074 1752 Hic
1095 1714 1251 1752 abhinc
1272 1713 1410 1751 tribus
1441 1714 1662 1751 mensibus
1684 1715 1737 1752 ab

113 1781 317 1820 America
345 1795 551 1821 reuersus
582 1784 623 1821 in
653 1785 793 1822 aulam
824 1786 988 1836 regiam
1011 1785 1266 1831 diuerterat,
1300 1792 1344 1824 et
1378 1785 1432 1823 ad
1464 1785 1737 1825 Cardinalem

113 1853 273 1891 ΙΙΙ.111111111
304 1854 611 1906 Lotharingiae
634 1855 814 1903 adierat,
848 1862 894 1893 vt
927 1856 1181 1907 episcopum
1213 1862 1257 1895 et
1286 1857 1451 1907 aliquot
1483 1855 1738 1894 sacerdotes

113 1924 154 1961 in
185 1925 398 1963 serendae
428 1926 529 1975 fidej
562 1927 745 1978 gratiam
775 1926 1044 1977 impetraret.
1074 1928 1396 1979 Jllustrissimus
1429 1928 1659 1966 cardinalis
1691 1942 1736 1966 se

117 2008 171 2033 ex
194 1996 419 2035 Societate
441 1997 642 2035 daturum
662 1997 874 2048 promisit,
895 2012 978 2049 qua
994 2011 1070 2049 spe
1088 1998 1260 2046 ductus,
1282 2005 1326 2037 et
1344 2012 1520 2037 suorum
1537 2000 1739 2050 negotio-

115 2079 208 2105 rum
230 2067 369 2118 gratia
390 2069 606 2106 Lutetiam
640 2069 761 2107 venit
794 2082 930 2119 eques
960 2070 1032 2107 ille
1063 2070 1237 2117 nobilis,
1272 2076 1316 2108 et
1347 2071 1577 2109 doctorem
1607 2083 1740 2120 quen-

115 2136 212 2175 dam
234 2139 528 2185 sorbonicum,
553 2140 802 2187 honestum,
822 2139 938 2190 pium
961 2146 1005 2178 et
1026 2140 1140 2178 bene
1162 2141 1215 2179 ad
1237 2142 1508 2180 Societatem
1531 2142 1739 2180 affectum

116 2208 170 2246 ad
190 2222 271 2247 nos
293 2208 467 2256 direxit3
488 2216 531 2248 et
552 2211 651 2260 quia
673 2211 726 2249 de
757 2211 870 2249 illius
900 2212 1057 2250 nobilis
1088 2212 1244 2250 itinere
1275 2213 1431 2250 librum
1462 2213 1544 2250 iam
1572 2213 1739 2264 pridem

117 2280 367 2318 confectum
402 2281 558 2332 gallico
595 2294 799 2320 sermone
830 2284 1040 2333 legeram,
1074 2284 1190 2321 Patri
1220 2284 1398 2333 placuit,
1431 2289 1478 2322 vt
1509 2284 1739 2322 doctorem

117 2350 296 2390 adirem.
323 2352 561 2391 Doctorem
592 2354 703 2391 adeo
736 2360 795 2401 et,
818 2366 929 2404 quae
961 2367 985 2392 a
1016 2356 1113 2393 Pre.
1146 2359 1298 2393 nostro
1332 2355 1430 2393 R.d0
1455 2356 1497 2393 in
1528 2355 1740 2393 mandatis

117 2417 346 2464 habebam,
370 2418 531 2457 refero.
564 2419 794 2457 Neminem
830 2433 927 2458 esse
962 2420 1032 2458 hic
1066 2422 1276 2459 nostrum
1306 2421 1376 2471 quj
1414 2421 1486 2459 illo
1522 2421 1740 2472 proficisci

118 2494 285 2538 posset,
309 2502 391 2527 nec
412 2490 453 2528 in
484 2490 735 2541 cuiusquam
766 2497 963 2529 nostrum
984 2496 1206 2541 potestate
1230 2492 1360 2529 situm
1383 2504 1496 2539 esse,
1521 2498 1568 2530 vt
1590 2492 1741 2541 aliquis

119 2565 314 2598 nostrum
343 2566 431 2599 tam
460 2562 591 2612 longe
623 2563 832 2609 mittatur,
865 2563 1002 2600 inscio
1032 2563 1168 2601 totius
1203 2563 1442 2601 Societatis
1472 2564 1738 2614 praeposito:

120 2631 396 2669 scribendum
419 2644 516 2670 esse
538 2633 663 2671 nobis
686 2634 865 2671 Romam
893 2633 1025 2683 prius,
1058 2647 1142 2672 nec
1169 2639 1315 2672 tamen
1349 2640 1471 2672 certo
1509 2639 1742 2684 expectan-

121 2701 201 2739 dos
231 2701 331 2740 inde
361 2703 528 2754 aliquos
560 2716 673 2751 esse,
706 2703 823 2754 quod
854 2703 999 2742 multis
1029 2704 1221 2755 negotiis
1255 2710 1298 2742 et
1329 2705 1589 2743 necessariis
1625 2704 1742 2742 disti-

120 2784 299 2810 neamur
336 2786 503 2822 omnes,
536 2787 619 2814 nec
641 2775 814 2814 interim
847 2789 1046 2826 prorsum
1082 2775 1421 2826 desperandum3
1460 2783 1603 2814 tamen
1638 2776 1738 2812 nihil

120 2844 247 2882 nobis
269 2856 367 2882 esse
389 2845 560 2884 charius
581 2858 708 2896 quam
729 2847 938 2897 plurimos
956 2847 1088 2885 Chro.
1113 2847 1286 2896 lucrarj.
1312 2848 1388 2885 Ille
1409 2848 1520 2885 inter
1552 2860 1671 2896 spem
1696 2852 1739 2883 et

170 2999 180 3018 ²
233 2998 408 3036 Carolus
426 2999 475 3036 de
495 2998 638 3037 Guisa.

170 3057 183 3077 ²
233 3057 465 3095 Guilelmus
480 3072 502 3095 a
521 3059 657 3096 Prato.
