2038 3400
335 227 404 264 766
820 229 1037 265 LITTERAE
1064 228 1421 273 QuAanEsmEs

288 342 366 379 pus
388 329 519 368 modo
543 330 699 369 dictus.
724 331 764 368 Is
787 333 837 369 D.
864 331 1143 368 Lambertum
1165 330 1346 368 honoris
1377 341 1508 368 causa
1539 341 1594 367 ex
1619 328 1918 379 disputationi—

288 394 368 438 bus
389 401 443 439 ad
464 401 690 452 prandium
712 400 1020 440 humanissime
1045 414 1193 440 secum
1213 401 1409 440 deduxit.
1430 400 1632 438 Interfuit
1654 400 1784 438 etiam
1802 401 1919 438 Hun-

288 473 435 523 gariae
471 473 629 525 primas
667 481 709 512 et
744 473 1101 525 archiepiscopus
1141 473 1446 524 strigonensis‚
1480 478 1525 511 et
1556 472 1768 510 Poloniae
1803 472 1920 522 regis

290 550 453 593 orator,
479 546 527 584 R.
559 547 609 584 D.
643 546 895 585 Cromerus.
930 544 1124 584 Consilio
1156 551 1408 582 nostrorum
1440 542 1617 582 Patrum
1651 556 1705 581 eo
1736 541 1806 580 die
1839 543 1920 593 pri-

290 630 404 655 mum
426 617 603 655 tandem
625 617 679 655 ad
701 617 896 667 publicas
913 617 1045 654 hasce
1063 615 1382 666 disputationes
1405 617 1567 653 Rector
1585 620 1737 653 noster
1755 627 1801 653 se
1820 626 1921 652 con-

287 688 384 726 tulit
406 687 529 739 quasi
547 694 743 735 coaetus,
770 694 815 725 et
836 687 937 726 dum
956 700 1055 725 suas
1077 693 1151 725 aut
1167 687 1330 725 Christi
1347 687 1493 737 potius
1514 685 1734 724 interdum
1751 697 1919 723 summo

290 760 483 798 omnium
506 772 726 798 consensu
750 765 996 810 exponeret
1018 759 1227 806 rationes,
1248 759 1404 797 defixis
1424 758 1614 796 omnium
1638 758 1678 795 in
1701 771 1799 795 eum
1820 768 1921 795 oeu-

288 831 354 879 lis,
379 832 563 870 arrectis
587 833 787 870 astabant
809 832 1000 878 auribus,
1024 831 1285 882 intentique,
1306 835 1353 868 ut
1376 829 1446 869 ille
1469 830 1528 868 ait
1552 836 1576 877 ¹,
1603 841 1679 868 ora
1696 828 1921 875 tenebant3

288 916 374 954 quo
397 903 576 950 factum,
602 905 697 941 Deo
722 904 828 950 laus,
854 903 1013 940 eodem
1036 909 1237 952 tempore
1260 901 1450 949 uidetur,
1475 906 1522 938 ut
1540 906 1585 939 et
1602 900 1829 951 utriusque
1848 899 1922 937 mi-

288 974 429 1013 nimae
450 981 627 1013 nostrae
645 975 882 1013 Societatis
898 974 1095 1012 doctoris
1114 974 1379 1024 singularem
1396 972 1654 1019 doctrinam,
1674 984 1771 1010 cum
1790 971 1922 1010 chris-

288 1046 405 1084 tiana
426 1046 610 1097 quadam
634 1045 852 1084 modestia
881 1050 1013 1096 atque
1045 1045 1264 1096 grauitate
1297 1044 1590 1090 coniunctam,
1619 1042 1810 1094 primarij
1833 1042 1922 1093 qui-

288 1131 371 1169 que
395 1131 447 1156 ac
468 1117 709 1156 doctissimi
733 1119 812 1155 uiri
840 1117 1131 1168 suspicerent,
1158 1121 1201 1154 et
1233 1114 1287 1154 ad
1318 1120 1457 1154 totam
1487 1115 1776 1161 Societatem,
1810 1125 1922 1164 quae

287 1190 397 1228 tales
413 1194 670 1240 procrearet
688 1190 865 1236 liberos,
884 1188 1066 1226 mirifico
1085 1187 1250 1225 affectu
1267 1199 1318 1225 ac
1334 1185 1588 1225 reuerentia
1605 1197 1711 1223 uere
1728 1183 1923 1222 christia-

286 1274 342 1300 na
362 1262 530 1300 animos
553 1265 883 1308 conuerterent,
908 1260 1036 1310 eique
1056 1258 1286 1297 dexteram
1304 1256 1445 1296 modis
1464 1257 1664 1296 omnibus
1680 1257 1723 1294 in
1746 1255 1920 1295 Christo

289 1332 477 1371 Domino
501 1333 772 1384 coniungere
794 1336 1097 1382 peroptarent.

339 1416 377 1455 9.
438 1404 647 1443 Auditum
670 1410 737 1442 est
759 1403 874 1455 apud
895 1416 991 1450 nos,
1015 1402 1146 1453 idque
1177 1414 1201 1439 a
1224 1401 1317 1439 uiro
1340 1399 1564 1451 fidedigno
1587 1400 1773 1439 relatum
1795 1401 1921 1440 intel-

288 1477 392 1528 ligo,
416 1483 515 1527 post
537 1476 864 1526 tyrnauiensem
886 1474 1103 1525 synodum
1126 1486 1284 1524 magno
1310 1484 1408 1511 esse
1437 1471 1479 1510 in
1500 1471 1661 1509 timore
1683 1472 1923 1511 Cassouiae

288 1549 554 1597 haereticos,
588 1548 705 1601 quod
736 1547 954 1586 audierint
989 1551 1167 1584 nostros
1198 1544 1408 1582 doctores
1438 1556 1525 1582 non
1557 1542 1924 1593 disputationibus

289 1621 420 1659 modo
444 1622 628 1672 publicis
659 1626 791 1671 atque
823 1618 1126 1665 concionibus,
1159 1618 1240 1657 sed
1270 1615 1441 1667 scriptis
1473 1616 1604 1654 etiam
1636 1616 1769 1663 libris,
1802 1628 1854 1653 ac
1881 1614 1924 1653 in

288 1694 430 1731 lucem
460 1693 633 1740 aeditis,
659 1692 892 1743 pestiferas
913 1691 1240 1730 haereticorum
1260 1690 1388 1728 huius
1418 1694 1597 1727 nostrae
1625 1688 1782 1726 aetatis
1803 1687 1925 1725 noui-

289 1771 404 1804 tates
430 1766 626 1804 breuiter
657 1766 983 1815 insequuturos.
1010 1765 1206 1814 Pergunt
1236 1762 1376 1801 nostri
1407 1761 1617 1799 doctores
1647 1771 1771 1798 more
1792 1759 1923 1798 solito

289 1837 331 1875 in
352 1837 617 1875 lectionibus
638 1836 838 1888 publicis,
862 1848 970 1887 quas
996 1835 1039 1873 in
1066 1834 1356 1872 vniuersitate
1378 1832 1635 1870 doctissime
1655 1831 1778 1869 iuxta
1799 1835 1843 1868 et
1865 1829 1924 1867 di-

287 1907 577 1959 ligentissime
609 1908 887 1959 profitentur.
912 1905 1038 1946 Vnde
1067 1906 1115 1943 fit
1144 1905 1430 1956 plaerumque
1467 1907 1512 1941 ut
1547 1908 1799 1941 nostrorum
1834 1900 1924 1939 dili-

288 1980 482 2031 gentiam
515 1985 647 2030 atque
679 1979 922 2017 doctrinam
952 1977 1230 2028 professores
1259 1975 1432 2014 externi
1453 1976 1691 2021 intuentes,
1714 1973 1818 2012 nihil
1840 1985 1925 2011 ma-

289 2052 355 2102 gis
377 2050 535 2089 timere
566 2064 612 2089 se
644 2050 803 2098 dicant,
828 2063 955 2101 quam
986 2062 1041 2087 ne
1073 2048 1304 2098 aliquando
1329 2047 1526 2097 regimen
1551 2045 1850 2084 vniuersitatis
1871 2044 1925 2083 ad

288 2128 487 2161 nostrum
510 2123 745 2173 collegium
767 2122 1069 2160 transferatur.
1094 2119 1183 2159 Sed
1205 2119 1261 2157 de
1282 2119 1348 2157 his
1370 2118 1475 2156 alias
1496 2118 1640 2164 latius,
1665 2128 1811 2168 spero.

347 2205 407 2232 10.
470 2195 689 2233 Caesarea
711 2194 917 2231 maiestas
945 2205 996 2230 ac
1016 2192 1140 2243 probi
1166 2204 1333 2237 omnes,
1358 2197 1445 2228 tam
1468 2189 1774 2235 ecclesiastici,
1798 2200 1925 2239 quam

289 2267 556 2313 saeculareS,
581 2267 621 2303 in
644 2271 811 2303 tantum
833 2265 928 2304 istis
954 2263 1116 2303 nostris
1138 2262 1375 2309 laboribus,
1400 2263 1495 2300 Deo
1527 2262 1634 2308 laus,
1658 2260 1923 2307 afficiuntur,

290 2345 337 2377 ut
357 2338 460 2376 nihil
482 2350 567 2376 non
593 2351 638 2376 se
670 2338 961 2388 praestituros
982 2337 1025 2374 in
1052 2336 1184 2374 rebus
1204 2335 1367 2373 nostris
1389 2333 1679 2385 polliceantur
1701 2344 1752 2370 ac
1774 2336 1925 2369 sancte

291 2411 545 2449 obseruent.
571 2411 680 2449 Cum
707 2414 888 2460 propter
919 2408 1051 2447 calcis
1081 2406 1367 2458 indigentiam
1390 2406 1637 2444 scholarum
1659 2402 1923 2449 aedificium,

289 2482 407 2534 quod
438 2494 576 2533 nuper
607 2482 717 2532 erigi
747 2487 954 2532 coeptum
987 2486 1069 2528 est,
1103 2478 1396 2518 differendum
1427 2483 1695 2528 putaremus,
1722 2480 1765 2513 et
1796 2486 1926 2513 causa

289 2554 509 2594 dilationis
537 2553 591 2591 ad
612 2565 740 2591 aures
762 2565 999 2591 caesareae
1021 2551 1261 2590 maiestatis
1291 2563 1369 2601 per
1392 2561 1643 2600 supremum
1665 2546 1926 2585 mareschal-

290 2640 386 2666 cum
425 2631 543 2664 esset
578 2625 760 2676 perlata,
792 2625 892 2664 ilico
922 2624 1150 2674 praefecto
1183 2622 1483 2661 aedificiorum
1518 2620 1572 2658 ad
1608 2632 1655 2658 se
1690 2616 1923 2664 accersito,

289 2699 412 2737 iussit
444 2704 491 2736 ut
521 2698 607 2735 hoc
639 2696 789 2734 ordine
822 2696 910 2734 suis
941 2695 1164 2746 dispositis
1195 2707 1266 2732 res
1296 2697 1470 2732 nostras
1513 2695 1701 2738 curaret,
1742 2690 1925 2741 primum

290 2769 510 2809 caesareis
527 2767 739 2816 aedificijs
757 2780 807 2805 ac
830 2767 1142 2805 munitionibus
1160 2765 1363 2813 ciuitatis,
1383 2770 1485 2816 post
1508 2763 1625 2814 regis
1647 2760 1926 2800 Maximiliani

288 2842 473 2892 palacio,
493 2840 692 2891 proxime
716 2851 823 2877 uero
841 2839 968 2876 nobis
990 2837 1045 2876 de
1068 2838 1186 2876 calce
1210 2837 1482 2888 prouideret,
1503 2841 1593 2873 turn
1618 2833 1808 2883 denique
1830 2831 1927 2870 reli-

288 2913 383 2964 quis
405 2911 671 2963 principibus
692 2923 743 2949 ac
764 2910 997 2957 nobilibus,
1022 2908 1094 2960 qui
1111 2909 1152 2946 in
1174 2909 1255 2946 hac
1277 2907 1506 2946 viennensi
1530 2905 1711 2944 ciuitate
1734 2915 1926 2942 commo-

337 3054 344 3072 ¹
401 3050 557 3095 VERG.,
580 3048 781 3093 sienem„
802 3049 826 3085 1.
849 3047 898 3092 II,
923 3048 953 3084 1.
