2038 3400
378 393 424 429 72
848 391 896 429 L1
908 403 1067 430 [TERAE
1103 394 1457 439 QUADRiMEsrREs

333 497 489 544 fessus,
517 498 693 535 Patrem
712 497 784 548 qui
807 497 924 535 illum
948 497 1161 543 audierat,
1191 499 1448 549 complexus
1471 504 1552 538 est:
1576 499 1698 550 isque
1722 499 1776 537 ad
1798 511 1964 537 sacrum

332 568 493 608 Christi
517 581 678 620 corpus
702 581 959 616 conuersus,
985 569 1025 607 in
1048 569 1296 608 huiusmodi
1322 570 1454 608 verba
1475 571 1685 621 prorupit,
1712 576 1756 608 vt
1777 569 1818 607 in
1839 570 1970 608 tantis

333 638 492 679 erroris
514 652 566 679 ac
602 640 802 679 inscitiae
840 641 1036 679 tenebris
1073 641 1357 679 clarissimum
1393 641 1474 679 sibi
1509 642 1652 679 lumen
1690 643 1830 680 Deum
1866 642 1967 692 Opt.

335 711 446 749 Max.
472 711 731 762 praetulisse
754 719 1036 763 agnosceret,
1072 713 1198 762 eique
1230 713 1439 751 maximas
1469 720 1623 764 ageret
1651 714 1829 764 gratias,
1854 713 1969 763 quod

333 780 497 820 tamdiu
539 783 754 821 misellum
791 783 1011 821 hominem
1056 789 1351 834 expectasset.
1389 786 1534 833 Quare
1573 796 1625 822 eo
1667 797 1752 835 quo
1794 790 1970 834 ceperat

332 853 445 903 pede
470 854 510 891 in
528 852 623 891 dies
645 854 839 904 singulos
862 854 1100 892 studiosius
1121 867 1326 906 pergens,
1352 869 1448 893 cum
1481 856 1719 906 perfectius
1753 855 1866 894 vitae
1899 869 1971 907 ge-

332 938 411 962 nus
440 924 796 963 constituendum
832 938 930 963 esse
972 932 1191 973 cerneret,
1229 925 1347 976 quod
1387 927 1468 964 s·l)i
1500 926 1708 977 optimum
1741 927 1884 965 multis
1919 927 1971 966 ad

334 996 472 1034 Deum
506 995 633 1034 tussis
655 996 859 1047 precibus
882 1009 981 1034 esse
1004 996 1227 1044 iudicauit,
1251 995 1366 1035 istud
1388 997 1569 1048 delegit.
1597 999 1736 1047 Quam
1768 999 1881 1037 enim
1913 998 1972 1036 vi—

333 1067 464 1105 uendi
483 1067 595 1105 viam
617 1067 660 1115 ii,
684 1081 795 1118 quos
818 1068 1086 1118 capuchinos
1103 1081 1328 1115 vocamuS,
1353 1069 1537 1119 ingressi
1559 1075 1672 1112 sunt,
1699 1082 1794 1108 eam
1820 1076 1863 1108 et
1880 1071 1972 1120 ipsc

329 1138 556 1190 ingressus
574 1145 657 1180 est:
680 1152 704 1176 a
725 1152 811 1190 quo
835 1139 995 1177 deduci
1018 1139 1100 1178 etsi
1123 1139 1244 1177 multi
1263 1139 1305 1177 id
1321 1144 1559 1188 tentarunt,
1579 1140 1695 1191 iique
1714 1140 1793 1179 viri
1810 1142 1972 1193 grauis-

331 1208 446 1255 simi,
484 1211 602 1249 nullo
641 1210 772 1249 modo
809 1211 966 1261 potuit.
1005 1211 1129 1249 Vnde
1166 1224 1293 1261 quam
1330 1212 1415 1250 vim
1450 1213 1665 1251 haberent
1701 1219 1971 1252 sacramenta

337 1283 648 1334 Comperimus.

386 1364 421 1402 7.
485 1353 567 1392 Hic
590 1354 719 1392 etiam
758 1353 861 1392 mihi
884 1354 1004 1392 venit
1040 1354 1080 1392 in
1118 1360 1309 1392 mentem
1334 1354 1413 1392 viri
1436 1355 1659 1393 cuiusdam
1691 1356 1862 1399 nobilis,
1893 1371 1974 1396 nec

331 1438 481 1476 parum
502 1426 676 1473 eruditi,
697 1426 769 1476 qui
787 1438 883 1464 eam
901 1439 1069 1464 morum
1088 1425 1306 1476 animique
1325 1427 1611 1465 mutationem
1630 1428 1749 1475 fecit,
1771 1434 1817 1466 vt
1839 1429 1974 1467 homi-

331 1510 430 1536 nem
453 1512 540 1536 non
557 1497 775 1549 possimus
793 1511 878 1535 non
903 1497 1133 1548 plurimum
1151 1496 1366 1536 admirari.
1391 1498 1520 1547 Quod
1543 1498 1717 1548 quidem
1741 1512 1765 1537 a
1785 1498 1973 1538 Domino

331 1569 493 1608 factum
513 1574 593 1608 est.
616 1570 726 1607 Nam
750 1582 848 1608 cum
865 1568 945 1620 ipsi
962 1569 1191 1608 nobiscum
1209 1582 1376 1607 summa
1392 1569 1718 1608 intercessisset
1734 1572 1974 1610 necessitu-

331 1641 403 1687 do,
424 1646 664 1693 nunquamt
681 1653 809 1679 amen
826 1641 974 1679 facere
996 1640 1216 1692 potuimus
1239 1645 1284 1678 vt
1307 1641 1527 1680 sacerdoti
1551 1655 1625 1680 sua
1642 1649 1825 1693 peccata
1843 1644 1974 1682 confi-

331 1712 414 1752 teri
431 1715 502 1752 vel
521 1714 625 1752 satis
641 1718 765 1752 recte
789 1726 888 1752 esse
912 1712 1131 1751 crederet.
1152 1714 1315 1751 Verum
1337 1713 1372 1751 is
1391 1711 1511 1751 cuius
1532 1719 1800 1764 potestatem
1822 1721 1975 1767 poten-

331 1786 523 1836 tiamque
554 1785 659 1824 nihil
698 1784 936 1836 effugeret,
976 1784 1094 1835 quod
1128 1784 1169 1822 in
1206 1784 1332 1823 nobis
1363 1785 1492 1823 situm
1523 1799 1609 1823 non
1644 1785 1738 1833 fuit,
1772 1787 1901 1825 facile
1933 1793 1975 1825 et

332 1857 566 1896 commode
589 1856 796 1907 prestitit.
816 1856 962 1895 Nocte
986 1856 1099 1894 enim
1122 1856 1388 1906 intempesta
1404 1856 1530 1894 dolor
1548 1870 1646 1895 eum
1665 1858 1761 1895 talis
1779 1858 1973 1909 arripuit,

335 1935 379 1967 vt
399 1929 501 1979 quia
522 1941 569 1967 se
601 1929 644 1967 in
663 1941 822 1980 magno
846 1928 964 1966 vitae
988 1925 1235 1966 discrimine
1258 1926 1424 1965 versari
1445 1932 1634 1978 putaret,
1655 1929 1787 1966 ΚΛΜΝ
1814 1930 1857 1967 1³.
1884 1943 1975 1968 rec-

331 2006 473 2038 torem
496 2000 705 2039 accersiri
736 1998 926 2042 iuberet:
960 2012 1057 2038 cum
1094 2004 1240 2037 autem
1271 1998 1539 2041 aduenisset,
1573 2006 1735 2050 puncto
1764 2001 1976 2052 temporis

331 2076 474 2110 cessat
494 2072 635 2110 omnis
664 2071 806 2117 dolor,
831 2077 987 2121 estque
1011 2070 1051 2108 ei
1068 2075 1252 2121 repente
1269 2069 1506 2109 inmutatus
1527 2071 1709 2118 animus,
1735 2076 1781 2109 vt
1802 2073 1875 2123 qui
1892 2073 1973 2112 iam

330 2142 499 2194 pridem
516 2143 674 2181 nullius
696 2140 900 2182 oratione
923 2142 977 2181 ad
995 2147 1315 2181 sacramentum
1336 2140 1606 2192 penitentiae
1624 2142 1805 2193 perduci
1823 2149 1975 2195 potuv-

333 2220 413 2262 rat,
449 2216 534 2253 hoc
556 2228 636 2253 sua
659 2219 816 2266 sponte
847 2227 962 2252 nunc
985 2214 1264 2265 efflagitaret,
1289 2219 1419 2265 atque
1441 2213 1725 2264 polliceretur
1748 2228 1795 2253 se
1817 2216 1899 2254 hac
1920 2216 1974 2253 (le

333 2300 464 2325 causa
499 2286 702 2337 proximo
744 2285 814 2324 die
850 2286 904 2324 ad
936 2299 1015 2323 nos
1051 2291 1300 2325 venturum:
1333 2285 1375 2323 id
1410 2285 1527 2336 quod
1558 2286 1677 2324 fecit.
1712 2287 1886 2337 Iamque
1925 2302 1973 2326 ea

332 2371 444 2409 quae
476 2357 593 2409 prius
624 2358 745 2397 nihili
777 2358 969 2397 faciebat
990 2357 1178 2408 penitus,
1211 2361 1298 2396 tam
1321 2357 1556 2408 diligenter
1579 2365 1716 2401 curat,
1743 2365 1787 2397 vt
1820 2360 1889 2397 vix
1922 2361 1974 2398 al)

331 2431 414 2469 illis
435 2431 592 2481 quibus
615 2430 821 2482 cognitus
845 2434 952 2477 erat,
978 2435 1257 2481 agnoscatur.
1283 2429 1363 2469 Cui
1386 2430 1419 2467 si
1441 2430 1555 2467 hunc
1579 2429 1743 2468 socium
1768 2430 1974 2470 adiunxe-

333 2515 397 2543 ro,
423 2501 541 2553 quod
565 2502 782 2552 reliquum
806 2507 873 2540 est
894 2501 1044 2552 paucis
1067 2501 1349 2552 complectar.

386 2575 423 2612 8.
484 2575 589 2612 Erat
614 2574 727 2612 enim
762 2574 803 2612 in
834 2574 917 2611 hac
939 2572 1118 2611 ciuitate
1142 2572 1205 2610 vir
1229 2571 1505 2619 clarissimus,
1530 2574 1601 2622 qui
1634 2587 1729 2612 cum
1762 2580 1975 2613 mercatu-

335 2658 422 2684 ram
446 2646 629 2692 faceret,
657 2658 726 2683 res
753 2650 795 2682 vt
818 2646 880 2692 fit,
905 2658 991 2683 non
1020 2645 1079 2682 ita
1104 2657 1156 2681 ex
1180 2644 1309 2682 animi
1332 2645 1551 2682 sententia
1573 2646 1801 2684 successit.
1829 2646 1973 2695 Quare

336 2731 465 2756 vnum
489 2731 540 2756 ex
574 2719 674 2764 hac,
700 2731 827 2768 quam
851 2716 954 2764 dixi,
989 2716 1205 2755 societate
1235 2716 1458 2755 hominum
1491 2718 1713 2759 conuenit.
1737 2717 1809 2769 qui
1839 2719 1975 2757 homi-

334 2802 449 2836 nem,
477 2795 521 2827 vt
542 2802 617 2839 par
641 2795 749 2836 erat,
780 2788 963 2839 primum
997 2788 1250 2826 consolatus
1273 2792 1354 2834 est,
1379 2787 1539 2826 deinde
1565 2794 1608 2826 vt
1639 2795 1821 2840 peccata
1843 2791 1974 2829 confi-

333 2867 502 2899 teretur
524 2862 740 2907 hortatus,
766 2859 805 2898 ei
837 2874 923 2898 non
956 2860 1100 2898 statim
1128 2859 1284 2911 paruit,
1310 2864 1353 2897 at
1375 2872 1428 2897 eo
1461 2864 1606 2898 tamen
1628 2862 1757 2911 paulo
1779 2866 1879 2912 post
1901 2860 1972 2899 ad-

334 2932 491 2971 ductus
523 2939 605 2974 est,
642 2938 687 2969 vt
722 2945 809 2970 non
848 2933 987 2970 solum
1017 2930 1135 2980 quod
1172 2930 1242 2968 ille
1278 2930 1418 2980 ipsum
1454 2938 1628 2979 rogarat
1662 2932 1862 2979 efficerit,
1897 2932 1973 2969 sed

335 3004 466 3043 etiam
488 3005 574 3042 hoc
595 3003 792 3054 amplius,
813 3001 931 3053 quod
953 3002 1133 3052 singulis
1155 2999 1443 3039 hebdomadis
1465 3002 1581 3041 idem
1609 3003 1753 3045 faciat,
1779 3016 1973 3054 opesque

334 3089 385 3114 ac
407 3081 585 3114 caetera
605 3074 648 3113 in
682 3074 838 3125 quibus
862 3087 962 3124 spes
986 3072 1077 3111 eius
1102 3073 1242 3111 omnis
1263 3073 1357 3111 fere
1380 3074 1707 3123 acquiescebat,
1730 3088 1808 3125 pro
1840 3074 1972 3114 nihilo

335 3147 470 3195 ducit,
505 3151 639 3199 atque
669 3146 785 3197 quod
818 3158 865 3184 se
888 3150 1053 3184 castum
1087 3149 1130 3183 et
1161 3144 1303 3183 animo
1329 3149 1371 3182 et
1393 3157 1579 3196 corpore
1603 3152 1767 3194 seruet,
1800 3152 1974 3198 praeter
