2038 3400
320 240 391 278 336
792 239 1012 280 LITTERAE
1039 239 1387 279 OUAomMESTREs

273 343 426 382 latenti
447 344 488 382 in
512 357 564 382 ea
585 344 760 384 Christo
783 343 961 383 domino
997 350 1150 383 nostro
1174 357 1323 396 parum
1348 357 1401 383 eo
1423 344 1465 382 in
1495 345 1595 383 loco
1628 345 1908 383 reuerentiae

275 416 516 454 exhibitum
554 421 648 455 toto
682 429 735 454 eo
767 421 968 467 tempore
990 423 1208 467 putemus.
1235 417 1359 456 Haec
1395 417 1444 455 P.
1471 418 1717 456 admodum
1753 417 1822 458 R..
1858 419 1908 456 de

272 488 434 525 nostra
454 487 710 535 sterilitate,
736 500 822 537 quo
853 487 1128 527 obedientiae
1158 487 1272 526 satis
1293 487 1574 539 faceremus,
1612 487 1810 527 scribere
1845 488 1910 527 ui-

273 571 374 597 sum
395 561 472 598 est.
497 558 746 610 Speramus
768 561 918 598 tamen
934 562 1017 610 per
1039 558 1273 598 orationes
1289 558 1339 598 R.
1360 559 1409 597 P.
1438 559 1483 598 T.
1508 559 1557 597 iu
1579 558 1741 609 quibus
1761 560 1912 598 nostri

273 628 542 669 memoriam
577 628 738 669 haberi
772 629 1010 670 humiliter
1033 629 1245 680 petimus,
1278 629 1528 668 Dominum
1550 630 1693 680 plura
1718 632 1801 680 per
1828 644 1909 669 nos

274 701 356 740 esst
392 700 609 752 indignos
645 703 958 752 operaturam,
998 714 1111 752 quae
1147 714 1249 740 cum
1283 701 1460 740 maiore
1488 700 1678 752 fiducia
1715 701 1912 740 scribere

277 773 541 811 audeamus,
568 771 794 810 Dominus
814 774 967 811 noster
989 773 1204 812 concedat
1238 771 1368 811 nobis
1388 785 1521 811 suam
1555 773 1765 810 sanctam
1796 784 1912 822 gra-

275 842 388 882 tiam
411 845 470 882 ad
486 844 848 895 cognoscendam
869 845 909 883 et
930 845 1233 894 exequendam
1268 843 1498 883 sanctissi.
1536 857 1669 883 suam
1704 845 1911 882 uolunta-

276 916 375 953 tem.
400 915 557 954 Amen.
580 915 623 953 In
646 914 790 965 Oybin
818 926 858 953 ΙΙ
885 915 1008 966 Sept.
1038 925 1151 965 1559.

361 985 567 1037 Indignus
588 986 702 1025 filius
724 987 772 1025 R.
798 988 844 1025 P.
870 987 919 1025 T.
944 987 987 1025 in
1011 988 1122 1026 Dno.

1346 1076 1578 1114 HURTADus
1612 1077 1748 1114 PEREZ
1781 1076 1806 1114 ¹.

360 1145 549 1185 Polanci
568 1159 725 1185 manu.
751 1146 1007 1185 Emendata.

356 1217 462 1257 Alia
485 1231 641 1257 manu.
666 1219 791 1257 Fatta
812 1231 890 1270 per
919 1223 1051 1258 tutto.

1038 1415 1152 1467 299

622 1558 673 1603 P.
725 1558 1127 1617 JOANNES
1182 1558 1573 1605 RETHIUS

746 1700 926 1728 COLONIA
954 1690 998 1726 13
1021 1699 1273 1726 SEPTEMssRls
1303 1688 1393 1726 1559
1419 1690 1444 1726 ².

278 1809 311 1847 1.
337 1807 581 1847 Sociorum
603 1807 921 1859 occupationes
942 1810 981 1847 et
1002 1808 1220 1847 laus.—2.
1246 1807 1593 1858 Discipulorum
1614 1807 1663 1847 in
1680 1808 1808 1847 bonis
1824 1822 1918 1849 mo-

357 1874 487 1912 ribus
502 1876 796 1926 Progressus,
812 1873 969 1913 -3-4.
995 1872 1174 1912 Novitit
1194 1885 1348 1912 recens
1369 1872 1578 1920 admissi,-
1601 1887 1760 1912 eorum
1791 1874 1917 1913 iusti-

358 1939 490 1986 tutio‚·
522 1939 862 1992 peregrinandi
887 1939 1117 1979 voluntas.
1135 1938 1215 1978 ⁷—5.
1243 1938 1442 1990 Collegz'i
1461 1939 1782 1991 neomagensis
1802 1953 1917 1979 erec-

358 2004 524 2044 tionem
552 2006 829 2055 persuadere
859 2003 1028 2043 nititur
1050 2003 1253 2043 Retltz'us.
1268 2003 1356 2042 -6.
1384 2004 1448 2043 De
1470 2003 1743 2054 quibusdam
1766 2003 1913 2044 Socie-

358 2070 466 2109 latis
479 2071 655 2110 amicis.
667 2069 753 2109 -7.
771 2069 971 2119 Quidam
985 2071 1044 2108 ad
1057 2069 1417 2108 contionandum
1434 2072 1473 2109 et
1487 2069 1647 2121 gratis
1664 2072 1914 2109 docendum

356 2137 842 2188 nostrorum-exemplo
859 2135 1073 2187 permoti.
1099 2134 1295 2175 Senatus
1325 2137 1584 2175 consultum
1615 2137 1778 2174 contra
1815 2137 1919 2175 lme-

358 2202 535 2242 reticos.
570 2202 712 2241 Missa
743 2204 802 2241 ad
817 2202 1028 2254 pluvtam
1050 2202 1356 2242 obtinendam.
1380 2201 1683 2240 Scholasticis
1701 2201 1913 2252 pauperi-

360 2269 439 2307 bus
459 2268 667 2307 subsidia
688 2269 911 2320 elargita.

339 2405 369 2432 1.
427 2397 455 2445 †
481 2394 595 2445 JHS.
621 2395 710 2432 Pax
733 2395 800 2432 Xi.
826 2400 912 2433 etc.
938 2394 1126 2441 Vtinam,
1153 2393 1248 2432 Rae
1272 2394 1358 2440 Pr.‚
1384 2404 1435 2430 ea
1458 2396 1576 2430 esset
1598 2398 1749 2430 nostra
1769 2393 1863 2430 vita
1880 2395 1919 2431 et

280 2466 319 2502 in
356 2464 530 2503 Domini
566 2466 695 2504 vinea
731 2465 978 2503 excolenda
1008 2477 1112 2503 eura
1143 2471 1186 2502 et
1208 2463 1451 2515 diligentia,
1486 2469 1531 2501 vt
1553 2464 1919 2515 quotiescumque

279 2538 365 2574 hoc
387 2536 605 2575 scribendi
628 2550 783 2575 munus
805 2536 908 2575 mihi
939 2537 1192 2587 iniungitur,
1218 2548 1271 2574 ea
1300 2535 1446 2573 statim
1481 2540 1782 2581 occurrerent,
1806 2548 1918 2586 quae

330 2706 336 2724 ¹
392 2703 498 2740 Vide
520 2703 623 2740 Lz‘tt.
643 2703 897 2750 Quadrz'm.,
924 2703 975 2745 V,
1000 2703 1077 2747 170,
1099 2707 1237 2739 annot.
1259 2701 1293 2737 2.

328 2765 340 2783 ²
392 2762 453 2799 Ex
473 2764 727 2810 autographo
746 2763 784 2799 in
806 2763 891 2800 cod.
917 2762 1058 2800 Germ.
1082 2762 1174 2804 187,
1191 2761 1213 2797 2
1231 2761 1288 2805 ff„
1312 2774 1351 2796 n.
1375 2760 1452 2803 174.
1478 2761 1557 2805 175;
1589 2760 1698 2806 prius
1724 2760 1807 2801 724,
1835 2761 1918 2805 725,

281 2823 360 2861 726.
392 2822 636 2870 Exemplum
656 2824 696 2860 in
715 2822 958 2870 Hispaniam
977 2824 1156 2867 missum4
1177 2823 1399 2860 secundum
1419 2822 1706 2865 correctiones,
1729 2827 1861 2858 exstat
1879 2821 1919 2857 in

281 2884 366 2920 cod.
398 2882 529 2920 Varia
548 2882 731 2925 Histor.,
752 2882 801 2927 ΙΙ,
821 2883 879 2925 36,
899 2883 957 2920 37.
983 2883 1179 2929 Magnam
1197 2887 1356 2929 partem
1389 2882 1526 2923 edidit.
1560 2894 1609 2918 ex
1640 2893 1781 2928 apogr.
1816 2881 1920 2917 colo-

281 2942 424 2987 niensi,
446 2942 634 2986 ΗΑΝΞΕΝ,
655 2943 682 2979 1.
704 2955 753 2987 c.,
773 2942 842 2978 333
860 2955 946 2990 sqq.
970 2943 1134 2979 Polanci
1156 2942 1461 2979 emendationes
1482 2945 1674 2978 consueto
1691 2940 1806 2976 modo
1821 2940 1919 2977 indi-

281 3015 432 3040 camus.
458 3001 592 3043 Plura,
609 3014 714 3049 quae
734 3002 796 3038 hie
812 3002 1012 3047 dicuntur,
1034 3002 1297 3038 inveniuntur
1313 3001 1433 3037 etiam
1455 3001 1493 3037 in
1510 3001 1626 3047 epist.
1644 3012 1666 3036 a
1683 2999 1728 3035 P.
1749 2999 1920 3036 Costero

282 3063 346 3100 die
365 3062 412 3099 30
431 3061 611 3108 Augusti
631 3062 738 3103 data.
760 3074 865 3108 quae
886 3063 1090 3098 invenitur
1110 3061 1148 3097 in
1170 3061 1310 3097 eodem
1331 3061 1416 3097 cod.
1440 3060 1481 3096 ff.
1507 3060 1586 3104 156,
1611 3059 1691 3095 157.
