2038 3400
374 214 444 251 458
859 217 1077 254 Lll‘TERAE
1105 217 1461 262 QUADRIMESTRES

330 329 454 355 suum
477 331 630 356 munus
653 319 783 357 etiam
811 332 924 358 nunc
947 324 1140 364 exercet,
1173 326 1217 358 et
1246 320 1406 357 nostris
1439 333 1611 360 omnem
1641 322 1956 372 propemodum

330 390 647 440 typographiae
671 391 991 429 solicitudinem
1015 403 1065 429 ac
1086 393 1259 429 labores
1281 392 1444 431 adimit.

387 471 447 498 10.
508 461 597 500 Sub
618 462 750 500 finem
773 462 980 500 Octobris
1000 463 1150 501 theses
1186 464 1432 502 rhetoricae
1456 477 1615 514 graece
1647 469 1776 515 atque
1809 465 1955 511 latine,

328 531 655 582 philosophicae
693 538 736 571 et
772 533 1052 584 theologicae
1089 534 1292 584 uulgatae
1326 539 1438 581 sunt,
1472 539 1516 573 et
1546 536 1633 573 acri
1664 535 1957 585 disputatione

327 602 565 642 discussae.
587 603 823 642 Octiduum
859 605 1030 642 durauit
1064 605 1150 643 hoc
1188 605 1426 643 literarium
1462 610 1701 653 certamen3
1737 605 1905 656 primis
1941 607 1959 625 ²*

329 674 499 712 duobus
522 675 676 713 diebus
711 676 931 714 rhetorica
954 676 1241 722 defendimus,
1276 677 1646 727 consequentibus
1678 691 1755 715 sex
1776 678 1796 702 b
1823 678 1958 727 philo-

329 746 523 796 sophiam
546 750 590 784 et
611 746 882 797 theologiam
911 754 941 794 0,
970 745 1172 797 utrisque
1194 749 1284 786 tres
1305 749 1344 786 et
1376 749 1466 787 tres
1488 747 1581 787 dies
1616 747 1817 799 impensi.
1842 749 1958 787 Non-

328 819 431 856 nulli
454 818 751 856 vniuersitatis
768 819 962 869 magistri
981 832 1077 857 cum
1094 820 1254 857 nostris
1270 820 1481 858 acerrime
1501 832 1552 858 ac
1568 820 1698 859 docte
1719 821 1822 859 satis
1838 834 1959 871 prae-

330 890 478 929 sertim
508 890 549 927 in
576 890 852 940 philosophia
882 891 1187 929 conflixerunt.
1222 891 1448 939 Omnibus,
1473 892 1613 943 gratia
1633 892 1730 939 Dei,
1753 897 1959 943 quantum

331 961 608 1011 conijcimus,
642 961 802 1000 iudicio
844 962 973 1000 etiam
1014 963 1268 1009 multorum,
1310 964 1381 1013 qui
1422 964 1787 1014 disputationibus
1831 965 1960 1003 inter-

330 1034 518 1078 fuerunt,
548 1034 770 1084 responsis
804 1040 1053 1072 nostrorum
1085 1039 1151 1072 est
1182 1035 1343 1072 factum
1367 1036 1488 1073 satis.
1518 1036 1678 1074 Vltimo
1700 1037 1962 1087 perelegans

332 1105 531 1156 dialogus
571 1105 624 1143 de
661 1109 784 1144 recta
818 1106 1023 1144 iuuenum
1064 1107 1335 1145 institutione
1385 1107 1601 1145 exhibitus
1642 1111 1729 1155 est3
1776 1112 1961 1159 quatuor

331 1177 568 1215 interfuere
605 1176 669 1226 (ut
710 1178 762 1216 de
803 1178 1050 1228 promiscua
1095 1178 1369 1216 multitudine
1409 1179 1513 1216 nihil
1553 1179 1711 1229 dicam)
1751 1179 1960 1230 episcopi,

330 1248 452 1286 multi
474 1261 528 1287 ex
559 1249 657 1287 aula
677 1249 757 1286 viri
778 1248 963 1295 nobiles,
989 1249 1236 1299 complures
1258 1250 1467 1288 doctores
1499 1251 1689 1289 omnium
1709 1251 1961 1289 facultatum

331 1332 382 1357 ac
403 1320 612 1370 magistri.
638 1321 823 1358 Postero
847 1320 916 1358 die
939 1333 1065 1371 quam
1089 1321 1315 1358 absolutus
1338 1326 1405 1359 est
1423 1321 1637 1372 dialogus,
1661 1335 1685 1359 a
1705 1328 1962 1373 praecepto-

331 1390 463 1437 ribus,
488 1391 559 1441 qui
587 1391 750 1429 maiore
781 1391 874 1429 fere
907 1404 962 1429 ex
992 1397 1131 1441 parte,
1157 1392 1197 1429 in
1232 1392 1376 1430 locum
1408 1405 1575 1439 eorum,
1608 1393 1679 1443 qui
1709 1394 1826 1443 prius
1858 1394 1962 1432 clas-

331 1461 439 1499 sium
462 1474 609 1500 curam
630 1466 876 1513 gesserant,
900 1462 986 1500 hoc
1007 1475 1119 1500 anno
1144 1468 1452 1501 successerunt
1476 1469 1500 1510 ¹,
1525 1463 1698 1502 habitae
1741 1468 1839 1501 sunt
1870 1478 1963 1502 ora-

330 1533 487 1579 tiones,
523 1533 719 1583 discipuli
755 1533 809 1570 ad
848 1533 1026 1571 altiores
1067 1533 1243 1580 classes,
1282 1534 1412 1572 solito
1453 1534 1603 1572 maiori
1638 1535 1826 1585 quodam
1866 1548 1962 1574 cum

332 1608 540 1656 apparatu
563 1617 705 1655 eoque
728 1605 934 1652 honesto,
953 1606 1142 1655 promoti
1177 1605 1316 1651 fuere,
1341 1611 1432 1644 tum
1454 1606 1628 1645 demum
1658 1607 1874 1645 lectiones
1904 1608 1962 1646 in-

331 1677 564 1728 terpretari
588 1681 791 1728 coeptae.

389 1760 446 1788 11.
509 1748 698 1788 Octobri
718 1750 891 1796 exacto,
916 1749 1126 1800 principio
1158 1749 1304 1787 statim
1341 1749 1623 1797 Nouembris,
1648 1750 1801 1787 mulier
1832 1763 1962 1801 quae-

333 1820 430 1858 dam
455 1833 509 1858 ex
540 1819 673 1858 foeda
691 1819 953 1869 judaeorum
986 1819 1297 1871 superstitione.
1330 1819 1383 1858 ad
1413 1820 1589 1858 CHRM.
1626 1833 1856 1868 conuersa,
1889 1821 1963 1859 im-

333 1886 583 1943 peratorem
607 1891 809 1930 exorauit
831 1891 892 1929 uti
915 1891 1007 1929 eius
1031 1891 1202 1930 duobus
1225 1891 1324 1940 filijs
1347 1892 1563 1942 elegantis
1591 1891 1774 1939 formae,
1797 1892 1868 1943 qui
1890 1892 1965 1930 X.0

333 1965 517 2015 primum
539 1962 582 2001 id
604 1962 816 2014 temporis
838 1975 1000 2001 nomen
1019 1962 1248 2010 dederant,
1273 1976 1297 2001 a
1318 1963 1480 2002 nostris
1503 1963 1704 2001 Patribus
1724 1964 1889 2002 institui
1912 1977 1965 2002 ac

335 2038 455 2087 apud
477 2049 558 2075 nos
578 2048 665 2075 esse
687 2035 841 2075 liceret
863 2035 895 2080 d;
934 2048 1020 2074 non
1053 2042 1220 2073 tantum
1244 2035 1298 2074 de
1321 2036 1478 2073 litteris
1499 2039 1707 2086 quantum
1730 2035 1785 2074 de
1806 2034 1965 2086 adepta

334 2109 564 2159 religione,
589 2107 733 2159 deque
764 2108 931 2159 pietate
953 2108 1154 2154 sollicita,
1179 2121 1306 2159 quam
1337 2106 1378 2145 in
1413 2112 1565 2146 nostro
1598 2108 1788 2159 collegio
1811 2107 1963 2157 (credo

335 2181 474 2219 relatu
497 2180 698 2229 aliorum)
720 2181 882 2218 florere
903 2179 1092 2218 maxime
1115 2180 1348 2230 persensit.

393 2263 452 2291 12.
514 2251 682 2290 Eodem
711 2257 911 2302 tempore
934 2251 1108 2301 quidam
1131 2264 1185 2289 ex
1221 2252 1383 2290 nostris
1405 2251 1446 2289 in
1477 2252 1551 2289 Χ.Ο
1572 2250 1792 2299 fratribus,
1825 2251 1964 2290 Geor-

336 2324 431 2375 gius
460 2322 636 2361 nomine
661 2329 686 2369 ²,
724 2323 903 2361 natione
934 2335 1184 2374 germanus,
1217 2336 1304 2361 non
1335 2322 1554 2370 indoctus,
1593 2334 1825 2360 commune
1847 2322 1965 2360 debi-

337 2400 428 2434 tum
451 2395 684 2441 foeliciter,
718 2395 814 2432 Deo
847 2395 955 2442 laus,
987 2393 1214 2446 persoluit‚
1248 2407 1299 2432 ac
1329 2393 1525 2432 ultimum
1561 2394 1678 2432 uitae
1714 2406 1818 2432 suae
1850 2392 1964 2431 diem

337 2468 536 2507 omnibus
560 2467 851 2505 sacrosanctis
874 2467 1103 2505 Ecclesiae
1126 2467 1410 2505 sacramentis
1427 2477 1655 2504 recreatus
1677 2464 1844 2504 clausit.
1870 2466 1966 2503 Fuit

336 2552 440 2578 sane
463 2545 558 2577 toto
582 2543 783 2590 tempore
805 2552 891 2590 quo
916 2537 1168 2577 ualetudine
1191 2538 1378 2576 aduersa
1398 2537 1630 2585 laborauit,
1654 2537 1757 2576 satis
1778 2538 1963 2588 patiens,

338 2611 513 2650 tametsi
535 2612 657 2662 graui
679 2616 956 2661 premeretur
980 2616 1024 2648 et
1046 2609 1250 2649 molestia
1273 2616 1316 2648 et
1338 2609 1630 2661 aegritudine.
1657 2609 1831 2647 Efficiet
1851 2609 1965 2647 haud

383 2767 403 2786 a
453 2765 604 2813 primis.
632 2765 681 2801 ln
701 2775 780 2801 ms.
801 2768 864 2801 est
882 2760 975 2811 ffi}
1032 2766 1096 2790 „b
1118 2777 1222 2812 quae
1241 2764 1308 2800 ad.
1389 2772 1444 2790 -e
1477 2763 1682 2811 pertinent
1759 2765 1824 2789 —d
1858 2778 1963 2801 man-

336 2829 465 2864 daret.

385 2978 393 2997 ¹
450 2976 765 3021 Praeceptorum
786 2974 947 3010 nomina
968 2974 1059 3010 vide
1079 2986 1214 3020 supra,
1235 2987 1271 3020 p.
1292 2973 1362 3010 387
1379 2986 1466 3020 sqq.

384 3037 397 3057 ²
447 3034 556 3072 Vide
575 3046 710 3081 supra,
734 3047 769 3080 p.
791 3032 872 3070 389.
