2038 3400
339 235 410 273 332
830 238 1050 276 LITTERAE
1078 237 1435 285 QUADRmfflsTREs

295 339 520 389 cuiusque,
561 339 720 378 nostris
750 340 864 391 apud
900 354 1124 380 caesarem
1160 343 1387 393 Augustae
1422 344 1815 392 intercedentibus,
1849 345 1920 384 sti-

292 409 516 459 pendium,
541 422 625 461 quo
648 410 818 462 possint
842 412 1013 452 nictum
1029 426 1116 452 non
1139 414 1270 452 modo
1294 422 1326 460 ἃ,
1347 415 1425 453 sed
1446 415 1701 455 indumenta
1716 429 1768 455 ac
1787 416 1921 455 libros

288 483 649 530 pernecessarios
681 482 955 522 commodius
986 485 1166 523 habere.
1191 486 1315 524 Haec
1345 490 1443 524 sunt
1465 485 1584 526 inter
1619 487 1731 534 alia,
1757 488 1852 526 RQ
1880 487 1920 525 in

293 553 467 591 Christo
492 554 636 597 Pater,
661 566 773 604 quae
790 554 917 592 nobis
938 555 980 592 in
997 557 1343 606 praesentiarum
1366 557 1597 596 scribenda
1618 564 1918 597 occurrerunt.

296 625 522 675 Reliquum
544 639 659 664 nunc
682 631 763 673 est,
789 631 835 664 ut
855 639 951 674 nos,
985 627 1220 678 collegium
1255 635 1468 676 nostrum,
1491 634 1719 681 totamque
1741 630 1921 668 Germa-

293 696 421 744 niam,
456 702 545 735 tum
582 697 700 736 Rdae
730 699 827 737 Pstis
862 704 979 748 tuae,
1016 706 1107 738 tum
1143 701 1329 739 filiorum
1351 702 1370 726 b
1391 701 1632 751 sacrificijs,
1674 701 1921 752 sanctisque

292 769 525 818 praecibus
548 770 920 809 commendemus.
943 772 1139 811 Viennae
1163 772 1368 812 Calendis
1390 772 1662 824 Septembris
1688 781 1787 822 1559
1808 780 1840 811 0.

374 841 420 878 R.
447 841 492 878 P.
518 841 568 879 V.
595 841 799 892 indignus
820 841 946 889 filius,

1211 922 1434 961 GEORGlUS
1465 922 1754 960 KLEINSCHmD
1789 926 1812 958 ¹.

372 990 535 1043 sigilli
564 992 824 1044 vestigizmz.

375 1063 675 1103 Desideratm
698 1063 951 1114 inscriptio.

372 1135 479 1174 Alia
513 1149 666 1175 manu.
702 1135 795 1174 ΜΒ
817 1148 842 1173 a
863 1137 1051 1187 Spagna,
1075 1148 1115 1186 43
1153 1137 1324 1189 Napoli,
1363 1149 1397 1185 13
1429 1138 1559 1185 Forli,
1594 1144 1697 1184 etc„
1727 1149 1761 1184 13
1794 1138 1920 1175 Fran-

291 1209 371 1255 cia,
400 1218 435 1255 13
459 1208 829 1256 Genoua,›etc.‚1.

1043 1405 1155 1456 297

669 1549 716 1596 P.
769 1549 1171 1608 JOANNES
1218 1549 1549 1596 GARsifx

781 1693 932 1719 ocANJA
961 1682 984 1719 8
1009 1692 1265 1719 SEPTEMBRb
1297 1682 1385 1718 1559
1420 1682 1444 1719 ².

292 1814 320 1852 l.
347 1812 590 1853 Sociorum
611 1814 837 1852 valetudo.
875 1813 1219 1865 Discipztlormn
1246 1816 1537 1864 progressus.
1573 1811 1784 1852 Civitatis
1810 1825 1924 1864 gra-

373 1883 444 1919 tus
478 1893 593 1931 erga
624 1881 771 1920 socios
794 1879 1091 1919 animus—2.
1119 1880 1392 1920 Corzz‘ionztm
1414 1882 1453 1920 et
1475 1878 1924 1931 confessionmnfre-

371 1946 669 1996 quentia—3.
694 1947 978 1985 Fundatorts
997 1948 1209 1986 valetudo
1231 1948 1270 1986 et
1288 1946 1523 1986 benevolus
1545 1944 1741 1984 animus.

349 2084 381 2111 1.
443 2075 471 2123 ἦ·
497 2074 587 2123 jhs.
614 2074 743 2112 Pater
765 2074 807 2112 in
829 2074 962 2113 Chro.
988 2073 1223 2112 admodum
1256 2072 1549 2111 obseruande.
1584 2073 1673 2109 Pax
1706 2071 1805 2120 Dnj.
1844 2071 1922 2108 nri.

285 2147 390 2196 jesu
412 2145 574 2184 Christi
596 2146 650 2184 sit
673 2158 771 2184 cum
796 2146 1011 2193 omnibus,
1036 2158 1164 2184 amen
1196 2150 1282 2184 etc.
1321 2145 1406 2183 Res
1434 2144 1562 2194 hujus
1599 2143 1775 2193 collegij
1801 2154 1924 2180 occa-

290 2217 452 2255 niensis
473 2217 514 2255 in
536 2230 748 2268 prospero
773 2223 816 2255 et
838 2217 986 2256 foelici
1007 2222 1122 2255 statu
1144 2222 1374 2255 versantur
1397 2216 1583 2265 (summa
1604 2215 1696 2253 laus
1719 2221 1763 2252 et
1784 2215 1925 2252 honos

295 2291 388 2328 Deo
413 2289 514 2340 Opt.
541 2289 694 2339 Max.).
723 2289 938 2340 Imprimis
956 2301 1107 2328 omnes
1129 2289 1291 2328 Patres
1312 2290 1351 2327 et
1365 2287 1550 2339 fratres
1570 2287 1733 2333 valent,
1754 2287 1925 2324 nullus-

337 2445 356 2464 ἢ
407 2447 569 2483 victum.
625 2447 689 2471 --b
710 2451 884 2482 tuorum.
940 2453 1002 2471 —C
1028 2443 1409 2481 Vienae1539add
1445 2443 1654 2480 Polanco.

342 2598 348 2616 ¹
404 2598 467 2633 De
496 2610 543 2633 eo
571 2597 615 2633 P.
647 2596 764 2634 Grim
791 2597 831 2633 in
857 2598 975 2634 catal.
1003 2608 1125 2642 supra
1156 2596 1278 2633 citato
1309 2595 1409 2639 (cod.
1443 2594 1582 2631 Germ.
1617 2593 1705 2636 131,
1739 2592 1806 2629 fol.
1839 2592 1922 2633 216,

292 2657 403 2704 prius
429 2656 526 2702 298):
559 2656 787 2703 «Georgius
805 2655 1100 2694 Klainschmid.
1124 2654 1370 2696 Germanus,
1392 2658 1581 2701 quartum
1601 2659 1640 2690 et
1660 2652 1924 2699 uigessimum

292 2717 377 2755 fere
397 2717 616 2764 compleuit
634 2729 798 2754 annum.
816 2716 853 2754 Is
872 2722 1046 2763 quatuor
1065 2716 1144 2753 iam
1164 2728 1290 2753 annos
1307 2715 1454 2763 partim
1474 2715 1512 2751 in
1533 2713 1651 2750 Italia
1671 2713 1737 2750 ubi
1756 2712 1830 2749 fuit
1861 2724 1922 2748 re-

293 2783 434 2825 ceptus
469 2777 509 2813 in
545 2776 764 2818 societate,
798 2776 944 2823 partim
979 2777 1018 2813 in
1050 2774 1274 2813 Germania
1309 2787 1355 2811 ac
1390 2774 1641 2820 potissimum
1677 2772 1716 2809 in
1751 2771 1925 2818 collegio

293 2837 601 2885 ingolstadiensi
621 2836 755 2881 pueris
771 2836 946 2881 legendo
961 2835 1208 2882 consumpsit
1230 2850 1276 2871 ..»
1293 2833 1415 2872 Diem
1429 2844 1663 2881 supremum
1678 2832 1775 2869 obiit
1788 2831 1834 2868 24
1848 2830 1927 2868 No-

291 2897 469 2934 vembris
488 2897 606 2943 hujus
624 2896 733 2938 anni,
755 2902 796 2932 ut
817 2901 988 2942 apparet
1007 2909 1055 2932 ex
1076 2895 1222 2932 litteris
1240 2894 1284 2932 P.
1306 2893 1424 2932 Grim
1443 2894 1507 2931 die
1525 2892 1572 2930 25
1588 2892 1710 2930 datis.

339 2957 352 2977 '²
404 2956 464 2993 Ex
488 2956 755 3002 autographo,
785 2969 809 2992 a
836 2955 1012 2992 Polaneo
1036 2955 1266 2999 emendato,
1299 2955 1338 2991 in
1371 2954 1506 2991 codice
1535 2952 1664 2999 Hisp.
1695 2951 1762 2998 95,
1798 2950 1891 2988 lfol

294 3030 332 3061 n,
361 3016 444 3062 41&
473 3015 584 3064 prius
610 3016 692 3053 544.
723 3015 1104 3062 Aliudexemplum
1123 3015 1343 3052 seeundum
1364 3013 1531 3051 Polanci
1550 3011 1866 3055 emendationes.
1886 3010 1927 3047 in
