2038 3400
369 223 440 260 768
840 227 1056 264 LlTTERAE
1083 227 1438 272 QUADmMESTRes

325 325 687 376 Transsyluaniae
708 331 731 374 ¹,
758 329 866 367 R.m0
896 330 1085 379 quinque
1108 330 1392 377 Ecclesiensi,
1418 331 1525 368 ΚΜ
1543 330 1772 369 viennensi
1794 336 1838 369 et
1859 331 1954 380 alijs

324 396 512 445 duobus,
532 411 715 448 quorum
739 400 913 437 nomina
934 413 1021 438 non
1044 406 1266 447 ocurrunt,
1290 400 1344 439 ad
1365 414 1445 439 nos
1467 402 1650 448 uocatis,
1681 401 1954 452 splendidum

325 470 575 508 conuiuium
624 472 778 521 parari,
810 472 950 509 missis
981 471 1034 510 ad
1065 472 1150 510 hoc
1180 473 1318 523 ipsum
1351 474 1438 511 suis
1475 474 1641 524 coquis,
1674 474 1814 521 iussit,
1845 486 1955 524 quos

325 553 478 579 omnes
499 543 623 592 pueri
643 543 697 580 ad
719 543 803 580 hoc
825 544 1025 581 instructi
1048 544 1239 582 carmine
1262 545 1410 592 latino,
1435 558 1598 596 graeco
1621 550 1753 596 atque
1787 557 1954 596 germa-

322 613 421 651 nico
445 619 731 664 exceperunt.
754 615 988 653 Assidebat
1006 614 1172 653 eisdem
1191 617 1237 654 R.
1260 616 1306 654 P.
1328 616 1614 655 Prouincialis
1633 617 1833 655 omnibus
1851 617 1955 654 mul-

324 684 378 722 tis
400 684 541 723 modis
573 691 616 723 et
651 691 781 723 notus
814 692 857 723 et
888 692 1052 738 gratus.
1089 688 1250 725 Rector
1282 700 1389 725 11010
1423 700 1520 726 011111
1553 689 1602 726 D.
1637 688 1870 726 Lamberto
1895 687 1955 726 of-

323 756 484 803 ficium,
509 757 626 807 quod
648 769 728 795 nos
760 757 1036 807 credentiarij
1071 771 1294 803 uocamus,
1324 758 1655 797 administrauit.
1686 759 1805 797 Idem
1827 759 1956 797 R.¹³‘¹.us

324 829 501 876 Hosius,
526 829 783 867 varmiensis
807 830 1054 880 episcopus,
1081 843 1400 881 saepenumero
1423 843 1593 869 sacrum
1613 831 1728 881 apud
1743 844 1825 869 nos
1842 831 1955 869 cele-

323 900 432 947 brat,
457 913 508 938 ac
539 914 593 939 eo
625 901 843 947 absoluto,
881 902 1076 952 plurimis
1112 901 1165 938 ad
1200 902 1286 939 hoc
1316 903 1477 952 paratis
1512 915 1678 940 sacram
1707 902 1890 952 synaxin
1910 901 1955 939 11-

323 972 443 1009 benti
464 972 607 1010 animo
631 973 917 1019 administrat,
942 973 1073 1024 idque
1099 986 1187 1011 non
1209 974 1373 1024 absque
1396 987 1552 1025 magna
1581 975 1815 1012 multorum
1837 974 1956 1024 spiri-

322 1043 427 1081 tuali
449 1045 769 1089 consolatione,
793 1045 1063 1094 multumque
1081 1045 1123 1082 in
1145 1044 1309 1095 templo
1330 1050 1482 1084 nostro
1506 1057 1554 1083 se
1575 1045 1802 1092 delectari,
1825 1058 1955 1096 quan-

322 1121 411 1152 tum
440 1116 653 1162 intellexi,
691 1116 893 1161 affirmat,
925 1116 1041 1166 quod
1072 1129 1159 1154 non
1194 1117 1326 1155 modo
1360 1117 1511 1156 ordine
1549 1130 1643 1165 suo,
1676 1116 1755 1155 sed
1787 1123 1953 1163 ornate,

322 1185 566 1236 splendide,
590 1188 878 1237 appositeque
903 1189 1046 1226 omnia
1067 1193 1290 1238 gerantur,
1322 1194 1366 1226 et
1397 1189 1604 1240 singulari
1632 1188 1816 1239 quadam
1838 1202 1956 1226 mun-

321 1257 433 1296 dicia
454 1259 623 1309 singula
644 1271 844 1309 quaeque
868 1259 997 1297 etiarn
1020 1259 1200 1298 niteant.
1222 1260 1429 1298 Eiusdem
1448 1261 1630 1299 consilio
1647 1272 1699 1298 ac
1718 1261 1956 1299 autoritate

321 1329 481 1367 factum
506 1335 588 1377 est,
614 1335 659 1367 ut
681 1336 882 1381 tempore
905 1331 1183 1381 rogationum
1214 1337 1389 1382 praeter
1420 1345 1587 1371 morem
1617 1332 1660 1370 in
1689 1333 1775 1370 hoc
1803 1338 1955 1371 nostro

321 1402 484 1452 templo
508 1415 579 1440 res
598 1415 719 1440 53013
738 1403 771 1449 a,
797 1403 866 1440 cui
886 1403 978 1453 ipse
1002 1415 1099 1441 curn
1123 1404 1170 1442 R.
1190 1403 1242 1442 D.
1264 1404 1493 1451 Cromero,
1515 1405 1561 1442 R.
1581 1404 1790 1456 episcopo
1810 1405 1954 1443 electo

321 1474 564 1520 viennensi,
591 1477 710 1512 totus
741 1475 899 1522 clerus,
923 1475 1198 1525 populusque
1220 1475 1473 1514 viennensis
1494 1476 1702 1524 interfuit,
1722 1488 1955 1527 peragere-

323 1551 408 1593 tur,
431 1546 548 1596 quod
573 1559 667 1584 eam
700 1547 755 1585 ob
785 1559 960 1585 causam
995 1548 1157 1587 factum
1187 1554 1310 1598 put0‚
1343 1548 1499 1598 partim
1528 1548 1643 1586 forte
1673 1554 1853 1599 propter
1874 1549 1955 1586 iam

316 1617 484 1655 dictum
503 1619 654 1668 templi
676 1625 875 1656 ornatum
898 1631 949 1657 ac
970 1618 1264 1669 splendorem,
1287 1632 1374 1669 quo
1394 1618 1701 1658 uehementius
1722 1617 1955 1670 impellitur

321 1702 443 1727 mens
477 1691 663 1728 humana
692 1690 746 1728 ad
777 1691 1035 1729 caelestium
1070 1691 1504 1742 contemplationem,
1538 1703 1589 1729 ac
1622 1690 1789 1729 facilius
1828 1702 1955 1728 manu

1362 1762 1374 1781 2

321 1761 509 1809 ducitur,
532 1763 687 1813 partim
717 1763 836 1813 quod
867 1769 1090 1801 scotorum
1122 1764 1331 1814 templum
1406 1764 1691 1802 concionibus
1721 1763 1955 1802 haereticis

321 1846 371 1871 ac
392 1834 769 1872 administratione
787 1836 1050 1873 sacramenti
1068 1835 1364 1884 jacobelitica,
1387 1835 1431 1873 id
1453 1840 1520 1873 est
1542 1835 1621 1873 sub
1643 1839 1842 1885 utraque,
1865 1835 1954 1885 pol—

321 1905 458 1943 lutum
494 1918 627 1956 saepe
659 1906 927 1945 intellexerit
961 1906 987 1944 ³.
1014 1906 1134 1945 Idem
1168 1906 1344 1944 ordines
1376 1919 1525 1945 530105
1557 1907 1695 1945 semel
1725 1912 1856 1956 atque
1876 1906 1955 1944 ite-

322 1989 414 2014 rum
438 1978 519 2014 iam
541 1977 583 2015 in
605 1978 768 2028 templo
791 1983 943 2015 nostro
964 1978 1163 2016 contulit.

402 2050 525 2087 Haec
557 2055 669 2096 sunt,
707 2050 751 2087 R.
786 2051 850 2096 R,
875 2062 985 2100 quae
1010 2050 1061 2088 R.
1093 2051 1136 2087 P.
1160 2049 1209 2087 T.
1243 2063 1358 2088 nunc
1394 2050 1606 2100 temporis
1638 2048 1869 2087 scribenda
1899 2061 1954 2086 ex

320 2121 512 2170 pluribus
538 2122 703 2171 putaui,
736 2122 858 2172 plura
889 2127 946 2169 et,
980 2126 1026 2159 ut
1061 2133 1207 2172 spero,
1241 2122 1418 2169 maiora,
1453 2122 1676 2172 multoque
1699 2119 1953 2158 iucundiora

320 2193 443 2230 breui
480 2194 733 2244 scripturus,
768 2206 865 2231 cum
897 2199 942 2231 et
974 2194 1273 2244 operariorum
1304 2206 1510 2231 numerus
1538 2192 1758 2243 copiosior
1790 2191 1886 2239 erit,
1911 2197 1955 2230 et

366 2319 385 2338 a
437 2320 572 2357 Prius
591 2333 708 2356 530111
715 2333 749 2356 111
757 2348 764 2355 .

370 2444 376 2462 ¹
426 2441 606 2488 Joannes
628 2441 865 2477 Abstemius
884 2441 933 2477 de
955 2440 1208 2478 Bornemisa.

366 2502 378 2521 ²
430 2500 634 2538 Henricus
660 2500 940 2547 Jasomirgott,
973 2501 1063 2542 dux,
1096 2512 1202 2536 anno
1236 2500 1326 2536 1158
1356 2499 1648 2536 monasterium
1684 2499 1724 2535 in
1760 2501 1952 2536 honorem

321 2561 365 2598 Β.
390 2561 440 2598 V.
465 2560 622 2598 Mariae
643 2566 681 2597 et
701 2559 842 2598 Sancti
869 2559 1040 2606 Georgii
1073 2559 1261 2596 Viennae
1289 2560 1501 2603 exstruxit,
1531 2565 1571 2596 et
1597 2559 1805 2597 monachis
1832 2559 1952 2596 bene-

318 2621 477 2658 dictinis
507 2620 658 2657 ibet-nis
677 2633 749 2657 seu
768 2620 926 2657 scoticis
946 2620 1121 2665 tradidit,
1143 2620 1262 2666 quod,
1283 2619 1467 2666 quamvis
1487 2623 1626 2666 postea
1645 2632 1668 2656 a
1686 2617 1952 2655 benedictinis

319 2681 528 2727 germanis
555 2681 816 2723 incoleretur,
846 2693 1008 2727 semper
1039 2679 1329 2717 monasterium
1360 2684 1562 2716 scotorum
1594 2684 1655 2715 est
1685 2679 1951 2725 appellatum.

321 2741 385 2778 Cf.
415 2740 714 2782 ΗΕῙΜΒυεΗΕκ,
744 2740 829 2777 Die
857 2739 1004 2777 Orden
1024 2740 1120 2777 und
1134 2739 1535 2785 Kongregatzvnem
1555 2738 1636 2775 der
1650 2737 1953 2775 katholz'schen

320 2801 482 2838 Kirche
502 2799 537 2845 (2
556 2800 657 2844 ed.)‚
681 2799 708 2843 Ι,
729 2800 799 2836 260
817 2822 823 2824 -
842 2799 922 2836 261.

365 2862 377 2881 ⁸
424 2860 620 2907 Jacobum
639 2872 711 2896 seu
727 2859 981 2906 Jacobellum
997 2860 1045 2896 de
1066 2859 1184 2902 Mies‚
1198 2859 1366 2906 Joannis
1386 2858 1474 2896 Hus
1493 2857 1825 2904 condiscipulum,
1847 2869 1950 2893 com-

319 2922 551 2958 munionem
570 2920 644 2957 sub
663 2925 835 2966 utraque
851 2920 999 2966 speeie,
1017 2920 1139 2957 etiam
1160 2932 1231 2967 pro
1250 2919 1377 2964 laicis,
1399 2919 1560 2965 Pragae
1575 2917 1615 2954 in
1634 2929 1751 2954 usum
1766 2916 1950 2953 deduxis-

317 2993 361 3018 se
379 2980 528 3018 ferunt.
551 2979 614 3017 Cf.
636 2979 1035 3023 HERGENROETHER‚
1058 2980 1202 3017 Storia
1227 2979 1478 3016 universale
1503 2978 1624 3015 della
1647 2977 1797 3014 Chiesa
1824 2976 1860 3020 (4
1886 2977 1946 3013 ed.

318 3040 574 3085 Traduzione
593 3039 761 3076 italiana
780 3039 846 3076 del
865 3038 910 3075 P.
931 3038 1079 3076 Enrico
1100 3040 1223 3082 Rosa,
1245 3039 1292 3077 S.
1317 3038 1379 3083 Ι.),
1405 3037 1456 3083 V,
1476 3037 1558 3075 211.
