2038 3400
371 263 441 300 614
837 265 1058 303 LITTERAE
1086 265 1442 310 QUADRIMESTRES

327 366 442 416 gium
467 367 545 405 sibi
570 368 862 419 impenderet,
885 370 903 387 ⁵¹
925 369 1093 407 scilicet
1116 370 1134 394 Ι)
1166 376 1350 420 experta
1383 370 1438 408 ob
1466 370 1756 422 ignorantiam
1788 369 1956 407 confes·

326 437 425 486 sarij
458 438 679 488 ordinarij,
714 440 808 477 fieri
838 453 924 478 non
955 454 1101 491 posse,
1136 445 1181 478 ut
1209 453 1308 479 suas
1330 442 1541 479 moniales
1563 442 1604 479 in
1633 441 1778 479 officio
1803 446 1846 478 et
1867 453 1955 478 1110-

324 508 491 547 nastica
513 509 738 560 disciplina
759 511 948 549 retineat
980 520 1011 550 0.
1040 511 1206 550 Profuit
1227 524 1401 562 quoque
1432 512 1629 550 eiusdem
1653 524 1787 563 opera
1805 512 1955 561 juueni

327 577 497 617 cuidam
539 581 754 629 studioso,
796 595 970 621 necnon
1018 583 1089 620 vni
1130 582 1285 633 virginj
1327 582 1504 621 Christo
1545 583 1731 630 dicatae,
1773 595 1955 633 quorum

327 657 511 702 vterque
535 658 607 690 aut
630 653 830 692 demonis
852 653 1181 705 impugnatione
1213 654 1500 692 infestabatur
1529 654 1564 701 d,
1588 660 1662 692 aut
1682 654 1866 705 quadam
1894 660 1956 692 te-

325 724 512 762 nebatur
535 726 741 764 amentia.
765 726 870 764 Eius
891 738 1067 776 quoque
1095 726 1280 776 impulsu
1302 726 1464 764 facturn
1488 732 1569 773 est,
1595 732 1642 764 ut
1662 727 1807 777 puella
1827 738 1956 777 quae-

326 794 439 842 dam,
474 797 698 848 religionis
730 798 896 836 habens
927 798 1214 849 propositum,
1246 810 1383 847 ocyus
1405 798 1717 835 monasterium
1738 797 1955 848 quoddam

328 867 540 918 virginum
573 869 898 920 ingrederetur,
932 884 985 908 ne
1018 869 1250 919 lenocinijs
1280 882 1514 920 procorum
1554 871 1595 919 (a
1633 870 1788 920 quibus
1824 871 1956 908 vehe-

325 944 495 977 menter
518 941 836 991 solicitabatur)
859 941 1028 979 irretita
1049 954 1073 978 a
1094 939 1251 978 semita
1281 940 1582 978 mandatorum
1614 941 1695 978 Dei
1727 940 1954 979 deficeret.

325 1011 450 1049 Hanc
480 1024 581 1049 mox
614 1024 711 1050 cum
745 1013 903 1051 eodem
935 1018 1087 1050 sancto
1115 1012 1345 1063 proposito
1369 1016 1556 1063 sequuta
1578 1017 1644 1050 est
1666 1024 1806 1059 soror,
1830 1025 1956 1063 quam

324 1084 516 1122 habebat
538 1084 694 1132 iunior,
721 1092 765 1123 et
787 1098 902 1124 nunc
923 1086 1049 1123 ambe
1073 1085 1115 1123 in
1137 1084 1399 1135 probatione
1431 1089 1677 1123 versantur.
1711 1085 1835 1122 Haec
1862 1085 1955 1122 fere

327 1160 440 1202 sunt,
475 1156 522 1194 R.
557 1157 598 1194 in
623 1157 755 1195 Chro.
791 1158 877 1203 pr„
911 1169 1022 1207 quae
1054 1169 1169 1194 nunc
1199 1169 1297 1194 sese
1329 1155 1456 1194 nobis
1487 1155 1718 1194 scribenda
1749 1156 1953 1195 offerunt.

327 1227 555 1266 Concedat
587 1229 690 1266 Dns.
727 1234 772 1266 ut
803 1228 844 1266 in
874 1234 1101 1279 posterum
1133 1228 1316 1266 materia
1347 1226 1565 1266 scribendi
1599 1228 1726 1266 nobis
1756 1233 1957 1279 suppetat

327 1300 462 1337 multo
496 1299 689 1347 vberior3
722 1301 763 1338 id
795 1300 912 1351 quod
945 1300 1137 1338 futurum
1171 1304 1252 1346 est,
1286 1299 1320 1337 si
1352 1300 1647 1351 vnusquisque
1676 1305 1872 1338 nostrum
1903 1300 1956 1339 ad

324 1383 520 1408 normam
562 1372 927 1410 constitutionum
962 1376 1209 1409 nostrarum
1249 1370 1526 1418 reformatus,
1569 1377 1747 1410 strenue
1788 1372 1956 1423 gratiae

326 1443 407 1480 Dei
438 1443 697 1490 collaboret,
732 1443 849 1494 quod
881 1448 925 1481 ut
948 1448 1222 1494 praestemus
1244 1443 1291 1481 R.
1318 1444 1362 1480 P.
1385 1444 1433 1481 T.
1459 1444 1547 1482 suis
1575 1456 1840 1495 suorumque
1861 1457 1956 1495 pre-

326 1515 448 1553 cibus
471 1522 514 1553 et
536 1516 762 1565 sacrificijs
785 1515 974 1553 diuinam
998 1527 1126 1566 opem
1148 1515 1275 1553 nobis
1296 1514 1515 1566 imploret.
1553 1516 1710 1554 Amen.
1746 1517 1957 1567 Ingolsta·

326 1586 383 1636 dij
408 1587 461 1625 ad
485 1588 689 1626 calendas
711 1588 863 1637 maijas
890 1588 1003 1636 1560.

406 1659 452 1697 R.
480 1660 524 1698 P.
550 1661 601 1698 V.
625 1660 667 1698 in
691 1662 803 1698 Dno.
828 1672 984 1698 seruus
1005 1671 1056 1698 ac
1078 1659 1278 1697 minimus
1294 1658 1422 1706 filius,

1340 1742 1555 1781 NICOLAUS
1586 1743 1784 1782 LANOYUS
1817 1743 1841 1782 ¹.

402 1852 492 1903 Jhs.
519 1852 876 1902 Quadrimestres
899 1850 1076 1902 collegii
1098 1848 1406 1901 ingolstadien.

405 1922 514 1962 Alia
535 1936 691 1962 manu.
716 1922 972 1962 Emendata.

1083 2076 1193 2128 368

779 2210 830 2254 P.
869 2207 1157 2256 THOMAS
1191 2207 1332 2255 RAG
1342 2207 1501 2255 GIUS

917 2340 1029 2368 NOLA
1059 2330 1074 2366 1
1103 2340 1198 2377 MAJI
1228 2329 1317 2366 1560
1343 2329 1368 2365 ².

327 2439 407 2478 1-2.
436 2438 677 2477 Contiones
697 2441 737 2477 et
759 2438 996 2478 doctriome
1026 2437 1311 2477 christianae
1340 2436 1597 2487 explicatio.
1632 2436 1867 2476 Excursus
1897 2438 1956 2474 ad

404 2504 579 2544 vicinos
596 2507 761 2555 pagos.
787 2505 968 2543 Horum
991 2504 1205 2542 laborum
1218 2503 1423 2554 fractus.
1450 2501 1672 2541 Moniazes
1700 2502 1955 2553 spirituali-

406 2572 485 2609 bus
520 2570 750 2609 exercitiis
781 2568 1098 2609 excultaef&
1133 2568 1407 2608 Studiorum
1437 2567 1736 2607 instauratio.
1768 2567 1954 2606 Schola-

403 2636 625 2675 sticornm
648 2648 880 2674 numerus.
908 2635 1101 2675 Diversa
1124 2634 1443 2686 praemiorum
1470 2647 1643 2686 genera
1676 2635 1735 2672 ad
1764 2633 1953 2671 illorum

369 2775 387 2794 ²
438 2773 532 2811 Del.
562 2782 664 2810 rata.
718 2775 784 2797 —b
809 2774 900 2810 Del.
935 2779 986 2810 et.
1041 2781 1105 2798 με
1139 2772 1322 2809 Emend.
1356 2783 1406 2809 ex
1436 2771 1646 2809 retineret.
1700 2770 1765 2795 —d
1798 2770 1950 2807 Praec.

325 2845 363 2870 v.
385 2834 565 2871 obscure
583 2836 829 2869 exaratum.

373 2956 379 2974 ¹
435 2953 616 2999 Collegii
636 2958 781 2989 rector.
803 2951 910 2989 Vide
930 2965 966 3000 p.
988 2953 1058 2989 445
1074 2958 1209 2989 annot.
1234 2953 1264 2989 1.

370 3015 383 3033 '²
434 3013 497 3050 Ex
516 3018 674 3059 autogr.
697 3012 734 3048 in
756 3011 840 3047 cod.
865 3012 945 3049 Sic.
969 3011 1057 3055 181,
1088 3012 1128 3048 ff.
1165 3011 1244 3056 191,
1280 3011 1357 3056 192;
1391 3011 1501 3058 prius
1531 3010 1612 3054 336,
1644 3010 1724 3047 337.
1758 3009 1953 3056 Sequitur

323 3074 433 3112 aliud
450 3072 683 3119 exemplum
699 3071 839 3108 italum
857 3071 895 3107 in
917 3071 955 3108 ff.
982 3071 1063 3108 193Α
1081 3070 1156 3116 194,
1172 3075 1212 3107 et
1228 3071 1459 3118 exemplum
1474 3069 1644 3107 latinum
1658 3069 1698 3106 in
1712 3068 1754 3106 ff.
1775 3069 1858 3106 195-
1872 3068 1949 3106 196.
