2038 3400
519 202 904 242 257.—V1N00130NA
938 204 950 239 1
984 201 1090 250 MAJi
1121 203 1209 239 1559
1566 203 1629 239 177

61 307 266 355 ostendit,
291 320 426 359 seque
447 312 752 358 apparaturum
773 305 985 356 promisit.
1010 304 1300 342 Desiderabat
1328 304 1502 354 quidem
1536 312 1679 343 recto-

60 392 151 418 rem
187 380 373 418 eundem
405 379 564 417 diutius
600 378 713 429 apud
748 390 795 416 se
831 377 1048 423 detinere3
1080 376 1159 414 sed
1181 388 1276 414 Cum
1300 377 1370 414 ille
1393 376 1432 414 in
1458 378 1679 431 Boemiam

58 457 329 501 properaret,
353 451 578 501 pragensis
601 450 775 500 collegij
799 449 981 499 negotia
1002 454 1245 494 curaturus,
1269 447 1471 484 dimissus
1495 452 1560 484 est
1592 454 1680 484 tan-

60 521 159 559 dem
182 522 330 560 oblato
352 522 535 572 primum
555 521 614 558 illi
647 526 691 558 et
721 533 848 558 curru
885 523 928 557 et
963 519 1140 557 uiatico.
1166 520 1295 556 Pater
1318 518 1480 555 uiatico
1505 523 1682 555 conten·

60 597 144 638 tus,
167 591 285 641 quod
305 592 493 630 honeste
509 603 716 630 recusare
738 603 825 629 non
846 590 1002 640 potuit,
1026 589 1239 627 Viennam
1261 588 1315 626 ad
1336 601 1417 626 nos
1440 587 1584 636 redijt,
1609 589 1680 625 ubi

62 675 158 700 curn
194 662 266 700 diu
301 674 479 705 manere
518 674 605 700 non
635 667 787 712 posset
815 662 849 708 a,
886 660 1045 699 auditis
1075 663 1325 711 magnatum
1347 658 1617 708 quorundam
1641 665 1684 695 et

65 734 259 784 episcopi
276 733 492 784 trigestini
516 734 523 752 ¹
548 732 914 779 confessionibus,
933 738 1033 782 post
1055 729 1243 768 triduum
1261 743 1388 768 curru
1405 730 1683 767 uelocissimo

62 805 245 855 Pragam
265 805 482 854 peruenit.
506 804 665 855 Ingens
686 803 887 855 profecto
918 804 960 841 in
992 802 1215 853 Hungaria
1244 801 1370 839 nobis
1402 813 1501 838 sese
1532 801 1686 838 messis

64 875 210 922 offert,
243 874 361 925 quod
391 876 522 912 etiam
553 875 687 912 turcis
717 880 761 912 et
787 874 830 912 id
851 886 991 925 genus
1012 873 1106 922 alijs
1129 873 1365 911 subuenire
1386 883 1518 922 posse
1540 870 1686 908 uidea-

62 959 170 984 mur.
194 946 432 985 Caeterum
452 947 495 984 in
516 947 581 984 his
602 947 765 997 regnis,
790 951 837 983 ut
858 945 1096 995 Hungaria,
1121 944 1318 990 Bo'emia‚
1352 943 1548 989 Polonia,
1582 948 1688 992 quot

62 1018 301 1057 animarum
335 1017 451 1056 milia
484 1017 681 1068 quotidie
714 1022 915 1068 pereant,
951 1017 994 1055 id
1025 1028 1110 1067 ego
1142 1015 1373 1065 lachrymis
1394 1015 1541 1064 potius
1562 1027 1687 1064 quam

64 1090 235 1140 scriptis
274 1089 627 1140 persequendum
662 1094 791 1139 puto,
832 1101 916 1126 nec
954 1088 1171 1125 minimam
1210 1087 1336 1124 huius
1376 1086 1473 1123 mali
1515 1097 1687 1123 causam

62 1160 247 1211 praebet
280 1161 460 1212 insignis
491 1160 771 1199 sacerdotum
791 1172 905 1210 pene
928 1160 1119 1198 omnium
1140 1158 1312 1196 inscitia
1334 1162 1377 1195 et
1397 1156 1691 1207 perditissima

64 1233 167 1270 uita.
191 1232 464 1283 Coniugatos
487 1232 601 1269 enim
624 1244 678 1269 ex
699 1231 765 1268 his
785 1232 1036 1281 plerosque,
1069 1230 1177 1268 alios
1207 1229 1301 1267 fere
1337 1227 1688 1273 concubinarios,

65 1303 258 1354 perfidos
280 1308 426 1341 autem
447 1304 656 1354 plurimos
678 1301 845 1341 uideas.
871 1302 1082 1340 Dominus
1104 1314 1235 1339 ueros
1259 1312 1483 1351 operarios
1504 1300 1545 1337 in
1581 1311 1691 1337 mes-

67 1386 160 1412 sem
180 1374 295 1412 illam
317 1375 556 1425 copiosam,
582 1373 660 1412 sed
682 1373 809 1412 ualde
845 1373 1067 1411 desertam
1102 1373 1278 1410 mittere
1312 1370 1531 1422 dignetur,
1568 1382 1691 1420 prae-

68 1445 218 1483 sertim
253 1457 350 1483 cum
384 1446 541 1496 uulgus
570 1446 810 1491 hominurn,
848 1445 881 1482 si
917 1445 1074 1483 sinceri
1112 1450 1156 1482 et
1191 1443 1395 1482 catholici
1427 1441 1692 1480 accederent

68 1515 340 1564 sacerdotes,
363 1530 452 1555 non
473 1518 533 1554 ita
553 1516 728 1555 difficile
750 1516 922 1554 restitui
942 1528 1073 1566 posse
1096 1515 1312 1553 uideatur.
1336 1515 1426 1552 Iam
1443 1514 1512 1563 qui
1537 1514 1692 1563 strigo-

68 1588 230 1626 niensis
251 1588 567 1638 archiepiscopi
603 1587 907 1638 suffraganeus
938 1586 1110 1633 dicitur,
1150 1591 1216 1624 est
1239 1591 1282 1623 et
1303 1585 1322 1610 b
1343 1584 1436 1635 ipse
1461 1584 1692 1634 episcopus

68 1660 141 1710 qui
161 1666 178 1685 c
198 1659 301 1697 nihil
322 1672 409 1697 non
430 1659 709 1696 humanitatis
724 1659 885 1696 nostris
904 1659 1099 1705 exhibet,
1120 1669 1256 1708 seque
1273 1657 1407 1694 filium
1426 1668 1525 1693 esse
1543 1655 1692 1693 Socie-

71 1731 172 1769 tatis
193 1731 416 1782 gloriatur,
440 1731 540 1780 quia
560 1731 609 1768 R.
634 1731 681 1768 Ρ.
705 1729 934 1768 Claudium
956 1732 983 1777 ²,
1007 1730 1105 1780 piae
1127 1729 1384 1774 memoriae,
1415 1739 1537 1765 sacra
1566 1727 1694 1777 profi-

70 1807 238 1840 tentem
259 1801 424 1839 audiuit
444 1802 627 1839 Vienne.

123 1884 162 1922 9.
222 1873 536 1911 Serenissimus
570 1885 649 1910 rex
685 1873 1000 1911 Maximilianus
1032 1884 1085 1909 eo
1121 1884 1201 1909 nos
1237 1871 1391 1909 fauore
1426 1870 1696 1908 beneuolen-

73 1946 218 1994 tiaque
241 1945 561 1994 complectitur,
581 1956 665 1993 qua
681 1956 889 1982 caesarea
905 1944 1108 1981 maiestas
1129 1947 1142 1966 ³
1165 1943 1296 1989 solet,
1315 1955 1444 1992 quem
1461 1942 1503 1978 in
1519 1941 1696 1991 pascha-

73 2016 183 2053 libus
203 2015 327 2052 festis
349 2016 396 2053 P.
419 2015 615 2053 Victoria
635 2015 700 2052 bis
722 2015 944 2062 conuenit,
978 2020 1023 2052 et
1052 2014 1409 2051 humanissimum
1445 2017 1511 2050 est
1544 2024 1697 2062 exper-

74 2093 158 2134 tus,
197 2087 328 2125 etiam
363 2097 460 2123 cum
492 2085 547 2123 de
581 2086 712 2124 rebus
747 2084 891 2124 arduis
922 2089 1125 2123 moneret
1147 2085 1181 2123 d.
1207 2085 1338 2122 Suam
1359 2084 1486 2122 nobis
1521 2095 1697 2133 operam

74 2159 146 2196 ille
168 2165 185 2183 θ
207 2157 261 2196 ad
283 2157 427 2195 omnia
454 2157 667 2207 promisit.
700 2157 944 2207 Episcopus
977 2156 1233 2207 trigestinus
1268 2155 1422 2193 mirum
1453 2166 1580 2204 quam
1616 2153 1698 2190 sol-

75 2230 192 2268 licite
227 2230 401 2266 Patrem
438 2228 636 2266 consulat
672 2233 716 2266 et
749 2234 956 2279 sequatur
988 2228 1104 2265 circa
1137 2240 1208 2264 res
1240 2226 1545 2265 conscienciae
1578 2236 1696 2270 suae,

75 2300 276 2350 adeoque
297 2299 339 2336 in
368 2302 463 2336 tota
492 2299 707 2336 bonorum
730 2312 906 2337 suorum
935 2298 1310 2336 administratione
1339 2298 1364 2344 f,
1396 2295 1592 2347 quotidie
1615 2297 1699 2333 huc

124 2501 144 2521 a
191 2503 280 2538 Del.
314 2501 369 2537 in.
421 2501 487 2526 ——b
509 2505 550 2536 et
572 2502 710 2545 supra
740 2510 850 2536 vers.
908 2507 968 2525 mc
988 2500 1055 2547 qui
1087 2505 1224 2547 supra
1250 2510 1360 2536 vers.
1426 2500 1492 2523 *d
1524 2498 1705 2535 Videtur

79 2563 202 2606 prius
220 2562 368 2606 script.
390 2564 636 2603 moneretur,
657 2559 739 2606 qui.
796 2567 857 2584 -e
880 2560 949 2595 ille
968 2565 1105 2606 supra
1124 2570 1234 2596 vers.
1290 2581 1303 2583 -
1336 2560 1347 2583 f
1374 2559 1458 2596 Del
1474 2559 1552 2594 uel.

1125 2732 1143 2754 ‘¹1

129 2772 138 2792 ¹
191 2771 394 2808 Antonius
412 2771 660 2818 (Paraguez)
678 2771 727 2808 de
748 2769 1003 2816 Castillegio.
1026 2769 1184 2813 EUBEL,
1206 2768 1275 2812 III,
1295 2768 1378 2805 329.

128 2830 141 2849 ²
190 2829 233 2866 Ρ.
254 2829 450 2867 Claudius
465 2829 579 2878 Jajus
598 2842 648 2866 ex
674 2830 813 2877 primis
838 2829 956 2866 sociis
984 2827 1059 2865 Sti.
1086 2827 1234 2874 Ignatii
1262 2827 1298 2871 (1-
1319 2829 1483 2864 ineunte
1513 2827 1703 2872 Augusto

84 2888 187 2933 1552)
206 2890 451 2936 theologiam
469 2889 660 2926 Viennae
680 2890 813 2926 docuit
827 2902 919 2925 ann.
938 2887 1164 2924 1551-1552,
1187 2887 1248 2924 Cf.
1266 2887 1401 2932 Epist.
1418 2886 1509 2922 PF.
1528 2886 1702 2922 Broffil...

82 2948 296 2992 mezerici,
316 2948 387 2985 369
404 2959 506 2996 sqq.;
528 2948 739 2990 Pommco,
759 2949 926 2990 Chrom,
946 2947 995 2990 ΙΙ,
1015 2946 1085 2983 269
1103 2959 1203 2993 sqq.,
1223 2947 1293 2983 565
1311 2959 1395 2992 sqq.

130 3007 143 3026 ³
194 3006 228 3043 F
231 3008 476 3044 erdinandus
495 3008 726 3055 imperator.

227 3091 390 3117 errmun
410 3090 814 3124 QUAnmmns'rans.—-T0M.
838 3090 890 3114 VI.
1535 3090 1565 3110 ι’.)
