2038 3400
365 248 435 284 810
844 248 1064 283 LITTERAE
1093 247 1449 291 QUADR1MESTRES

321 351 498 389 deserta
529 352 670 399 vinea,
706 352 903 391 Christus
926 350 1138 389 Dominus
1168 363 1245 401 per
1274 352 1508 403 collegium
1538 366 1754 404 pragense
1784 353 1950 391 fruetus

320 435 397 473 pro
421 436 499 461 sua
521 424 755 461 clementia
789 422 1037 473 producere
1060 422 1264 473 dignatus
1295 429 1377 470 est,
1410 422 1474 460 his
1505 424 1642 462 literis
1674 429 1717 462 et
1747 425 1832 462 hoc
1861 424 1950 475 qui-

320 495 420 534 dem
443 495 596 533 ordine
618 494 859 545 perscribo,
884 507 970 544 quo
993 494 1131 544 possit
1154 494 1250 531 R.da
1282 495 1327 532 P.
1352 495 1402 532 V.
1432 495 1615 545 primum
1647 496 1821 546 collegij
1852 508 1950 534 nos-

319 566 388 614 tri,
413 567 572 605 deinde
603 567 706 604 noui
738 566 1043 604 conuictorum
1075 578 1126 604 ac
1157 564 1454 604 studiosorum
1485 579 1725 617 pauperum
1756 568 1949 616 collegij,

318 644 409 677 tum
432 640 608 678 scholae
632 644 808 676 nostrae
832 644 1007 685 statum,
1033 651 1084 676 ac
1104 642 1329 688 postremo
1360 640 1581 686 nonnulla,
1606 652 1717 690 quae
1749 639 1802 677 ad
1833 640 1952 690 spiri-

321 712 482 748 tualem
506 710 692 761 proximi
710 714 909 759 spectant
929 710 1177 756 vtilitatem,
1197 709 1374 761 pietatis
1393 723 1526 761 opera
1544 722 1834 761 cognoscere.
1855 711 1952 750 Col-

320 782 482 833 legium
504 781 635 833 igitur
652 786 866 827 nostrum,
886 781 1003 831 quod
1021 781 1074 818 ad
1093 785 1324 819 externum
1342 782 1501 819 attinet
1522 781 1784 829 aedificium,
1804 782 1951 820 hacte-

319 867 399 893 nus
420 853 595 905 quidem
615 853 803 903 collegia
819 853 1016 903 plurima,
1037 859 1125 890 tam
1142 854 1226 890 loci
1244 853 1542 903 amplitudine,
1561 867 1687 904 quam
1705 853 1950 892 scholarum

321 931 364 963 et
385 926 614 963 hortorum
643 924 961 963 commoditate
994 923 1232 975 superauit,
1255 923 1357 975 quin
1386 925 1470 962 iam
1506 925 1713 975 singulari
1742 924 1953 962 industria

320 996 408 1035 R.di
430 997 538 1034 Pris.
564 1010 587 1034 a
608 996 803 1034 Victoria
825 996 968 1046 (cuius
990 997 1120 1035 etiam
1143 995 1338 1034 absentis
1360 1009 1559 1047 magnam
1582 1009 1687 1047 erga
1713 1009 1794 1034 nos
1817 994 1952 1034 chari·

320 1074 455 1106 tatem
485 1081 536 1106 ac
567 1067 892 1106 solicitudinem
914 1068 1170 1118 frequenter
1202 1067 1470 1118 experimur)
1500 1067 1613 1118 apud
1635 1068 1678 1106 S.
1705 1068 1752 1106 C.
1780 1068 1835 1105 M.
1862 1069 1868 1088 ¹
1894 1067 1952 1104 ef-

319 1140 499 1187 fectum,
523 1146 655 1191 atque
677 1140 748 1178 hic
768 1151 846 1190 per
869 1139 1196 1178 serenissimum
1227 1138 1507 1178 archiducem
1530 1141 1541 1156 ²
1563 1139 1843 1177 commissum
1867 1144 1949 1185 est,

320 1216 365 1249 ut
388 1212 428 1250 in
452 1225 575 1250 vsum
600 1212 788 1262 Collegij
812 1212 905 1250 fere
927 1222 1006 1260 400
1026 1212 1183 1249 thaleri
1205 1211 1489 1258 donarentur,
1514 1211 1670 1262 quibus
1700 1212 1782 1249 hac
1812 1215 1951 1248 aesta-

321 1290 365 1322 te
406 1289 546 1322 totum
588 1283 818 1321 instaurari
858 1282 1162 1321 dormitorium
1199 1287 1242 1320 et
1277 1296 1393 1320 noua
1428 1284 1702 1333 hypocausta
1738 1282 1952 1320 cubicula-

320 1367 404 1405 que
429 1355 623 1393 debeant
643 1354 883 1404 aedificarj.
907 1355 962 1392 Et
985 1367 1082 1392 cum
1112 1359 1292 1405 propter
1316 1355 1589 1404 oybinnense
1622 1354 1950 1402 monasterium,

319 1428 436 1466 unde
458 1427 626 1465 reditus
648 1427 777 1465 annui
805 1427 932 1465 nobis
955 1426 1126 1474 dantur,
1151 1439 1331 1478 magnas
1362 1439 1494 1477 saepe
1517 1426 1799 1465 difficultates
1822 1438 1953 1476 expe-

319 1500 493 1545 riamur,
528 1499 611 1536 iarn
642 1499 685 1537 S.
713 1500 761 1538 C.
789 1500 843 1536 M.
876 1499 1003 1549 plane
1027 1498 1243 1546 decreuit,
1276 1511 1328 1537 ac
1359 1500 1406 1537 R.
1432 1500 1478 1537 Ρ.
1505 1498 1767 1537 prouinciali
1787 1499 1799 1519 ³
1821 1503 1951 1548 atque

321 1572 368 1609 R.
394 1571 573 1609 Rectori
593 1575 747 1608 nostro
769 1571 781 1590 ⁴
802 1576 1010 1621 porrecta
1029 1583 1158 1608 manu
1180 1570 1378 1621 promisit
1399 1569 1656 1620 propediem
1672 1570 1783 1617 fore,
1808 1575 1854 1607 ut
1874 1582 1951 1620 pro

321 1642 551 1692 oybinensi
581 1642 852 1680 monasterio
877 1641 1201 1680 commodiores
1225 1641 1415 1692 collegio
1448 1641 1614 1679 reditus
1635 1641 1950 1679 adscribantur.

319 1714 387 1752 Ad
408 1713 657 1765 augendum
687 1715 865 1764 insuper
896 1713 1046 1764 templi
1076 1713 1215 1752 nostri
1247 1714 1410 1752 cultum
1440 1714 1536 1764 piae
1559 1713 1774 1764 quaedam
1803 1726 1952 1764 perso-

318 1798 399 1823 nae
422 1798 733 1836 nonnunquam
754 1785 1000 1836 pecuniam‚
1026 1785 1104 1823 sed
1125 1783 1398 1835 frequentius
1415 1784 1608 1832 donaria,
1633 1785 1832 1823 nimirum
1855 1785 1952 1822 sub-

316 1857 417 1895 tiles
440 1861 482 1895 et
507 1857 755 1895 elaboratas
777 1870 968 1907 mappas,
993 1857 1135 1895 serica
1154 1857 1283 1908 pepla
1305 1861 1349 1894 et
1381 1856 1586 1907 egregias
1609 1855 1813 1895 candelas
1846 1855 1952 1894 offe-

319 1933 431 1966 runt.

373 2010 409 2038 2.
470 2000 558 2039 Sed
580 2001 797 2038 internum
820 2005 1073 2037 nostrorum
1096 2000 1271 2037 Patrum
1301 2012 1353 2038 ac
1374 1999 1556 2037 fratrum
1580 1998 1830 2050 collegium,
1856 2003 1902 2036 ut
1929 2010 1953 2035 a

321 2073 367 2110 R.
394 2074 440 2110 Ρ.
466 2073 516 2111 V.
540 2073 674 2123 pluris
695 2072 829 2110 dubio
851 2073 1004 2123 procul
1036 2071 1310 2118 aestimatur,
1334 2071 1394 2109 ita
1414 2083 1591 2122 quoque
1612 2071 1813 2109 foelicius
1834 2070 1876 2108 in
1906 2070 1952 2107 li-

319 2150 525 2191 terarum,
558 2145 785 2191 virtutum,
818 2143 897 2182 sed
930 2143 1211 2182 obedientiae
1241 2143 1500 2194 praesertim
1532 2142 1688 2192 studijs
1722 2142 1950 2193 plurimum

319 2216 358 2253 in
382 2215 476 2254 dies
497 2216 705 2267 progredi
728 2215 917 2254 uidetur.
944 2216 1068 2263 Nam,
1095 2222 1141 2253 ut
1163 2215 1306 2253 obiter
1329 2215 1539 2266 attingam
1558 2214 1715 2262 studia,
1740 2227 1837 2253 cum
1853 2215 1951 2254 hac-

318 2293 446 2325 tenus
482 2287 689 2326 idoneum
725 2287 877 2326 classis
909 2287 1159 2325 rhetoricae
1190 2291 1543 2337 praeceptorem,
1573 2297 1718 2335 neque
1749 2285 1850 2324 hinc
1878 2299 1951 2324 ne-

318 2372 403 2410 que
438 2359 612 2397 aliunde
643 2358 916 2410 potuerimus
949 2360 1167 2405 obtinere,
1201 2364 1247 2396 ut
1277 2359 1390 2396 hanc
1422 2359 1477 2396 ob
1508 2370 1601 2396 rem
1625 2369 1702 2396 eos
1723 2365 1756 2405 a,
1780 2358 1853 2408 qui
1882 2358 1953 2397 hic

319 2437 433 2479 sunt,
467 2432 704 2483 theologos
742 2432 989 2482 oportuerit
1023 2431 1065 2469 in
1102 2443 1154 2469 ea
1189 2431 1328 2469 classe
1363 2431 1496 2481 longo
1532 2435 1733 2480 tempore
1768 2431 1950 2477 uersari3

318 2504 496 2542 tandem
527 2504 608 2541 hac
630 2508 816 2551 aestate,
850 2504 972 2541 iuxta
1003 2504 1050 2541 R.
1077 2504 1123 2541 P.
1151 2502 1436 2541 Prouincialis
1457 2502 1790 2554 praescriptum,
1814 2502 1951 2540 nostri

321 2575 495 2626 quidam
518 2576 676 2613 fratres
696 2575 739 2613 in
763 2575 967 2624 oratorijs
997 2587 1048 2613 ac
1078 2574 1249 2626 graecis
1279 2574 1544 2613 lectionibus
1576 2581 1619 2612 et
1650 2573 1950 2625 disputationi-

365 2737 384 2756 a
435 2749 502 2773 eos
523 2749 591 2773 eos
611 2747 691 2773 ms.

366 2883 373 2902 ¹
428 2880 714 2918 Ferdinandus
733 2879 761 2923 Ι,
784 2880 1020 2926 imperator.

365 2942 377 2961 ²
428 2940 724 2983 Ferdinandus,
747 2940 1003 2986 imperatoris
1024 2940 1141 2976 filius.

364 3003 376 3022 ³
430 3001 473 3038 P.
496 3000 642 3037 Petrus
662 2999 865 3036 Canisius.

365 3062 379 3081 ⁴
430 3061 475 3098 P.
497 3060 651 3098 Paulus
669 3058 881 3097 Hofiaeus.
