2038 3400
614 179 951 216 259.—MESSANA
978 181 999 215 3
1028 179 1133 225 Maele
1167 180 1254 216 1559
1638 183 1699 217 187

131 292 203 318 eas
225 280 418 318 dictante
439 279 699 331 paedagogo
723 279 938 318 daemone
960 279 1094 318 fuisse
1115 280 1321 330 prolatas.
1354 282 1562 328 Tandem,
1586 284 1653 319 ubi
1678 297 1745 331 pa-

128 363 300 400 rumper
338 350 540 388 haeresin
580 350 693 388 illam
733 350 1033 400 deposuisset,
1075 351 1262 388 animum
1302 352 1500 401 arripnit,
1542 355 1581 391 ef
1621 366 1746 391 omne

127 421 307 472 [lagiae
327 422 557 460 stabulum
584 415 863 473 expurgans,
886 421 990 459 illud
1020 421 1157 472 ipsum
1188 422 1305 471 quod
1337 423 1499 460 tamdiu
1530 426 1744 462 occultum

127 491 352 541 gessisset,
377 491 631 538 declarauit3
656 496 917 542 sumptoque
935 492 1130 542 corporis
1152 492 1313 530 Christi
1333 493 1510 540 uiatico,
1534 494 1586 531 ad
1610 495 1745 544 pristi-

126 576 225 601 num
247 564 404 601 mentis
426 563 624 613 uigorem
647 568 713 601 est
734 568 982 601 reuocatus.

179 643 215 681 5.
277 633 429 671 Mulier
450 645 561 684 quae
594 638 717 671 extra
749 633 1009 682 matrimonij
1034 633 1272 684 compedes
1303 647 1379 684 per
1415 645 1458 681 13
1489 648 1625 673 annos
1656 636 1747 674 aliis

125 702 189 741 sui
211 704 406 754 corporis
429 704 597 754 copiam
619 703 801 751 fecerat,
825 702 879 742 ad
915 704 1113 742 castioris
1135 703 1251 742 uitae
1279 705 1522 743 institutum
1544 718 1567 743 a
1589 707 1747 744 nostris

125 775 370 822 exhortata,
395 775 762 822 confessionibus,
785 774 955 813 ieiuniis
978 775 1158 826 aliisque
1180 776 1221 813 id
1243 789 1383 827 genus
1414 777 1494 827 piis
1525 779 1744 828 operibus,

123 845 318 896 quotidie
354 859 402 885 se
437 851 576 886 totam
611 847 794 885 deuouit
824 855 856 886 ⁸.
890 848 952 885 Ea
981 852 1127 886 autem
1158 860 1331 899 semper
1363 849 1561 887 Patribus
1588 850 1747 887 nostris

122 918 356 968 praecipua
385 931 488 956 cura
518 918 611 965 fuit,
635 931 690 956 ne
721 919 881 957 amoris
912 918 1153 969 coniugalis
1182 919 1295 957 inter
1330 918 1468 958 uirum
1500 926 1543 958 et
1566 933 1746 958 uxorem

123 988 340 1026 uinculum
363 988 586 1037 dissiliret;
610 995 654 1027 et
676 989 711 1027 si
737 988 909 1040 quando
941 990 1184 1028 simultates
1215 990 1379 1040 aliquas
1410 992 1479 1029 uel
1510 992 1748 1030 nubeculas

123 1060 225 1097 oriri
240 1060 533 1111 contingeret,
549 1073 659 1111 quae
676 1064 987 1111 tempestatem
1000 1066 1155 1112 postea
1171 1061 1425 1100 uiderentur
1435 1062 1745 1112 producturae,

124 1130 443 1169 studiosissime
466 1131 750 1182 aduigilatum
774 1137 855 1178 est,
880 1136 926 1169 ut
947 1131 1087 1183 gratia
1106 1131 1286 1183 pristina
1316 1132 1454 1170 coiret
1487 1138 1530 1171 et
1561 1134 1747 1172 sancire-

121 1207 204 1240 tur.
229 1202 355 1240 Adeo
378 1207 424 1239 ut
445 1215 533 1240 non
554 1214 721 1254 paucae
744 1203 966 1249 mulieres,
986 1215 1097 1253 quae
1115 1204 1185 1241 uel
1202 1203 1285 1241 iam
1304 1202 1443 1241 mariti
1461 1205 1634 1243 thorum
1652 1205 1748 1243 reli-

121 1278 318 1324 querant,
343 1274 414 1311 uel
445 1285 557 1324 quae
593 1273 827 1311 diuortium
863 1272 1152 1312 meditaturae
1189 1274 1490 1322 crederentur,
1524 1275 1611 1313 suis
1647 1275 1747 1314 uiris

122 1345 432 1383 reconciliatae
456 1345 554 1383 sint.
579 1345 646 1383 Ne
668 1344 771 1396 quid
787 1345 960 1383 interim
977 1343 1117 1383 dicam
1136 1345 1190 1384 de
1209 1346 1462 1396 compositis
1481 1347 1593 1384 inter
1609 1347 1747 1398 priua-

121 1423 191 1454 tos
214 1415 324 1454 odiis
347 1415 599 1466 sedatisque
631 1415 833 1463 dissidiis,
867 1428 979 1466 quae
1001 1429 1025 1454 a
1046 1417 1181 1455 multo
1212 1417 1295 1455 iarn
1327 1422 1526 1468 tempore
1559 1417 1747 1456 excitata

121 1487 262 1526 fuere.
300 1487 399 1526 Huc
432 1486 643 1538 adiungas
678 1486 828 1525 licebit
863 1489 982 1537 quod
1012 1488 1030 1512 b
1060 1500 1366 1526 messanenses
1396 1489 1438 1526 in
1466 1489 1595 1528 rebus
1619 1490 1746 1527 etiam

119 1559 388 1610 grauissimis
406 1559 588 1598 consilio
612 1564 860 1597 nostrorum
889 1560 1063 1597 Patrum
1095 1559 1209 1598 haud
1237 1559 1373 1598 inuite
1404 1565 1593 1608 utantur,
1617 1566 1748 1611 atque

117 1630 230 1668 illius
251 1630 391 1681 gratia
410 1630 668 1681 frequentes
689 1630 743 1668 ad
765 1643 845 1669 nos
863 1635 1085 1677 comeent,
1106 1631 1236 1669 etiarn
1254 1631 1313 1669 illi
1329 1633 1401 1682 qui
1417 1645 1637 1670 sacrarum
1654 1632 1748 1670 lite-

119 1714 261 1740 rarum
284 1701 509 1740 scientiam
538 1702 814 1752 profitentur,
839 1704 1115 1753 quantumuis
1145 1703 1277 1754 longa
1306 1703 1391 1741 loci
1421 1702 1748 1754 intercapedine

117 1787 142 1812 a
162 1773 288 1812 nobis
310 1773 456 1824 positi3
479 1773 592 1811 adeo
615 1778 661 1811 ut
689 1785 826 1823 nuper
848 1773 1037 1825 quidam,
1063 1787 1242 1813 emenso
1266 1785 1316 1822 30
1338 1774 1514 1813 millium
1544 1788 1747 1826 passuum

118 1845 274 1896 spatio,
293 1844 406 1883 illius
430 1857 537 1896 ergo
560 1844 614 1883 ad
634 1856 715 1883 nos
737 1844 922 1883 uenerit.

169 1917 207 1955 6.
269 1915 468 1956 Calabria
488 1929 664 1968 quoque
685 1922 936 1956 nostrorum
957 1917 1071 1956 fama
1094 1917 1285 1956 excitata
1312 1918 1480 1968 aliquos
1512 1931 1566 1956 ex
1588 1919 1748 1957 nostris

119 1987 407 2026 concionandi
442 1989 596 2039 gratia,
636 1993 678 2026 et
718 1987 983 2039 deprauatos
1013 1990 1161 2040 populi
1196 2003 1341 2028 mores
1381 1989 1560 2028 rationis
1594 1991 1745 2028 fraeno

118 2059 371 2106 coercendi,
395 2060 507 2098 mitti
529 2072 661 2110 saepe
679 2060 946 2098 sollicitauit.
980 2061 1075 2099 Nec
1105 2059 1263 2098 desunt
1292 2061 1352 2099 ibi
1374 2061 1532 2112 oppida
1559 2074 1669 2112 quae
1693 2061 1746 2099 de

118 2130 338 2181 erigendis
361 2131 559 2182 collegiis
583 2137 627 2169 et
649 2138 836 2183 egerunt
856 2132 1100 2178 nobiscum,
1126 2138 1170 2170 et
1200 2130 1363 2170 tamdiu
1394 2138 1570 2171 acturos
1591 2146 1746 2184 propo·

118 2207 314 2249 suerunt,
339 2202 497 2250 donec,
527 2201 645 2254 quod
677 2208 815 2250 orant,
851 2202 1148 2242 exorauerint.
1181 2204 1269 2241 Iam
1301 2214 1364 2251 20,
1397 2204 1439 2242 ni
1469 2204 1607 2251 fallor,
1641 2205 1747 2255 lapsi

118 2280 216 2312 sunt
238 2273 331 2312 dies
355 2286 408 2312 ex
431 2286 516 2325 quo
539 2274 713 2325 quidam
737 2287 790 2312 ex
812 2274 884 2312 illa
904 2273 1087 2325 regione
1118 2274 1171 2313 ad
1202 2287 1281 2313 nos
1303 2276 1438 2323 uenit,
1471 2289 1553 2314 nec
1579 2276 1746 2327 ignobi-

117 2345 182 2392 lis,
206 2345 241 2383 si
262 2357 391 2395 quem
415 2357 469 2383 ex
492 2346 615 2383 uultu
636 2345 830 2384 iudicare
857 2344 975 2392 licet,
999 2358 1082 2384 nec
1112 2358 1159 2383 re
1180 2346 1343 2393 illauta,
1367 2347 1439 2396 qui
1459 2347 1591 2385 filium
1624 2361 1745 2385 suurn

118 2417 367 2466 ephoebum
407 2429 536 2467 quem
573 2417 614 2455 in
653 2417 739 2455 hoc
778 2429 926 2455 secum
967 2417 1224 2465 adduxerat,
1261 2424 1511 2457 nostrorum
1543 2420 1744 2469 catalogo

117 2487 297 2525 asscribi
320 2487 571 2526 enixissime
593 2493 785 2539 rogaret.
825 2490 1021 2539 Cumque
1056 2489 1347 2527 intellexisset
1383 2502 1480 2527 eum
1517 2490 1608 2527 sine
1646 2502 1744 2527 con-

116 2571 247 2597 sensu
283 2559 330 2597 P.
368 2559 647 2609 prouincialis
684 2559 710 2606 ¹,
747 2572 874 2609 quem
915 2558 1111 2610 quotidie
1149 2565 1448 2611 expectamus,
1487 2561 1621 2611 recipi
1660 2573 1743 2598 non

115 2642 262 2679 posse,
289 2630 430 2668 noluit
458 2643 505 2668 re
540 2630 704 2669 infecta
733 2630 910 2669 domum
942 2631 1101 2678 redire,
1135 2630 1213 2670 secl
1244 2632 1378 2670 filiurn
1410 2632 1554 2670 statim
1586 2632 1745 2670 nostris

164 2812 184 2832 a
247 2812 429 2850 Videtur
445 2814 591 2851 emnd.
614 2825 664 2852 ex
682 2815 872 2851 deuouet.
926 2816 990 2840 —b
1011 2827 1115 2861 quae
1137 2817 1212 2859 (?).

163 2987 169 3006 ¹
228 2985 269 3023 P,
297 2985 573 3034 Hieronymus
593 2986 842 3025 Domenech.
