2038 3400
535 270 874 308 338.—PAN0RM0
904 270 946 307 15
966 268 1166 316 JANUARn
1196 268 1285 305 1560
1605 267 1675 304 495

98 374 368 424 excrucjare.
393 375 515 411 Tunc
534 378 786 423 portentum
807 372 910 410 illud
931 372 1116 410 immane
1140 365 1415 421 septipedem
1438 384 1483 407 se
1506 370 1719 418 nomjnari

96 445 334 496 respondit.
372 445 669 494 Quamobrem
700 444 867 494 ingenti
902 456 999 481 cum
1021 441 1313 492 trepidatione
1349 454 1400 479 ac
1420 441 1718 487 festinatione,

97 516 169 554 ubi
190 516 284 555 dies
304 515 459 562 illuxit,
484 515 672 564 sollicjta
694 527 797 552 suae
834 514 999 561 salutis,
1031 511 1269 564 proper[at]
1303 512 1357 550 ad
1387 518 1582 549 nostrum
1614 517 1720 549 tem-

95 588 210 638 plum
233 600 367 638 seque
390 586 560 624 leuibus
582 586 838 636 quibusdam
861 589 1073 623 exonerat
1094 583 1377 634 ponderibus,
1402 596 1513 633 quae
1544 594 1721 633 praece-

97 657 217 696 denti
240 658 519 696 confessione
550 669 635 695 non
664 657 944 707 deposuerat.
970 655 1042 694 Sic
1068 667 1092 692 a
1126 655 1352 693 teterrima
1387 654 1723 692 cacodaemonis

96 729 279 767 liberata
300 728 531 777 serujtute,
556 740 671 765 nunc
691 727 921 765 famulatur
944 728 1054 773 Deo,
1080 725 1148 774 cuj
1173 726 1341 774 serujre
1364 737 1550 775 regnare
1573 730 1654 762 est.

150 811 187 838 2.
249 800 434 850 Quidam
457 799 592 848 diujni
619 799 743 837 uerbi
772 799 922 837 iaculis
951 798 994 836 in
1025 797 1158 836 corde
1192 797 1440 843 transfixus,
1465 797 1517 834 ab
1540 796 1723 833 authore

97 871 276 917 doloris,
299 872 384 909 hoc
407 876 473 909 est
494 884 519 908 a
539 871 730 917 Christo,
755 869 994 909 remedium
1017 869 1181 908 doloris
1202 869 1388 919 accepit,
1415 874 1459 906 ut
1487 881 1604 905 nouo
1636 868 1724 917 ple-

97 956 176 980 nus
210 942 418 993 feruo[re]
454 943 627 993 spiritus
657 943 831 993 penitus
861 942 1157 992 resipisceret,
1192 946 1513 990 excuteretque
1550 952 1723 977 omnem

98 1020 297 1052 ueterem
319 1019 532 1063 teporem:
562 1014 598 1051 is
627 1026 798 1064 nanque
830 1012 1050 1051 sacerdoti
1082 1013 1175 1050 eius
1212 1012 1407 1049 ministro
1444 1016 1576 1061 atque
1612 1010 1726 1048 vica-

98 1085 161 1123 rio
183 1085 387 1136 quicquid
421 1097 631 1123 annorum
667 1085 791 1133 fe[re]
826 1085 1004 1135 triginta
1033 1083 1220 1122 decurso
1260 1083 1431 1133 s[patio]
1467 1080 1727 1119 delictorum

100 1157 392 1203 commiserat,
417 1168 468 1201 ac
487 1156 680 1206 plurimis
705 1157 805 1194 olim
828 1155 1213 1204 confels]sionibus
1241 1159 1476 1204 aperuerat
1502 1152 1728 1204 peculiari-

99 1228 194 1275 bus,
219 1240 303 1265 una
324 1227 567 1276 eademque
599 1227 793 1277 generalj
819 1226 1078 1277 omologesi,
1100 1226 1268 1276 largum
1301 1224 1531 1263 effundens
1562 1224 1728 1272 lachry-

100 1312 264 1337 marum
298 1299 363 1348 (ut
396 1297 457 1336 ita
491 1298 650 1348 dicam)
685 1298 882 1345 imbrem,
919 1297 1144 1348 patefecit.
1184 1297 1267 1335 Hic
1300 1296 1494 1347 plurimis
1533 1294 1728 1345 negotijs

100 1371 293 1409 irretitus
316 1378 360 1409 et
390 1370 670 1419 difficilljmis,
704 1370 889 1408 maxime
922 1367 1115 1420 inquieta
1146 1373 1189 1406 et
1219 1368 1431 1418 perplexa
1462 1366 1731 1405 conscientia

103 1447 211 1490 erat3
243 1455 358 1480 nunc
387 1455 495 1480 uero
525 1440 838 1491 tranquillitate
869 1441 999 1490 anjmi
1028 1441 1186 1490 frujtur
1220 1439 1545 1485 iucundissima,
1568 1438 1729 1488 pioque

94 1514 266 1555 affectu
287 1514 540 1564 frequentat
558 1518 732 1551 nostras
755 1513 1007 1551 conciones.

152 1597 190 1634 3.
251 1585 479 1635 Quaedam
501 1585 653 1622 mulier
675 1584 824 1623 audito
849 1585 984 1623 uerbo
1008 1584 1104 1631 Dei,
1130 1596 1266 1634 usque
1284 1582 1397 1620 adeo
1419 1586 1621 1632 permota
1643 1586 1725 1627 est,

102 1662 147 1695 ut
183 1657 415 1696 confestim
448 1656 842 1706 pertinacissimum
879 1656 1025 1694 odium
1059 1668 1144 1706 quo
1180 1654 1460 1692 infestissime
1497 1658 1731 1703 persecuta

102 1728 318 1779 quendam
338 1728 495 1775 fuerat,
514 1728 586 1778 qui
603 1727 682 1765 sibi
701 1733 935 1778 cognatum
959 1727 1181 1766 occiderat
1198 1727 1433 1771 hominem,
1458 1724 1728 1775 deposuerit,

102 1812 153 1837 ac
172 1800 290 1838 hosti
311 1800 619 1851 capitalissimo
642 1799 839 1837 iniuriam
863 1811 1035 1836 omnem
1068 1798 1406 1836 clementissime
1439 1796 1656 1834 remiserit
1687 1801 1730 1832 et

104 1871 376 1909 condonarit.
400 1871 730 1921 Saepenumero
755 1870 815 1916 fit,
841 1875 886 1907 ut
907 1870 1131 1920 plaerique
1161 1869 1253 1906 sine
1285 1867 1523 1916 confitendj
1549 1866 1730 1905 consilio

103 1948 176 1980 aut
201 1943 427 1980 uoluntate
457 1941 725 1980 accedentes
747 1940 801 1978 ad
824 1941 1076 1987 conciones,
1101 1953 1203 1978 mox
1224 1940 1564 1991 praeteritorum
1595 1938 1732 1976 scele-

104 2027 197 2051 rum
228 2014 456 2064 repentina
485 2012 635 2051 affecti
666 2011 939 2062 poenitentia
973 2011 1206 2049 fateantur.
1241 2011 1417 2048 Plurimi
1448 2010 1733 2048 concionibus

103 2086 207 2136 ipsis
240 2085 456 2124 intersunt
492 2085 741 2135 optimates,
778 2096 861 2121 nec
895 2082 1126 2134 pauciores
1161 2088 1385 2120 matronae
1420 2080 1731 2128 nobilissimae,

104 2170 215 2208 quae
238 2157 418 2195 uberem
440 2157 543 2194 satis
578 2156 678 2194 inde
713 2160 939 2205 reportant
972 2154 1159 2205 frugem.
1194 2154 1325 2203 Quod
1360 2154 1536 2204 quidem
1572 2155 1731 2192 emensa

101 2227 340 2278 perspicuo
365 2235 384 2252 a
406 2228 699 2273 confirmatur,
733 2226 937 2276 quonjam
968 2225 1183 2264 accedunt
1213 2226 1267 2263 ad
1296 2231 1493 2263 nostrum
1524 2225 1732 2274 templum

105 2300 278 2350 saepius
316 2311 444 2350 quam
483 2304 612 2336 antea
647 2300 985 2343 consueuerant,
1023 2309 1168 2334 mores
1202 2297 1409 2348 pristinos
1445 2299 1730 2341 commutant,

107 2371 350 2420 crebroque
387 2370 717 2408 saluberrimum
752 2368 1051 2419 poenitentiae
1081 2374 1401 2406 sacramentum
1437 2373 1664 2414 exercent,
1690 2372 1733 2404 et

109 2441 380 2479 sanctissima
401 2441 552 2490 synaxi
574 2441 834 2490 languentes
855 2438 1019 2476 animas
1046 2438 1307 2477 refocillant.
1484 2435 1489 2438 ⁴

159 2523 197 2560 4.
258 2511 493 2549 Foeminae
514 2510 727 2561 quaedam
751 2522 803 2547 ex
834 2509 1036 2559 primaria
1064 2510 1298 2547 nobititate
1329 2509 1539 2547 maiorem
1570 2509 1612 2546 in
1643 2522 1735 2546 mo-

108 2582 209 2620 dum
230 2583 440 2632 petebant
462 2595 486 2619 a
505 2582 666 2619 nostris
688 2580 984 2628 confessarijs,
1009 2586 1055 2617 ut
1085 2581 1176 2631 pias
1199 2580 1277 2618 sibi
1301 2580 1614 2629 medjtationes
1635 2593 1734 2630 pro-

108 2658 338 2704 ponerent,
379 2665 489 2702 quae
531 2653 770 2703 spiritualja
809 2652 1021 2691 exercitia
1063 2652 1204 2702 uulgo
1241 2652 1459 2702 djczcntztr
1492 2651 1533 2689 b.
1576 2651 1640 2688 Ex
1681 2650 1734 2698 ijs

109 2729 255 2762 autem
278 2730 367 2761 tres
388 2724 430 2761 in
451 2723 561 2761 aede
597 2730 745 2761 nostra
774 2724 968 2773 quotidie
999 2722 1194 2761 sedulam
1224 2723 1306 2760 illis
1338 2735 1516 2772 operam
1545 2734 1733 2759 nauaue-

110 2800 224 2841 runt,
246 2794 358 2832 inter
380 2806 454 2832 eas
476 2806 573 2841 una,
598 2794 834 2841 derelictiS,
867 2795 953 2831 imo
985 2793 1161 2830 calcatis
1191 2793 1318 2830 huius
1347 2793 1482 2842 seculj
1515 2791 1734 2842 zccmjtcztz'-

111 2864 205 2912 bus,
238 2864 589 2914 contemptisque
619 2864 791 2913 deljcijs
823 2869 867 2902 et
897 2864 1062 2901 blandis
1094 2864 1312 2901 illecebris
1343 2864 1624 2901 humanarum
1660 2876 1734 2899 uo-

110 2935 336 2986 luptatum,
361 2935 509 2984 djuino
533 2947 579 2973 se
600 2935 824 2984 famulatuj
849 2934 1126 2984 mancipauit,
1152 2939 1195 2972 et
1216 2933 1472 2985 propediem
1501 2934 1542 2971 in
1574 2934 1734 2971 monia-

164 3091 183 3109 a
232 3083 393 3130 reipsa.
448 3085 513 3110 ——b
536 3096 737 3121 vocamus,
