2038 3400
373 273 443 312 674
840 273 1060 311 LITTERAE
1087 271 1444 318 QUADmMEsTREs

382 387 418 424 3.
476 376 705 415 Molestius
727 381 873 414 autem
904 375 1118 414 ferremus
1140 373 1314 412 aedium
1345 373 1547 425 angustia
1575 386 1656 412 nos
1678 386 1729 412 ac
1750 373 1955 423 parisien-

330 461 400 486 ses
421 448 635 499 impediri,
660 447 890 498 quominus
911 448 1058 498 plures
1089 445 1291 496 (quorum
1319 458 1428 483 unus
1460 445 1825 483 scholasticorum
1858 457 1957 482 nos-

329 525 495 557 trorum
517 519 588 557 hic
609 528 627 544 ἢ
649 519 862 557 admissus
886 531 939 556 eo
970 530 1108 569 nuper
1131 517 1261 566 studij
1293 517 1434 568 gratia
1468 517 1623 555 missus
1659 517 1744 566 est)
1773 516 1958 566 proban-

330 590 411 629 dos
432 590 474 628 in
496 592 767 630 Societatem
785 589 955 629 admitti
971 595 1148 640 queant,
1174 589 1321 628 tribas
1341 589 1361 614 b
1382 588 1425 626 id
1446 589 1586 639 ipsum
1608 587 1957 635 sollicitantibus,

330 663 408 701 nisi
432 664 536 701 noui
559 664 733 714 collegij
772 663 968 701 ferueret
1000 677 1124 714 opus,
1159 676 1209 701 ac
1239 662 1302 700 sic
1332 661 1505 700 moenia
1540 665 1876 710 consurgerent,
1914 664 1961 696 ut

331 747 429 773 cum
450 737 616 786 templo
640 735 904 785 amplissimo
939 746 989 774 20
1021 735 1221 773 cubicula
1241 747 1345 772 mox
1377 740 1394 759 c
1430 738 1646 780 extructa,
1670 732 1960 782 proximoque

333 819 446 845 anno
470 808 599 845 finem
624 813 771 845 tantae
794 808 986 846 fabricae
1022 808 1274 858 impositum
1308 807 1359 844 iri
1394 818 1685 856 speraremus.
1724 806 1900 842 Interea
1933 803 1961 852 ij

332 891 382 916 ac
403 880 540 917 multo
562 880 710 929 plures
731 881 819 918 hoc
846 880 918 930 pio
951 880 1115 918 affectu
1148 878 1455 917 eucharistiam
1479 878 1634 916 crebro
1658 875 1871 914 sumendo
1900 875 1963 913 fo-

332 955 490 989 uentur
514 955 557 988 et
581 952 877 989 continentur.
912 951 979 989 Ad
1010 964 1139 1001 quam
1170 950 1478 989 accedentium
1509 949 1664 988 diebus
1695 947 1963 986 solemnibus

332 1034 489 1073 magna
523 1023 638 1060 solet
675 1035 773 1061 esse
808 1022 1071 1072 frequentia,
1110 1022 1327 1060 nonnullis
1358 1022 1540 1072 singulis
1562 1020 1790 1059 dominicis
1820 1021 1964 1059 nobis-

333 1105 429 1131 cum
451 1095 854 1144 perseuerantibus.
897 1095 1071 1142 [Preces
1100 1094 1338 1144 postulat]
1377 1093 1441 1130 Ex
1478 1093 1720 1131 Biliomaeo
1757 1093 1963 1143 collegio,

333 1165 425 1204 Cal.
450 1165 560 1215 Iunij
589 1166 703 1215 1560.
735 1166 854 1204 Tuus
875 1166 988 1204 filius
1017 1165 1245 1216 indigniss.

1218 1250 1462 1288 LUDoulcus
1494 1250 1801 1299 GERARD[mus]
1837 1256 1859 1287 ¹.

415 1370 609 1410 Polanci
628 1382 786 1409 manu.
810 1370 1071 1409 Emendata.

414 1442 522 1481 Alia
550 1455 708 1483 manu.
733 1443 828 1481 M.ta
849 1456 927 1494 per
950 1447 1083 1481 tutto.

1105 1603 1216 1656 386

861 1728 1144 1777 GASPAR
1179 1728 1455 1776 ASTETE

782 1854 1021 1881 METHYMNA
1047 1855 1172 1881 CAMP1
1198 1843 1221 1880 2
1245 1854 1351 1891 JUNn
1381 1842 1472 1880 1560
1501 1842 1527 1877 ².

337 1947 370 1987 I.
399 1948 462 1987 De
481 1947 717 1987 sociorum
737 1960 928 1986 numero
952 1960 1005 1986 ac
1025 1946 1297 1986 valetudine.
1324 1946 1499 1986 Eorum
1530 1945 1709 1984 labores
1740 1942 1788 1981 in
1819 1941 1974 1982 minis-

419 2013 548 2061 teriis
587 2026 703 2065 erga
739 2012 992 2063 proximos.
1043 2011 1306 2051 [locationes
1347 2014 1407 2051 ad
1442 2011 1727 2051 Societatem.
1770 2007 1977 2048 Rectorz's

420 2078 664 2118 contiones.
692 2078 920 2118 Doctrina
942 2078 1204 2117 christiana
1227 2092 1253 2116 a
1270 2078 1510 2131 fratribus
1531 2089 1704 2128 magno
1727 2088 1828 2114 cum
1843 2073 1975 2126 fruc-

421 2148 469 2183 ta
490 2145 539 2183 in
559 2145 726 2184 vicinis
746 2144 925 2196 oppidis
946 2146 1238 2196 exfflanatur.
1267 2144 1432 2196 Officia
1452 2144 1758 2183 hebdomadae
1791 2143 1977 2179 sanctae

419 2211 701 2250 sollenmiter
732 2213 939 2261 peracta.
982 2211 1199 2250 Votorum
1235 2210 1563 2249 instauratio„
1595 2207 1633 2247 2.
1673 2205 1976 2247 Sclzolastico-

421 2289 527 2315 ram
548 2290 782 2316 waimerus.
818 2276 1077 2316 Litteraria
1112 2275 1347 2317 exercitia.
1372 2275 1572 2314 Fabrica
1601 2277 1779 2313 domus.
1809 2271 1976 2311 Sacra-

357 2349 359 2351 ’
420 2345 678 2382 mentormn
702 2343 977 2393 frequentia.
1003 2342 1243 2395 Religiosa
1265 2341 1514 2392 disciplina
1537 2340 1713 2393 vigens,

400 2461 433 2488 1.
495 2453 522 2500 †
549 2451 638 2501 jhs.
664 2451 765 2501 Muy
788 2450 884 2489 R.d0
903 2463 956 2489 en
986 2451 1062 2489 Χ.Ο
1086 2451 1156 2489 Re
1177 2464 1218 2488 n.
1246 2451 1335 2488 Pax
1367 2449 1486 2488 Chri.
1513 2455 1598 2487 ete.
1624 2449 1686 2486 Lo
1709 2459 1794 2498 que
1816 2459 1871 2497 ay
1892 2459 1977 2496 que

341 2522 472 2559 hazer
505 2522 631 2559 saber
662 2535 686 2559 a
716 2523 767 2561 V.
802 2523 848 2560 P.
884 2536 938 2560 en
969 2527 1091 2560 estos
1125 2534 1149 2570 4
1180 2534 1324 2560 meses
1352 2520 1542 2571 pasados
1566 2532 1628 2566 es,
1653 2521 1781 2557 como
1806 2531 1859 2556 en
1883 2522 1977 2556 este

389 2661 409 2680 a
460 2660 552 2707 Seq.
571 2671 702 2707 nuper
721 2659 803 2697 del.
859 2660 924 2685 —b
948 2658 1051 2696 aliis.
1115 2666 1172 2684 —0
1194 2670 1284 2695 mox
1303 2662 1441 2704 supra
1461 2668 1570 2695 vers.

394 2796 401 2815 ¹
457 2794 564 2830 Vide
585 2793 686 2830 Lz‘tt.
708 2793 960 2839 Quadrim..
985 2792 1037 2835 V,
1057 2792 1140 2836 835,
1162 2798 1300 2828 annot.
1320 2790 1355 2827 2.

392 2855 404 2874 ²
455 2853 519 2891 Ex
537 2852 790 2900 autographo
809 2852 849 2889 in
868 2853 1005 2889 codice
1025 2852 1153 2898 Hz‘sp.
1179 2850 1247 2895 97,
1270 2851 1285 2886 1
1307 2849 1391 2894 fol„
1414 2862 1451 2886 n.
1476 2849 1557 2892 165;
1586 2848 1697 2896 prius
1727 2848 1803 2885 158.
1833 2847 1975 2894 Sequi-

346 2920 410 2951 tur
429 2914 469 2950 in
488 2913 555 2950 fol.
580 2912 646 2950 166
665 2913 897 2958 exemplum
913 2913 1084 2948 latinum
1103 2911 1295 2958 ajoanne
1311 2908 1532 2946 Bonifacio
1558 2908 1841 2954 subscriptum.
1863 2905 1979 2952 Quae

345 2975 384 3011 in
404 2975 476 3010 hac
496 2973 667 3021 epistola
683 2973 884 3016 dicuntur,
905 2972 1171 3009 inveniuntur
1191 2970 1314 3007 etiam
1334 2970 1480 3016 partim
1500 2970 1540 3006 in
1559 2968 1730 3015 epistola
1751 2967 1795 3004 13
1825 2966 1979 3012 Martii,

346 3034 491 3081 partim
512 3034 551 3069 in
570 3033 741 3079 epistola
759 3031 805 3069 23
835 3031 990 3078 Aprilis
1019 3030 1200 3079 ejusdem
1232 3030 1422 3075 auctoris,
1451 3041 1556 3076 quae
1585 3032 1745 3065 exstant
1775 3027 1816 3063 in
1836 3027 1979 3064 eodem

346 3094 432 3131 cod.
454 3093 494 3131 ff.
515 3093 575 3137 73,
600 3093 680 3131 116.
