2038 3400
378 240 448 278 466
846 242 1065 281 LITTERAE
1092 243 1447 289 QUADRlMESTRES

333 356 499 382 merum
532 345 732 396 jmplent.
771 345 977 383 Valemus
1010 358 1195 396 corpore
1228 357 1398 392 omnes,
1436 344 1737 384 misericordia
1772 347 1960 394 Domini,

332 428 418 453 vno
443 428 496 453 ex
530 415 728 455 Patribus
761 422 967 468 excepto,
992 418 1063 467 qui
1096 423 1138 455 et
1171 416 1322 467 capitis
1355 423 1398 455 et
1430 418 1644 455 stomachi
1666 418 1819 456 dolore
1846 419 1963 458 labo-

331 492 413 530 rat3
437 488 559 525 cuius
576 486 751 538 quidem
774 488 990 526 medellae
1014 494 1057 526 et
1080 488 1208 526 saluti
1231 489 1379 526 solerti
1403 501 1506 526 cura
1526 489 1805 537 incumbitur3
1829 494 1963 540 vtque

333 558 464 597 etiam
485 558 638 597 animis
660 559 899 607 valeamus,
926 560 1063 597 solitis
1085 559 1313 609 adiutorijs
1337 561 1466 597 Pater
1488 565 1635 598 rector
1659 560 1667 579 ¹
1692 565 1813 599 curat
1836 565 1878 601 et
1902 574 1965 599 sa-

331 630 456 681 tagit,
495 636 538 668 et
572 630 685 669 inter
714 638 905 679 caetera,
944 638 989 670 vt
1026 633 1207 683 regulae
1244 632 1408 682 optime
1444 637 1691 679 seruentur,
1730 638 1773 670 et
1810 638 1966 671 cuncta

332 701 451 740 domi
481 709 603 741 recto
628 703 780 742 ordine
802 704 1060 757 dirigantur3
1086 704 1335 755 optatisque
1357 704 1506 742 annuit
1527 704 1700 742 bonitas
1721 705 1819 752 Dei,
1844 705 1966 743 cuius

331 775 471 824 gratia
494 779 536 812 et
560 775 713 813 Patres
737 781 780 813 et
802 776 959 814 fratres
990 777 1104 814 bene
1127 775 1169 812 iu
1206 775 1275 813 via
1298 774 1471 813 Domini
1492 774 1753 826 procedunt.
1779 776 1966 814 Festiuis

332 846 488 885 diebus
509 853 643 885 noctu
665 848 706 886 in
737 848 844 887 hora
865 849 1024 899 quietis
1047 848 1101 885 de
1125 848 1256 885 rebus
1280 846 1568 896 colloquimur
1591 847 1901 898 spiritualibus3
1925 849 1966 886 in

333 918 488 957 eadem
510 920 620 958 hora
639 921 846 970 profestis
869 922 1025 960 diebus
1052 927 1242 960 tractant
1274 920 1533 960 sacerdotes
1556 921 1610 960 de
1633 922 1701 971 ijs,
1725 933 1837 972 quae
1866 933 1966 959 con-

332 991 485 1029 fitendi
516 993 684 1031 muneri
707 1000 725 1018 a
746 994 941 1044 proficua
962 999 1075 1040 sunt,
1102 994 1303 1044 scituque
1325 994 1591 1032 necessaria.

386 1073 423 1100 2.
485 1064 593 1102 Cum
624 1063 834 1114 proximis
857 1064 995 1103 solitis
1026 1064 1181 1113 medijs
1215 1077 1491 1112 exercemur,
1520 1070 1567 1102 vt
1588 1064 1630 1102 in
1664 1062 1967 1115 praecedenti·

332 1135 412 1172 bus
434 1134 571 1173 literis
592 1134 757 1174 dictum
780 1142 861 1174 est.
883 1138 933 1187 Jn
956 1136 1050 1174 dies
1072 1149 1267 1174 amorem
1290 1141 1422 1187 atque
1445 1135 1739 1174 deuocionem
1762 1134 1967 1185 plurimo-

333 1219 426 1244 rum
451 1219 556 1258 erga
576 1220 657 1246 nos
678 1207 880 1246 videmus
903 1221 1125 1255 crescere3
1148 1213 1337 1259 augetur
1359 1220 1566 1246 numerus
1590 1220 1742 1246 eorum
1764 1206 1836 1257 qui
1870 1219 1968 1244 nos-

332 1278 409 1316 tris
441 1278 722 1327 confitentur,
758 1284 800 1317 et
833 1292 886 1317 ex
918 1279 1189 1330 primatibus.
1215 1280 1372 1331 Aliqua
1406 1292 1520 1318 nunc
1542 1292 1597 1317 ex
1624 1279 1691 1328 ijs,
1716 1290 1826 1328 quae
1850 1279 1968 1316 Deus

330 1361 408 1399 per
432 1349 640 1401 jndignos
671 1363 825 1389 seruos
857 1364 960 1389 suos
994 1356 1200 1402 operatus
1235 1355 1317 1399 est,
1353 1351 1611 1389 Paternitati
1641 1356 1743 1388 tuae
1774 1350 1968 1387 breuiter

330 1433 562 1471 exponam.
589 1422 776 1472 Quidam
801 1435 854 1460 ex
877 1423 1095 1473 precipuis
1118 1422 1245 1461 huius
1269 1422 1461 1460 ciuitatis
1480 1421 1743 1472 jurisperitis
1765 1421 1819 1459 ad
1836 1435 1967 1459 vnum

333 1506 388 1531 ex
412 1492 613 1532 Patribus
635 1495 823 1533 accessit
845 1508 923 1545 pro
948 1495 1130 1533 consilio
1154 1501 1285 1544 atque
1314 1492 1530 1541 remedio;
1555 1498 1647 1531 erat
1671 1493 1785 1531 enim
1816 1493 1968 1530 anxius

332 1564 476 1613 valde,
510 1565 744 1617 animoque
763 1567 978 1613 turbatus3
1002 1572 1133 1616 atque
1154 1567 1215 1604 ita
1236 1565 1494 1616 quibusdam
1515 1565 1746 1604 timoribus
1775 1565 1967 1616 exagita-

331 1641 401 1674 tus
424 1638 507 1675 iam
530 1650 608 1688 per
643 1636 737 1676 dies
760 1639 936 1685 multos,
960 1644 1006 1676 vt
1028 1638 1122 1676 tere
1155 1638 1363 1676 vesaniae
1388 1641 1507 1676 esset
1538 1637 1707 1675 vicinus
1729 1637 1795 1686 (vt
1823 1636 1968 1674 aiebat

331 1707 435 1758 ille).
461 1708 675 1759 Exposuit
696 1710 731 1746 is
767 1722 856 1747 rem
890 1710 1022 1757 Patri,
1050 1715 1093 1748 et
1125 1710 1354 1748 consilium
1385 1708 1443 1747 illi
1467 1709 1615 1746 datum
1639 1713 1706 1746 est
1727 1709 1839 1746 inter
1870 1708 1966 1755 alia,

332 1786 379 1818 vt
401 1781 488 1819 cito
512 1781 797 1819 confiteretur
828 1788 1013 1832 peccata
1043 1795 1134 1829 sua,
1161 1785 1204 1819 et
1228 1794 1394 1819 sacram
1416 1781 1568 1818 itidem
1592 1784 1794 1817 sumeret
1823 1792 1968 1818 comu-

331 1853 523 1899 nionem,
561 1853 679 1904 quod
712 1858 756 1891 et
786 1853 891 1891 fecit
922 1854 1075 1891 libenti
1111 1854 1271 1902 auimo,
1309 1858 1441 1904 atque
1463 1852 1523 1890 illi
1545 1852 1607 1890 sic
1628 1851 1742 1889 bene
1764 1852 1966 1897 sucessit,

332 1924 449 1975 quod
471 1924 525 1962 ad
547 1925 736 1963 eundem
761 1926 933 1963 Patrem
957 1925 1070 1963 adeo
1094 1926 1248 1976 plenus
1271 1925 1432 1976 gaudio
1456 1930 1557 1974 post
1578 1937 1743 1975 paucos
1775 1923 1868 1961 dies
1904 1936 1967 1961 re-

332 1996 476 2044 dierit,
510 1998 673 2048 gratias
694 1997 753 2035 illi
784 2010 935 2048 agens,
970 2002 1013 2035 et
1044 1997 1286 2035 ministrum
1319 2009 1473 2034 verum
1505 1997 1622 2034 illum
1654 1996 1890 2047 appellans,
1924 2001 1970 2032 vt

333 2081 490 2120 magua
510 2069 611 2107 hinc
628 2069 769 2107 Deum
792 2069 995 2107 laudandi
1017 2074 1275 2107 nasceretur
1308 2070 1500 2115 occasio,
1525 2073 1656 2119 atque
1674 2069 1877 2106 voluntas
1893 2067 1969 2104 ho-

334 2141 451 2187 mini,
476 2146 521 2178 vt
543 2154 623 2178 nos
646 2141 877 2190 temporali
900 2140 1135 2178 commodo
1160 2141 1347 2187 iuuaret,
1372 2145 1417 2177 vt
1441 2152 1487 2177 se
1507 2139 1717 2190 spirituali
1740 2137 1875 2176 sensit
1897 2137 1969 2176 ad-

332 2213 485 2259 iutum3
510 2211 626 2262 quod
650 2218 693 2249 et
724 2212 931 2262 prestitit.
959 2211 1146 2261 Quidam
1178 2212 1286 2250 alius
1308 2212 1531 2249 hominem
1562 2210 1780 2261 quendam
1811 2210 1852 2258 (a
1883 2221 1967 2260 quo

329 2283 489 2333 juiuria
509 2284 697 2322 affectus
721 2289 814 2322 erat
844 2283 933 2329 tali,
967 2296 1078 2334 quae
1112 2296 1166 2321 ex
1199 2285 1299 2334 lege
1333 2282 1650 2322 committentis
1682 2281 1824 2331 capite
1849 2281 1968 2331 puni-

333 2356 433 2405 tur),
456 2356 518 2393 sic
539 2361 641 2393 ante
664 2355 853 2393 iudicem
876 2355 1205 2405 insequebatur,
1230 2359 1275 2392 vt
1299 2367 1376 2392 reo
1400 2353 1548 2391 vincto
1576 2365 1807 2391 necessum
1834 2357 1966 2397 esset,

333 2427 404 2465 vel
435 2432 623 2465 mortem
646 2427 791 2465 subire
815 2427 1028 2477 corporiS,
1054 2427 1124 2464 vel
1146 2426 1389 2476 periculum
1412 2424 1646 2463 maximum
1669 2424 1845 2463 diuersa
1874 2436 1968 2473 per-

332 2497 533 2549 petrandi
571 2504 756 2549 peccata
795 2499 859 2547 (vt
898 2498 1067 2548 negotij
1112 2504 1204 2536 erat
1240 2498 1465 2548 qualitas);
1507 2500 1637 2546 atque
1678 2497 1713 2534 is
1753 2496 1823 2546 qui
1863 2495 1968 2533 iniu-

333 2570 439 2609 riam
461 2583 613 2621 passus
638 2575 719 2617 est,
744 2570 846 2607 licet
878 2582 901 2607 a
937 2570 1082 2608 multis
1113 2574 1309 2620 rogatus,
1343 2574 1391 2606 vt
1421 2580 1588 2606 summa
1618 2567 1760 2617 aliqua
1790 2571 1969 2604 conten-

333 2647 402 2680 tus
433 2641 668 2693 pecuniae,
711 2653 735 2678 a
775 2653 886 2679 nece
923 2641 1160 2679 desisteret
1196 2640 1344 2678 miseri
1384 2639 1586 2685 hominis,
1623 2639 1781 2676 nullius
1820 2643 1968 2675 tamen

331 2715 563 2765 praecibus
586 2713 820 2764 acquieuit:
846 2713 962 2750 illum
986 2712 1163 2750 tandem
1198 2712 1373 2763 quidam
1406 2723 1460 2748 ex
1499 2711 1699 2748 Patribus
1735 2710 1965 2756 allocutus,

333 2786 541 2825 breuibus
577 2785 778 2832 obtinuit,
804 2790 850 2823 vt
871 2785 1057 2835 pecunia
1080 2785 1181 2823 data
1202 2784 1257 2823 ad
1279 2783 1477 2822 alendam
1502 2782 1729 2821 mulierem
1751 2781 1966 2833 quandam

381 2934 400 2953 ²²
454 2934 638 2972 Emend.
660 2944 710 2970 ex
730 2945 913 2970 munere.

384 3070 390 3088 ¹
445 3068 488 3104 P.
513 3068 748 3114 Alphonsus
770 3067 942 3102 Roman.
