2038 3400
354 257 425 295 530
820 258 1042 295 LITTERAE
1069 257 1424 304 QUADRIMESTRES

310 360 537 407 Dominus,
558 359 701 409 justus
721 360 873 409 judex,
894 360 1089 410 jutistiae
1111 359 1364 398 mercedem
1400 359 1583 398 solidam
1618 364 1749 411 atque
1783 372 1937 411 peren-

308 442 425 469 nem.
451 430 517 468 Ad
538 436 734 469 nostram
757 431 1117 469 commoditatem
1149 430 1336 478 accedit,
1360 429 1478 481 quod
1499 431 1708 481 patruelis
1729 431 1826 469 Dni.
1852 431 1938 481 epi-

309 501 446 552 scopi,
471 502 589 540 R.d¹¹⁵
615 502 750 540 abbas
772 502 1025 551 monasterij
1051 501 1105 539 de
1128 502 1329 549 Bonlieu,
1354 501 1567 540 Societati
1601 515 1688 540 non
1708 514 1859 553 parum
1880 501 1939 539 fa-

309 578 399 620 uet,
425 578 469 611 et
491 573 754 624 suffragatur
776 574 818 611 in
842 573 1042 612 omnibus
1064 573 1177 624 apud
1200 573 1470 624 episcopum,
1496 574 1617 612 cuius
1638 573 1825 612 familiae
1856 573 1939 611 iam

307 643 477 694 pridem
512 644 757 695 adscriptus
794 651 876 683 est.
911 644 1120 693 Officiarij
1152 658 1327 695 quoque
1358 645 1455 683 Dni.
1482 644 1677 696 episcopi
1697 648 1847 683 nostra
1867 657 1940 683 ne-

308 715 430 766 gotia
450 716 638 754 libenter
660 722 940 767 promouent,
967 722 1010 754 et
1032 717 1273 755 honoribus
1295 716 1529 763 cumulant,
1553 729 1634 754 nos
1663 716 1779 755 omni
1815 716 1940 754 obse-

308 787 410 837 quio
445 794 839 838 praeoccupantes,
866 786 1117 838 Speramus
1139 787 1334 839 benigno
1360 787 1722 839 Chrisz‘ifaaore
1744 786 1940 826 Societa-

309 856 367 896 tis
389 857 554 897 bonum
576 860 761 898 odorem
782 859 1068 910 vndiqnaque
1097 862 1313 909 sparsum
1335 859 1400 898 iri
1435 861 1494 898 ad
1524 860 1682 898 aulam
1712 872 1845 909 vsqne
1875 871 1940 898 re-

306 928 456 980 giam,
493 932 537 968 vt
572 931 754 969 tandem
776 930 936 982 regiae
958 931 1214 970 maiestatis
1231 930 1497 981 patrocinio
1521 931 1842 982 theologorum
1859 933 1940 981 pa-

309 1000 574 1040 risiensium
594 1001 894 1053 saffragimn
917 1001 1130 1049 obtineat,
1156 1015 1242 1052 qao
1266 1001 1414 1053 freta,
1453 1002 1598 1041 libera
1633 1003 1940 1041 sacramento-

308 1085 414 1111 ram
434 1075 473 1112 et
495 1072 620 1112 verbi
642 1073 1061 1121 adrninisffratione,
1088 1086 1177 1112 non
1199 1075 1332 1113 modo
1356 1076 1479 1124 apud
1500 1073 1741 1113 Aruernos
1761 1075 1801 1113 et
1821 1074 1940 1123 Apa-

307 1144 510 1192 mienses,
533 1147 610 1190 sed
630 1144 679 1183 iaz
699 1144 799 1195 ipsa
820 1145 959 1184 etiam
981 1145 1172 1185 dioecesi
1201 1148 1241 1185 et
1278 1145 1516 1185 academia
1549 1145 1804 1196 parisiensi
1829 1144 1941 1196 fun-

306 1218 472 1268 gatar;
496 1217 615 1266 quod
634 1229 726 1255 non
749 1218 843 1255 tam
865 1219 924 1255 ad
946 1216 1186 1256 societatis
1208 1218 1406 1265 lucram,
1432 1230 1570 1267 quam
1591 1219 1652 1256 ad
1674 1216 1939 1255 animarum

304 1287 520 1339 fructum
544 1288 870 1327 desideramus.

365 1370 401 1408 7.
464 1360 509 1397 Ρ.
535 1360 712 1406 Rector,
738 1359 788 1397 D.
826 1360 1124 1410 Hieronymus
1160 1360 1351 1407 BassiUS,
1392 1365 1435 1397 et
1471 1360 1665 1399 Marthae
1702 1366 1746 1399 et
1782 1359 1940 1398 Mariae

310 1430 463 1470 sedulo
486 1443 538 1469 ac
559 1436 737 1470 strenuo
760 1431 953 1483 fungitur
976 1432 1137 1470 officio.
1171 1432 1353 1483 Septem
1384 1446 1532 1471 sumus
1561 1432 1833 1479 sacerdotes,
1864 1445 1942 1470 sex

308 1503 467 1541 fratres
497 1503 709 1541 bonarum
741 1504 963 1542 literarum
992 1504 1268 1555 professores
1288 1504 1509 1553 juuentuti
1532 1504 1798 1543 erudiendae
1820 1517 1942 1555 prae-

308 1575 431 1622 fecti,
455 1588 639 1626 quorum
662 1588 685 1613 e
707 1588 890 1613 numero
920 1577 974 1613 M.
1014 1575 1270 1614 Leonardus
1306 1577 1554 1624 Masserius‚
1587 1581 1763 1627 praeter
1794 1576 1942 1614 huma-

308 1648 456 1685 niores
495 1647 660 1694 literaS,
697 1647 863 1697 aliquot
896 1648 1113 1686 lectiones
1152 1648 1478 1699 philosophicas
1512 1649 1744 1699 praelegit.
1789 1649 1941 1698 Itaque

308 1718 523 1757 tredecim
546 1731 693 1756 sumus
714 1731 897 1756 nurnero
920 1719 1036 1756 votis
1059 1719 1297 1758 Societatis
1319 1719 1500 1767 astricti,
1525 1720 1611 1758 duo
1634 1732 1743 1758 vero
1765 1720 1940 1768 nouitij,

308 1803 492 1841 quorum
515 1803 624 1827 unus
648 1791 694 1828 P.
720 1790 942 1840 Baptistae
974 1791 1014 1827 in
1038 1791 1212 1842 collegij
1237 1791 1546 1830 aedificatione
1567 1796 1744 1842 praesto
1768 1803 1942 1842 semper

309 1861 449 1908 adest,
484 1866 526 1899 et
549 1860 602 1899 ad
623 1866 774 1898 nutum
798 1862 1070 1911 obsequitur3
1102 1863 1165 1900 vir
1188 1876 1374 1913 syncere
1397 1864 1492 1914 pius
1515 1869 1559 1902 et
1581 1869 1728 1902 aetate
1759 1875 1942 1914 prouec-

309 1934 409 1980 tior3
433 1934 544 1970 alter
574 1933 835 1970 adolescens
867 1938 934 1971 est
979 1934 1120 1972 bonae
1153 1935 1247 1985 spei
1279 1939 1322 1972 et
1367 1935 1548 1986 insignis
1578 1935 1839 1982 modestiae,
1871 1935 1943 1986 qui

308 2004 636 2042 humanioribus
658 2004 796 2041 literis
818 2004 961 2043 adhuc
989 2004 1063 2043 dat
1096 2019 1289 2056 operam.
1315 2007 1511 2057 Vterque
1547 2019 1723 2057 quoque
1758 2006 1943 2044 famulus

308 2076 495 2114 libenter
517 2075 730 2114 Societati
753 2076 908 2114 ascribi
930 2078 1037 2124 vult,
1072 2091 1215 2128 eoque
1250 2078 1392 2117 animo
1415 2079 1542 2116 nobis
1565 2079 1715 2125 seruit,
1748 2079 1944 2129 quamuis

308 2148 418 2186 alter
439 2147 582 2185 adhuc
603 2147 961 2186 adolescentulus
983 2149 1036 2186 ad
1059 2149 1207 2188 literas
1228 2150 1391 2201 ingenij
1412 2150 1678 2189 dexteritate
1696 2150 1943 2201 aptissimus

309 2225 392 2267 est,
427 2224 471 2258 et
501 2220 809 2270 grammatices
841 2221 1072 2259 elementis
1104 2222 1377 2272 aliquatenus
1408 2223 1613 2262 imbutus.
1648 2224 1867 2273 Quantum
1890 2221 1943 2259 ad

308 2303 537 2328 numerum
573 2291 935 2329 scholasticorum
972 2293 1143 2339 attinet,
1180 2299 1334 2332 nostro
1371 2295 1625 2345 magisterio
1667 2294 1942 2333 concredito-

308 2375 416 2409 rum,
441 2361 706 2413 inuestigata
727 2363 789 2399 rei
811 2364 1015 2411 veritate,
1041 2377 1170 2415 supra
1187 2366 1303 2404 mille
1323 2371 1498 2404 centum
1520 2367 1648 2405 facile
1671 2367 1943 2417 comperiun-

307 2439 391 2481 tur,
415 2446 498 2471 nec
518 2447 725 2472 numerus
747 2433 916 2472 definiri
940 2436 1173 2474 commode
1194 2443 1358 2488 potest,
1383 2451 1514 2489 quum
1536 2439 1578 2476 in
1600 2438 1694 2476 dies
1716 2451 1942 2477 accresce-

307 2518 354 2544 re
378 2505 533 2543 soleat.
567 2506 701 2544 Certe
736 2506 908 2543 nobiles
943 2507 1104 2557 quique
1141 2514 1186 2546 et
1219 2509 1434 2559 primores
1470 2510 1633 2548 liberos
1669 2523 1771 2548 suos
1807 2510 1943 2548 tutius

307 2577 449 2623 nobis,
482 2589 609 2627 quam
641 2576 721 2614 sibi
748 2577 870 2627 jpsis,
903 2589 951 2615 se
984 2577 1260 2618 committere
1293 2586 1507 2627 asserunt,
1542 2580 1659 2631 quod
1691 2581 1821 2619 etiam
1851 2582 1944 2631 ipsa

308 2647 441 2686 docet
463 2647 525 2686 rei
548 2648 834 2698 experientia.
861 2650 970 2699 Spes
1001 2651 1117 2688 bona
1146 2651 1331 2703 affulget
1360 2652 1632 2691 Societatem
1665 2659 1709 2690 et
1740 2666 1865 2691 sacro
1898 2659 1942 2691 et

308 2719 573 2757 scholastico
597 2718 836 2757 ministerio
861 2721 1021 2759 Christi
1044 2722 1227 2772 gloriam
1249 2725 1387 2775 magis
1409 2737 1461 2762 ac
1482 2725 1618 2775 magis
1640 2724 1693 2762 ad
1717 2730 1942 2763 extremos

308 2802 447 2840 vsque
488 2791 725 2829 Galliarum
762 2792 921 2830 limites
970 2801 1296 2842 prouecturam.
1336 2795 1468 2845 Quod
1506 2797 1609 2834 Dns.
1661 2797 1780 2834 Deus
1816 2796 1941 2835 RQ&

310 2862 406 2900 Ρ.ῐίὃ
436 2868 535 2900 tuae
559 2862 782 2911 sacrificijs
815 2869 858 2900 et
888 2865 1090 2913 precibus
1123 2872 1334 2904 exoratus
1368 2867 1548 2905 efficere
1571 2867 1790 2918 dignetur.
1815 2869 1937 2915 Vale,

311 2934 440 2971 Pater
487 2933 904 2982 obseruandissime,
946 2937 1083 2975 nostri
1127 2951 1295 2976 memor
1341 2939 1383 2976 in
1432 2939 1724 2986 orationibus,
1770 2952 1939 2990 nosque

310 3005 416 3043 Κῶς
446 3006 644 3043 Patribus
679 3019 730 3044 ac
764 3006 967 3045 fratribus
1004 3009 1166 3047 Romae
1203 3011 1577 3049 commorantibus
1608 3012 1940 3050 commendatos

310 3077 472 3114 habeto
494 3090 572 3127 pro
595 3082 669 3115 tua
689 3078 730 3115 in
752 3091 831 3115 nos
863 3079 1089 3119 charitate.
1125 3081 1213 3119 R.‘1i
1236 3083 1388 3121 Patres
1421 3083 1618 3133 Baptista
1649 3089 1693 3122 et
1723 3084 1940 3134 Hierony-
