2038 3400
435 243 634 283 310—Ex
660 242 912 280 F0R0L1V11
937 240 983 277 20
1009 238 1253 276 NOVEMssRls
1283 237 1372 274 1559
1598 236 1661 272 381

97 354 219 387 erant
240 353 483 393 senatores,
510 346 733 397 episcopo,
757 343 899 389 nobis,
924 342 987 379 rei
1009 341 1197 389 denique
1221 340 1436 385 fauentes,
1460 339 1540 388 ipsi
1558 346 1574 363 ἃ
1598 338 1715 376 uide-

97 427 192 458 rent
222 420 325 458 nihil
354 420 480 470 plane
511 418 678 456 referre
708 414 920 467 premijne
951 413 1142 459 nomine,
1178 425 1231 449 an
1261 411 1387 449 aliter
1417 411 1716 460 acciperemus-

97 493 408 540 eleemosynae
442 490 633 535 nomine,
673 501 769 526 cum
813 486 1047 524 multorum
1084 483 1259 533 quidem
1298 482 1714 527 obmurmuratione,

99 574 378 600 concessere.
404 560 490 609 Qui
510 572 617 597 uero
641 558 781 596 secuti
803 562 902 595 sunt
923 559 1153 593 senatores
1183 553 1420 602 (bimestris
1453 552 1565 589 enim
1588 552 1629 589 id
1653 558 1718 589 est

98 632 211 683 apud
234 645 312 671 eos
334 630 631 682 magistratus)
653 629 807 679 partim
831 628 1039 678 episcopo
1062 625 1209 674 iniqui,
1234 624 1387 675 partim
1423 624 1549 661 nobis
1571 636 1718 673 parum

99 704 319 750 beneuoli‚
357 703 531 741 minima
565 706 738 750 arrepta
774 699 1022 744 occasione,
1061 696 1179 747 quod
1215 701 1367 734 contra
1401 695 1518 746 quod
1555 700 1646 732 erat
1681 696 1720 731 in

98 776 246 827 priore
266 775 339 812 illo
361 774 561 819 decreto,
587 772 898 820 eleemosynae
919 769 1095 807 nomine
1117 768 1136 792 b
1158 767 1342 818 pecunia
1363 767 1434 803 illa
1455 765 1722 803 concedere-

99 852 183 894 tur,
219 848 406 885 clamare
438 844 626 883 ciuitatis
656 844 746 880 iura
783 842 959 887 uiolata,
991 838 1251 890 dignitatem
1280 838 1496 888 publicam
1529 838 1723 875 imminu-

102 924 204 963 tam3
228 922 358 967 atque
389 916 582 967 priorum
618 920 717 952 acta
752 911 1023 957 rescindere,
1063 910 1207 948 omnia
1241 909 1428 947 miscere
1464 912 1722 959 coeperunt.

102 989 341 1039 Episcopus
370 999 500 1038 porro
524 991 678 1024 contra
712 984 805 1031 niti,
838 989 969 1033 atque
1002 994 1055 1020 eo
1088 981 1226 1032 magis
1247 979 1364 1030 quod
1396 979 1625 1018 manifesta
1657 992 1724 1017 ca-

101 1059 260 1097 lumnia
283 1063 390 1105 erat,
417 1069 534 1095 nunc
553 1069 631 1106 per
653 1056 832 1102 amicos,
861 1066 975 1091 nunc
996 1065 1072 1104 per
1094 1065 1307 1090 summum
1329 1051 1582 1102 prouinciae
1599 1051 1726 1088 huius

101 1129 389 1180 praefectum,
429 1128 501 1178 qui
541 1126 716 1177 quidem
754 1139 851 1164 curn
883 1137 1035 1162 eorum
1066 1135 1320 1174 peruersam
1359 1123 1648 1168 uoluntatem,
1687 1122 1727 1158 in

104 1213 149 1238 re
189 1199 446 1251 praesertim
488 1196 718 1245 eiusmodi,
751 1209 861 1247 quae
897 1207 1107 1233 summam
1140 1194 1306 1232 ciuitati
1345 1193 1577 1231 utilitatem
1610 1196 1728 1230 esset

105 1273 287 1310 allatura
325 1271 617 1321 perspiceret,
660 1269 843 1307 decreto
890 1266 1173 1318 interposito,
1219 1265 1342 1304 iussit
1386 1266 1560 1304 scholas
1604 1265 1729 1302 nobis

102 1342 340 1389 traderent,
364 1342 587 1392 pecuniam,
626 1346 672 1378 ut
706 1341 844 1390 primo
872 1339 1015 1377 fuerat
1061 1343 1287 1384 statutum,
1321 1338 1362 1375 in
1399 1338 1728 1386 eleemosynam

106 1413 419 1459 concederent,
470 1412 723 1462 magistrum
765 1410 1051 1457 dimitterent,
1098 1409 1226 1446 alium
1270 1408 1432 1446 nullum
1479 1407 1729 1446 conducere

105 1491 299 1536 possent.

159 1568 196 1596 2.
275 1556 457 1595 Durauit
478 1557 589 1594 haec
610 1554 836 1593 contentio
859 1558 1044 1603 quatuor
1066 1551 1185 1603 ipsos
1207 1564 1395 1598 menses,
1416 1557 1547 1602 atque
1570 1552 1733 1603 agitata

108 1629 186 1666 fuit
208 1633 328 1666 tanta
349 1641 446 1666 cum
467 1626 629 1665 inuidia
650 1624 900 1672 Societatis,
925 1629 971 1662 ut
998 1625 1040 1662 in
1077 1623 1277 1662 omnibus
1301 1623 1487 1671 circulis,
1511 1623 1733 1661 hominum

109 1699 413 1745 conuentibus,
439 1698 713 1736 sermonibus
744 1696 948 1746 denique,
974 1695 1089 1733 aliud
1119 1707 1233 1746 pene
1264 1695 1382 1742 nihil,
1408 1707 1535 1744 quam
1567 1695 1622 1733 de
1656 1698 1734 1733 So-

108 1771 279 1809 cietatis
300 1769 553 1815 ambitione,
574 1768 791 1820 superbia,
811 1768 1005 1814 auaritia,
1030 1779 1054 1805 a
1072 1766 1262 1814 summis,
1282 1767 1453 1816 medijs,
1478 1767 1634 1805 infimis
1652 1765 1735 1804 iac-

110 1847 291 1889 taretur3
316 1854 528 1892 eousque,
552 1846 598 1878 ut
620 1840 674 1878 de
703 1840 829 1877 nobis
860 1838 1032 1890 publice
1057 1838 1284 1887 eijciendis
1319 1851 1406 1876 non
1437 1839 1623 1876 obscure
1653 1839 1736 1876 sint

111 1915 304 1965 plerique
326 1913 478 1955 locuti:
501 1918 632 1962 atque
655 1911 786 1949 etiarn
809 1923 855 1948 se
877 1911 1040 1960 primos
1061 1909 1157 1947 fore
1178 1908 1221 1947 in
1241 1909 1508 1960 lapidatione
1536 1910 1736 1948 iacienda

112 1985 196 2024 sint
217 1985 416 2035 professi.
447 1983 602 2033 Neque
626 1982 739 2020 enim
761 1982 847 2019 ullo
879 1980 961 2019 illis
990 1986 1119 2031 pacto
1151 1980 1405 2030 persuaderi
1433 1986 1623 2031 poterat,
1657 1994 1736 2018 nos

113 2070 200 2095 non
230 2057 518 2094 uehementer
549 2066 641 2092 rem
672 2065 847 2103 urgere,
885 2053 954 2103 qui
987 2058 1148 2090 tantam
1181 2052 1375 2102 episcopi
1407 2051 1736 2090 contentionem

114 2126 328 2166 uiderent.
351 2128 435 2164 Per
456 2124 574 2176 quod
595 2129 783 2175 tempus,
809 2129 854 2162 ut
875 2124 991 2161 nulla
1014 2124 1068 2161 sit
1089 2123 1203 2161 faeta
1220 2128 1468 2161 nostrarum
1491 2124 1737 2161 scholarum

115 2199 357 2245 diminutio,
383 2202 505 2236 certe
539 2209 683 2246 neque
719 2195 935 2238 accessi03
971 2206 1115 2244 neque
1152 2194 1281 2232 etiam
1313 2200 1417 2232 tunc
1452 2207 1548 2232 cum
1569 2181 1739 2233 'ciuitas

117 2271 208 2308 sine
238 2271 325 2308 ullo
348 2270 522 2320 publico
553 2273 846 2320 praeceptore
879 2273 986 2313 erat,
1011 2273 1057 2304 ut
1087 2267 1325 2317 perspicias
1347 2273 1508 2316 quanta
1537 2267 1667 2305 fuerit
1698 2267 1739 2305 in

118 2356 268 2381 eorum
290 2342 441 2380 animis
464 2341 716 2379 obstinatio.
740 2341 934 2378 Venerat
957 2351 1027 2376 res
1051 2350 1104 2376 eo
1127 2338 1315 2389 denique
1337 2339 1449 2375 inter
1471 2338 1589 2389 ipsos
1620 2337 1739 2376 ciues

117 2415 258 2463 (erant
282 2413 395 2451 enim
416 2412 610 2450 nonnulli
631 2412 807 2449 honesti
828 2411 906 2448 uiri
929 2410 1001 2459 qui
1021 2422 1108 2447 non
1138 2415 1225 2447 tam
1247 2409 1422 2460 quidem
1457 2408 1597 2456 nobis,
1631 2423 1740 2459 quos

119 2486 280 2523 scirent
301 2497 428 2535 quam
451 2485 548 2522 hoc
584 2496 692 2521 onus
727 2482 940 2533 defugere
976 2482 1135 2531 potius,
1166 2494 1293 2531 quam
1329 2480 1474 2519 subire
1511 2481 1738 2527 uellemus,

119 2569 246 2607 quam
269 2555 492 2607 episcopo,
516 2556 600 2593 imo
624 2567 730 2592 uero
754 2566 912 2593 causae
934 2553 1013 2603 ipsi
1036 2552 1296 2602 studerent),
1320 2558 1367 2590 ut
1389 2552 1441 2590 ad
1472 2560 1645 2603 apertas
1667 2553 1742 2590 ini-

121 2629 320 2675 micitias,
353 2633 484 2678 atque
517 2627 646 2664 etiam
682 2625 735 2663 ad
770 2638 888 2663 arma
923 2629 1128 2674 eruptura
1162 2623 1402 2662 uideretur.
1435 2624 1545 2662 Cum
1582 2636 1688 2661 ecce
1719 2636 1741 2660 a

124 2700 219 2737 ΚΦ)
255 2698 526 2743 coadiutore,
565 2697 711 2735 diuino
747 2696 791 2734 id
825 2695 999 2746 quidem
1034 2695 1161 2745 plane
1197 2695 1395 2741 consilio,
1433 2694 1550 2745 quod
1585 2695 1742 2732 frustra

122 2772 256 2809 toties
286 2774 414 2807 antea
449 2769 831 2814 contenderamus,
871 2766 1151 2812 obtinuimus,
1175 2772 1223 2803 ut
1257 2779 1282 2803 a
1314 2766 1441 2803 nobis
1475 2766 1742 2816 prouinciam

123 2840 369 2880 huiusmodi
405 2840 642 2890 deponere,
680 2845 811 2889 atque
846 2838 927 2875 illis
963 2837 1188 2875 remittere
1224 2837 1395 2875 liceret.
1434 2837 1480 2873 In
1516 2837 1741 2875 consilium

172 3045 191 3065 a
243 3044 392 3081 Praec.
414 3055 453 3080 v.
475 3048 610 3090 supra
629 3054 737 3080 vers.
808 3044 872 3067 ——b
895 3042 1047 3079 Praec.
1068 3053 1104 3078 v.
1125 3041 1230 3078 add.
1253 3043 1298 3077 in
1318 3050 1458 3083 marg.
