2038 3400
553 260 840 299 291.—BURG15
865 260 907 297 31
938 259 1128 296 Aususn
1159 257 1248 294 1559
1581 257 1649 294 305

843 448 942 500 291

401 590 929 639 ALPHONSUS
973 587 1376 636 RAMIRUS

588 733 738 760 BURGIS
763 722 804 758 31
834 731 1014 758 Aucusrl
1043 719 1134 756 1559
1161 722 1186 756 ¹.

80 843 214 882 Muli‘z'
234 843 325 882 Deo
347 844 387 881 et
407 841 526 880 inter
545 854 636 880 sese
656 842 922 879 nostrorum
945 842 1083 889 opera
1112 837 1414 878 reconciliati.
1443 837 1703 876 Concursus

159 910 218 946 ad
243 909 551 947 sacramenta.
584 907 780 945 Parrum
810 904 1009 944 Sffrczdae
1043 906 1083 943 et
1114 903 1310 943 Sanctae
1343 901 1504 942 Crucis
1535 902 1702 941 contio-

157 987 247 1013 nes.
276 972 462 1012 Artium
492 984 653 1011 cursus
675 973 904 1022 peractus.
930 970 1103 1010 Domus
1133 967 1465 1009 bell‘z‘marensis
1496 967 1703 1007 aedifica-

158 1039 238 1078 tio.
263 1037 506 1077 Sociorum
526 1049 758 1077 numerus.

160 1167 188 1216 ἦ·
204 1165 293 1215 Jhs.
319 1165 409 1202 Pax
431 1162 606 1203 Christi.
627 1163 753 1212 Quae
775 1160 1006 1200 scribenda
1022 1161 1148 1199 nobis
1170 1165 1269 1198 sunt
1286 1160 1368 1198 hac
1385 1158 1705 1210 quadrimestri,

80 1235 134 1274 ad
162 1235 398 1286 spiritalem
420 1235 656 1273 animarum
686 1233 933 1284 profectum
958 1232 1101 1270 omnia
1129 1231 1223 1270 fere
1254 1230 1488 1282 pertinent.
1521 1228 1707 1279 Quidam

84 1319 138 1344 ex
159 1306 320 1344 nostris
341 1304 644 1345 sacerdotibus
666 1304 850 1342 duorum
886 1302 1166 1342 sacerdotum
1187 1302 1370 1348 animos,
1407 1300 1479 1351 qui
1513 1299 1591 1338 sibi
1614 1313 1708 1351 gra-

85 1378 196 1416 uiter
218 1376 358 1427 iniurij
381 1377 568 1424 fuerant,
594 1375 857 1426 composuit3
881 1375 1002 1413 cuius
1023 1373 1129 1412 item
1152 1385 1287 1424 opera
1308 1373 1494 1411 duorum
1527 1371 1708 1410 aliorum

82 1449 219 1488 fracta
239 1462 322 1500 pax
354 1449 530 1487 coaluit.
567 1446 743 1495 [Missos
764 1446 973 1497 facimus
1003 1445 1183 1496 aliquos
1214 1444 1333 1483 alios
1361 1446 1525 1493 casus.]
1560 1445 1709 1482 Sacra-

84 1525 233 1559 menta
252 1521 294 1558 in
324 1520 406 1559 hac
425 1524 575 1558 nostra
595 1518 795 1557 aedicula
825 1517 954 1556 auide
976 1516 1152 1568 quidem
1184 1520 1459 1566 repetuntur,
1491 1515 1711 1565 Frequen-

88 1591 190 1630 tiam
212 1591 411 1630 uidemus
432 1590 628 1641 quotidie
658 1589 959 1628 confitentium
982 1587 1502 1637 communicantiumque.
1535 1585 1608 1624 Pia
1638 1586 1711 1624 mi-

85 1662 266 1700 nisteria
285 1661 327 1700 in
361 1662 602 1701 morientes
625 1662 781 1700 crebra
804 1661 933 1699 etiam
968 1665 1081 1698 sunt.
1113 1658 1365 1698 Conciones
1397 1658 1452 1696 M.
1485 1658 1670 1696 Stradae
1701 1664 1712 1681 ’·’

87 1733 397 1772 iucundissime
432 1733 607 1785 quidem
643 1738 686 1772 et
722 1746 819 1772 cum
854 1744 1010 1783 magna
1044 1730 1254 1770 auiditate
1289 1729 1559 1767 audientium
1598 1729 1712 1766 exci-

87 1804 276 1856 piuntur.
301 1805 348 1843 P.
385 1805 546 1844 Sancta
567 1806 683 1844 Crux
705 1809 733 1851 ²,
757 1804 830 1854 qui
851 1816 875 1842 a
903 1816 980 1841 sua
1001 1801 1221 1841 cotidiana
1240 1801 1497 1851 theologiae
1518 1801 1713 1850 praelec-

85 1875 205 1914 tione
227 1889 314 1914 non
336 1875 522 1923 desistit,
548 1876 786 1914 conciones
809 1874 939 1913 etiam
961 1873 1086 1912 festis
1116 1873 1283 1923 aliquot
1313 1872 1550 1910 interserit.
1589 1872 1714 1909 Libe-

87 1947 237 1986 ralium
272 1947 428 1985 artium
465 1960 616 1986 cursus
650 1947 739 1996 jam
777 1946 904 1984 nobis
938 1950 1145 1996 peractus
1182 1948 1264 1982 est.
1303 1941 1523 1980 Bellimari
1560 1942 1715 1980 domus

87 2019 267 2057 multum
288 2019 373 2057 iam
394 2020 527 2057 habet
548 2018 753 2068 aedificij,
779 2017 1026 2067 crescitque
1048 2016 1090 2054 in
1112 2014 1222 2062 dies,
1252 2014 1442 2053 instante
1466 2014 1588 2065 operi
1609 2015 1715 2052 coti-

87 2089 157 2128 die
180 2090 424 2129 Benedicto
445 2096 458 2115 ⁸
486 2096 653 2129 nostro.
678 2090 805 2128 Valet
827 2088 899 2127 ille
934 2100 1103 2138 nosque
1136 2099 1304 2133 omneS‚
1328 2086 1389 2123 tui
1411 2086 1547 2133 filioli,
1576 2087 1622 2124 16
1641 2099 1715 2123 nu-

87 2174 224 2209 mero,
250 2166 334 2200 etc.
359 2162 423 2200 Ex
446 2162 636 2213 collegio
671 2167 823 2200 nostro
846 2159 1072 2211 burgensi,
1105 2158 1243 2209 pridie
1277 2156 1482 2195 calendas
1516 2156 1716 2207 Septem-

89 2233 176 2271 bris
203 2242 316 2282 1559.

168 2304 298 2342 Filius
320 2310 420 2342 tuus
440 2305 483 2342 in
509 2305 621 2354 Xpo.
645 2304 717 2354 qui
737 2307 840 2342 tuae
862 2302 1116 2353 paternitati
1142 2306 1263 2351 optat
1284 2301 1515 2348 foeliciss.‚

1114 2391 1333 2429 ALFONSUS
1365 2392 1550 2428 Rimmvs
1582 2394 1608 2428 ⁴.

142 2590 149 2608 ¹
205 2584 361 2629 Origin.
384 2583 422 2619 in
442 2582 526 2619 cod.
549 2581 673 2627 Hisp.
699 2580 764 2625 96,
786 2580 826 2616 ff.
849 2580 929 2619 408.
950 2579 1020 2615 409
1039 2578 1113 2622 (IV
1142 2578 1222 2614 kal.
1253 2578 1397 2625 Sept).
1430 2580 1553 2615 Aliud
1587 2591 1720 2616 exem-

94 2649 201 2695 plum
233 2657 324 2682 cum
356 2641 520 2679 Polanci
546 2640 861 2677 correctionibus
889 2640 926 2674 in
955 2637 995 2675 ff.
1018 2638 1099 2683 410,
1116 2639 1196 2675 411,
1220 2639 1377 2684 Apogr.
1398 2640 1618 2674 secundum
1638 2651 1722 2675 cor—

94 2707 293 2744 rectiones
306 2703 346 2740 in
361 2701 429 2739 fol.
446 2700 528 2746 412;
545 2713 594 2737 ex
609 2711 687 2747 quo
702 2699 831 2736 visum
847 2705 920 2741 est,
935 2711 1038 2746 quae
1055 2698 1223 2742 edimus,
1237 2699 1464 2734 desumere.
1483 2697 1524 2733 In
1542 2697 1721 2734 f01.412v

94 2769 323 2804 annotatur:
347 2761 449 2798 <Per
474 2759 660 2804 Genoua,
690 2757 903 2802 Fiorenza,
932 2758 1070 2802 Siena,
1103 2757 1445 2803 Montepulciano,
1477 2757 1653 2803 Pei-ugia
1681 2764 1720 2794 et

98 2824 302 2863 Amelia.»

144 2885 157 2904 ²
207 2882 253 2919 P.
273 2880 514 2918 Franciscus
533 2879 721 2916 Estrada.

144 2944 157 2963 ³
208 2942 253 2979 P.
270 2940 447 2988 Joannes
466 2938 727 2977 Sanctacruz.

144 3004 158 3022 ⁴
208 3000 451 3038 Benedictus
470 2998 746 3045 Uguccionus.

145 3062 157 3081 ⁵
210 3061 272 3097 De
291 3064 455 3096 auctore
474 3059 591 3106 hujus
611 3057 820 3104 epistolae,
841 3056 890 3093 ci.
913 3055 1013 3092 Litt.
1035 3056 1284 3101 Quadrima,
1310 3055 1360 3098 V,
1382 3055 1462 3098 457,
1485 3060 1617 3091 annot.
1639 3054 1671 3092 3.

240 3143 403 3169 anrnu
422 3139 780 3175 QuAnruumrnns.—T.
802 3140 855 3167 VI.
1550 3142 1584 3161 20
