2038 3400
554 287 851 325 ‹sor—Omma
879 288 903 325 6
931 289 1122 325 Aucusn
1152 287 1241 324 1500
1584 284 1660 322 723

131 402 169 438 3.
229 393 345 430 Inter
376 391 665 429 scholasticos
686 391 899 429 habemus
928 391 1157 441 puerulum
1179 388 1411 439 quendam,
1445 392 1611 425 statura
1632 402 1705 438 pu-

79 463 234 510 sillum,
259 462 336 501 sed
372 463 563 501 coeteris
594 464 794 501 altiorem
827 470 870 501 et
903 463 1066 501 maiore
1098 461 1275 512 ingenio
1309 465 1352 497 et
1384 459 1629 497 eruditione
1664 466 1708 497 et

80 546 248 571 morum
276 534 547 584 integritate,
571 535 643 584 qui
674 540 820 572 tantos
841 534 947 573 fecit
967 533 1009 571 in
1044 533 1200 571 litteris
1221 544 1499 583 progressus,
1524 537 1709 581 quantos

80 605 152 642 uix
174 605 276 643 mihi
296 604 543 656 persuadeo
567 606 750 643 alterum
772 605 931 644 fecisse
954 610 1041 642 tam
1070 604 1194 642 breui
1215 603 1428 653 temporis
1459 602 1707 648 interuallo,

79 676 151 726 qui
171 688 258 713 non
279 676 424 726 plures
455 677 614 714 aetatis
636 690 772 714 annos
795 678 849 715 sit
870 677 1108 727 ingressuS.
1133 675 1216 713 Hic
1247 675 1360 712 enim
1385 686 1482 712 cum
1513 673 1705 711 nondum

83 746 300 785 decimum
332 760 489 785 annum
518 747 713 797 quintum
743 748 958 799 tetigerit,
982 746 1065 785 iam
1087 751 1207 784 tanta
1236 744 1468 796 prudentia
1495 749 1707 794 tantoque

79 817 232 856 iuditio
257 824 322 856 est
343 818 581 869 praeditus,
606 832 656 857 ac
679 820 712 857 si
736 826 854 858 esset
876 818 940 857 uir
956 819 999 857 in
1023 817 1241 857 constanti
1262 822 1410 855 aetate
1429 816 1708 854 constitutus.

81 889 248 938 Quibus
272 891 539 928 ornamentis
560 895 739 928 naturae
776 896 820 929 et
852 890 1005 928 summi
1033 888 1274 928 conditoris
1298 900 1381 938 ope
1403 887 1591 934 adiutus,
1616 899 1709 937 spa-

78 962 139 999 tio
163 961 319 1000 decem
341 962 553 1000 mensium
583 975 670 1000 non
702 963 842 1000 solum
860 961 1187 1012 grammaticam
1219 967 1262 998 et
1294 960 1484 1011 linguam
1516 959 1707 1004 latinam,

79 1032 215 1070 ueluti
238 1033 272 1071 si
294 1032 449 1071 decem
472 1045 609 1070 annos
631 1033 671 1070 in
695 1046 747 1071 ea
765 1032 1058 1084 perdiscenda
1081 1038 1125 1071 et
1147 1031 1398 1071 exercenda
1421 1028 1711 1080 consumpsis-

81 1109 164 1151 set,
199 1110 265 1141 est
296 1104 349 1142 ad
381 1117 573 1156 unguem
605 1111 919 1154 consequutus,
953 1118 1105 1143 uerum
1137 1104 1268 1142 etiam
1300 1103 1450 1141 miram
1471 1102 1618 1153 poesis
1641 1114 1712 1139 co-

79 1174 320 1226 gnitionem
345 1181 388 1213 et
410 1175 701 1226 componendi
719 1176 909 1214 carmina
926 1176 1129 1214 eximiam
1147 1174 1460 1213 dexteritatem
1478 1177 1523 1211 et
1539 1185 1711 1223 promp-

82 1247 313 1285 titudinem
337 1252 402 1284 est
443 1246 643 1297 adeptus3
668 1247 746 1285 sed
766 1247 837 1285 hic
864 1260 952 1285 non
975 1247 1186 1286 constitit.
1212 1247 1306 1284 Hac
1342 1245 1472 1284 etiam
1502 1244 1712 1295 temporis

83 1318 410 1369 intercapedine
432 1320 759 1370 grammaticam
787 1331 991 1370 graecam
1023 1319 1103 1357 sibi
1125 1318 1459 1369 diligentissime
1493 1328 1711 1366 compara—

83 1391 158 1428 uit.
198 1391 280 1428 Hic
316 1403 413 1428 cum
448 1390 542 1440 alijs
578 1391 721 1428 multis
761 1390 1034 1429 scholasticis
1055 1391 1097 1428 in
1129 1390 1401 1428 Societatem
1433 1387 1604 1426 admitti
1640 1400 1711 1424 ex-

84 1467 221 1512 optat,
245 1475 397 1500 uerum
420 1475 516 1500 cum
539 1462 684 1500 multis
705 1462 927 1513 ingressus
949 1462 991 1500 in
1028 1461 1299 1501 Societatem
1322 1460 1509 1498 difficilis
1532 1471 1711 1497 conces-

82 1546 130 1570 su
158 1533 373 1580 uideatur,
397 1534 515 1571 beati
546 1533 764 1571 Francisci
787 1538 830 1571 et
864 1533 1079 1571 Dominici
1100 1532 1385 1584 religionibus
1417 1543 1463 1569 se
1487 1530 1713 1568 deuouent

83 1611 127 1642 et
157 1605 417 1655 astringunt.
452 1604 668 1643 Proximis
691 1604 846 1642 diebus
877 1610 1046 1655 septem
1078 1603 1331 1642 scholastici
1352 1602 1405 1640 ad
1434 1603 1584 1639 harum
1617 1601 1712 1638 reli-

81 1676 258 1726 gionum
282 1675 479 1714 instituta
501 1676 716 1714 seruanda
737 1676 900 1726 Spiritu
921 1675 1084 1714 Sancto
1107 1675 1244 1713 afflati
1266 1675 1330 1724 (ut
1348 1673 1569 1712 coniicere
1591 1672 1713 1721 licet)

82 1747 386 1795 conuolarunt,
412 1754 457 1786 et
478 1752 653 1785 nostrae
688 1745 889 1798 religioni
910 1746 995 1784 duo
1029 1751 1127 1784 sunt
1149 1746 1305 1792 relicti,
1330 1746 1402 1795 qui
1435 1750 1478 1783 et
1501 1743 1708 1782 eruditio-

82 1831 136 1856 ne
160 1824 203 1856 et
226 1817 400 1856 uirtutis
422 1817 744 1868 significatione
766 1818 958 1868 reliquos
987 1818 1266 1868 superabant.

134 1900 172 1937 4.
234 1887 377 1926 Multis
417 1888 548 1926 rebus
587 1887 927 1938 praetermissis,
969 1889 1054 1927 hoc
1094 1902 1224 1926 unum
1269 1887 1711 1938 praetermittendum

82 1972 168 1997 non
190 1971 369 2005 censeo,
394 1960 547 1997 Patres
571 1965 614 1996 et
636 1959 792 1997 fratres
815 1960 857 1997 in
888 1960 974 1998 hoc
996 1959 1185 2010 collegio
1209 1959 1427 2010 degentes
1448 1957 1712 2009 quatuorde-

82 2031 163 2067 cim
200 2042 313 2076 esse,
352 2035 397 2067 et
433 2042 599 2076 omneS,
639 2042 735 2067 cum
767 2031 963 2081 corporis
996 2030 1203 2068 continua
1233 2029 1589 2076 mortificatione,
1622 2034 1712 2066 tum

81 2101 322 2139 animorum
353 2101 584 2139 sanctitate
608 2102 649 2138 in
679 2102 1030 2152 praepositorum
1062 2100 1317 2140 obedientia
1341 2105 1383 2138 et
1405 2100 1592 2138 instituti
1613 2113 1712 2137 nos-

81 2173 136 2210 tri
158 2173 439 2211 obseruantia
461 2174 523 2211 sic
555 2186 640 2211 uno
673 2173 845 2212 uinculo
869 2174 1094 2212 charitatis
1111 2175 1332 2221 astrictos,
1367 2179 1411 2211 et
1443 2186 1528 2211 uno
1562 2173 1712 2222 spiritu

82 2245 372 2282 inflammatos
403 2250 447 2283 et
479 2246 725 2283 concitatos
759 2245 812 2282 ad
844 2258 1028 2296 superos
1057 2246 1313 2284 anhelantes
1346 2244 1635 2292 contendere,
1668 2250 1712 2281 ut

81 2328 234 2354 eorum
257 2315 365 2354 odor
388 2322 433 2354 et
455 2317 703 2367 exemplum
723 2329 861 2367 usque
879 2329 1050 2367 quaque
1084 2317 1289 2355 diffusum
1320 2317 1449 2355 facile
1482 2316 1709 2354 sentiatur.

84 2388 306 2425 Hactenus
328 2387 586 2425 incoluimus
609 2387 800 2434 domum,
821 2400 931 2438 quae
956 2401 1043 2426 non
1065 2389 1169 2426 satis
1192 2393 1291 2439 apta
1313 2388 1365 2426 ad
1397 2387 1584 2426 instituti
1614 2400 1712 2424 nos-

82 2459 137 2495 tri
159 2471 337 2497 munera
360 2458 564 2496 obeunda
585 2458 830 2506 uidebatur,
857 2463 1009 2508 utpote
1040 2459 1351 2510 aliquantulum
1374 2464 1545 2497 remota
1566 2471 1590 2496 a
1612 2470 1712 2495 con-

83 2542 211 2567 cursu
240 2530 377 2567 totius
406 2529 568 2580 populi.
593 2530 721 2567 Nunc
752 2542 859 2568 uero
891 2530 944 2567 ad
966 2530 1071 2568 alias
1102 2530 1238 2569 aedes
1269 2530 1571 2580 amplissimas,
1597 2534 1641 2566 et
1672 2529 1711 2565 in

81 2600 455 2650 praestantissimo
481 2608 525 2641 et
547 2603 771 2653 aptissimo
804 2603 903 2640 loco
937 2602 1216 2649 constitutas,
1240 2601 1567 2640 inhabitandum
1589 2612 1713 2639 acce-

83 2671 238 2719 dimus3
271 2673 343 2710 ubi
372 2679 605 2724 postquam
636 2674 844 2723 templum
874 2673 1008 2711 fuerit
1036 2679 1249 2720 erectum,
1274 2673 1328 2711 ad
1350 2673 1454 2711 illud
1478 2672 1617 2711 omnis
1638 2684 1713 2721 po-

83 2744 221 2794 pulus,
246 2745 382 2782 ueluti
402 2745 446 2783 in
468 2746 611 2784 medio
637 2745 782 2796 oppidi
804 2746 1010 2792 locatum,
1036 2746 1245 2785 confluet.
1283 2743 1524 2793 [Valedz'cit
1545 2746 1586 2783 et
1612 2746 1713 2792 pre-

83 2827 151 2853 ces
177 2816 413 2865 postulem]
447 2816 638 2854 Ocaniae
677 2821 835 2854 octauo
871 2816 966 2854 idus
997 2816 1199 2868 Augusti,
1233 2830 1345 2856 anno
1378 2830 1402 2855 a
1433 2815 1607 2856 Christo
1642 2827 1712 2851 na-

83 2889 129 2923 to
156 2886 269 2934 1560.
294 2886 412 2925 Tuus
434 2888 475 2924 in
498 2889 609 2926 Dno.
636 2901 803 2934 seruus,

1369 2962 1533 2999 GARciA
1565 2967 1590 2996 ¹.

138 3107 146 3127 ¹
200 3106 262 3143 Cf.
288 3107 384 3144 Litt.
405 3107 653 3154 Quadrim.,
678 3107 730 3149 V,
750 3107 833 3152 796,
855 3114 991 3146 annot.
1014 3108 1050 3145 2.
