2038 3400
510 181 620 218 411.-
642 179 848 218 LAURETO
876 181 891 217 1
921 180 1181 219 SEPTEMssms
1209 179 1300 217 1560
1602 178 1672 217 787

152 293 187 331 5.
248 283 325 321 His
349 289 392 320 et
414 283 505 321 aliis
526 283 606 332 piis
629 282 833 332 operibus
855 283 967 320 solet
997 282 1198 321 Societas
1218 286 1369 320 nostra
1391 282 1487 319 Deo
1512 288 1555 320 et
1579 287 1623 319 et
1652 294 1721 319 ec·

98 354 258 392 clesiae
281 366 383 391 suae
408 358 585 391 sanctae
608 353 789 391 seruire.
814 353 956 391 Sentit
978 354 1061 391 iam
1084 353 1272 391 Marchia
1293 357 1402 399 tota,
1427 353 1512 391 imo
1537 358 1579 390 et
1602 352 1722 390 Italia

99 425 300 462 vniuersa
321 424 386 474 (vt
415 424 587 462 interim
620 424 673 462 de
706 424 870 462 exteris
900 425 1046 475 regnis
1078 430 1122 462 et
1151 424 1381 474 prouintiis
1411 423 1514 461 nihil
1546 424 1719 472 dicam),

95 500 299 545 quantam
330 495 564 533 christiana
594 494 748 545 religio
779 495 990 545 percipiat
1011 495 1244 532 vtilitatem
1268 507 1322 532 ex
1344 499 1595 532 nostrorum
1618 493 1721 532 doc-

97 567 206 603 trina
228 570 272 604 et
294 570 443 604 sancta
464 566 818 604 conuersatione.
838 567 931 617 Jam
954 566 1066 604 enim
1090 571 1134 603 et
1155 571 1306 603 nostra
1335 571 1459 603 aetas
1494 565 1603 603 alios
1634 578 1723 603 mo-

95 649 165 674 res
202 637 354 688 exigit,
396 637 521 674 aliam
562 637 695 674 vitam
735 637 942 686 postulat,
980 637 1065 674 imo
1103 641 1146 674 et
1180 636 1427 686 profitetur,
1469 640 1599 687 prout
1637 648 1723 673 non

96 708 235 744 minus
266 719 395 746 senes
425 720 552 758 quam
572 707 760 756 juuenes
782 712 1060 754 attestantur,
1086 711 1128 744 et
1152 719 1285 758 opera
1305 706 1398 757 ipsa
1419 706 1721 757 comprobant,

98 780 229 829 longe
252 778 334 816 alia
355 779 525 817 ratione
549 784 755 829 oportere
773 779 906 816 vitam
928 791 1162 829 moresque
1184 779 1420 825 instruere,
1440 777 1725 828 relinquenda

99 861 198 887 esse
221 849 375 887 saltem
396 850 569 899 publica
592 855 635 887 et
656 849 912 888 nefandiora
932 849 1115 896 scelera,
1137 849 1434 887 confitendum
1458 849 1620 899 sepius,
1643 849 1725 900 pijs

97 920 302 971 operibus
342 920 644 967 insistendum,
689 926 732 958 et
771 933 857 958 non
893 921 1033 958 solum
1072 921 1185 971 piam
1223 925 1433 967 mentem,
1476 919 1554 959 sed
1595 920 1725 958 etiam

97 993 277 1043 egregia
297 991 492 1030 facinora
514 998 720 1043 oportere
743 992 796 1030 ad
817 992 903 1030 hoc
919 998 966 1029 vt
987 992 1083 1030 Deo
1105 992 1308 1043 placeant
1328 991 1529 1030 homines
1552 998 1584 1038 a,
1611 996 1654 1029 et
1676 996 1726 1029 vt

96 1063 209 1101 inter
237 1063 438 1101 homines
470 1062 710 1101 secundum
741 1063 962 1101 hominem
993 1063 1012 1087 b
1033 1064 1129 1113 quis
1160 1063 1303 1101 valeat
1334 1076 1431 1101 cum
1461 1063 1645 1110 honore,
1678 1068 1726 1101 vt

96 1134 175 1185 ipsi
197 1134 362 1181 dicunt,
388 1134 654 1172 conuersari.
679 1135 776 1172 Hec
796 1134 838 1172 in
870 1135 949 1172 hac
976 1139 1126 1172 nostra
1148 1134 1365 1173 Marchiae
1387 1134 1612 1184 prouincia
1632 1147 1725 1184 pas-

98 1206 176 1243 sim
207 1203 455 1251 audiuntur,
489 1211 533 1243 et
554 1205 706 1252 nostri,
730 1206 802 1255 qui
824 1205 969 1243 multis
1000 1205 1234 1243 admodum
1257 1210 1355 1242 sunt
1386 1218 1410 1242 a
1440 1205 1726 1243 confessioni-

96 1277 191 1323 bus,
216 1276 413 1327 quotidie
434 1277 495 1314 ita
517 1289 614 1315 esse
637 1275 986 1327 deprehendunt.
1009 1275 1202 1324 Quarum
1224 1288 1369 1314 rerum
1389 1277 1482 1314 laus
1504 1282 1549 1314 et
1569 1276 1723 1327 gloria,

96 1347 292 1398 quamuis
323 1349 419 1387 Deo
451 1348 532 1386 soli
560 1353 656 1386 tota
685 1349 739 1386 sit
767 1348 1070 1395 adscribenda,
1104 1352 1259 1398 vtpote
1281 1348 1353 1399 qui
1380 1348 1479 1386 fons
1501 1354 1569 1387 est
1590 1348 1726 1386 totius

95 1420 319 1467 bonitatis,
345 1425 389 1458 et
410 1432 434 1458 a
455 1433 540 1470 quo
565 1432 693 1458 omne
715 1419 863 1458 datum
887 1420 1112 1471 optimum,
1138 1425 1182 1457 et
1205 1432 1333 1458 omne
1366 1419 1527 1458 donum
1557 1419 1725 1470 perfec-

97 1496 188 1529 tum
221 1491 452 1529 descendit
484 1496 510 1537 ¹3
551 1491 764 1529 Societati
795 1473 941 1529 tamen
971 1496 1121 1529 nostre
1160 1496 1329 1542 partem
1369 1491 1555 1541 aliquam
1595 1491 1725 1529 etiam

100 1563 323 1612 sapientes
344 1562 426 1600 viri
452 1563 708 1609 attribuunt,
741 1562 928 1600 libenter
958 1575 1038 1600 nos
1068 1562 1264 1609 audiunt,
1294 1574 1375 1600 nos
1406 1562 1652 1609 consulunt,
1684 1566 1726 1599 et

96 1633 138 1670 in
160 1639 310 1671 nostra
339 1632 652 1671 beneuolentia
683 1633 869 1671 dulciter
900 1633 1235 1683 conquiescunt.
1268 1631 1438 1670 Reddat
1469 1632 1550 1670 illis
1581 1632 1727 1670 Domi-

96 1717 176 1742 nus
201 1704 385 1755 gratiam
406 1716 483 1755 pro
506 1704 660 1755 gratia,
686 1709 730 1742 et
751 1709 910 1755 augeat
933 1705 974 1742 in
995 1704 1122 1742 nobis
1145 1709 1396 1742 sanctorum
1419 1704 1725 1742 charismatum

98 1775 422 1823 abundantiam,
446 1781 493 1813 vt
513 1775 555 1812 in
577 1776 658 1813 Dei
681 1776 892 1826 obsequio
919 1780 963 1813 et
984 1776 1024 1813 in
1046 1776 1345 1826 proximorum
1368 1774 1611 1813 commodis
1631 1788 1725 1825 per-

98 1845 319 1896 quirendis
360 1845 604 1897 paratiores
643 1845 839 1896 quotidie
881 1847 1172 1897 reperiamur.
1217 1847 1346 1896 Quod
1386 1846 1513 1884 facile
1553 1846 1650 1893 fiet,
1693 1847 1726 1884 si

98 1918 145 1955 R.
183 1922 257 1955 tua
291 1918 337 1955 P.
370 1930 447 1967 pro
483 1917 610 1955 nobis
644 1917 741 1955 filiis
777 1917 861 1955 tuis
895 1917 1150 1968 frequenter
1186 1916 1419 1955 Dominum
1456 1917 1723 1955 exorauerit.

98 1988 273 2026 Laureti
295 1995 311 2013 0
333 1988 537 2027 Calendis
559 1988 830 2039 Septembris
858 1988 970 2036 1560.
1004 1989 1066 2026 Ex
1103 1988 1412 2027 commissione
1444 1989 1491 2026 P.
1526 1988 1726 2026 Rectoris

97 2060 146 2097 R,
171 2061 217 2097 P.
242 2060 292 2097 T.
316 2059 517 2110 indignus
538 2060 580 2097 in
609 2060 783 2098 Christo
808 2059 924 2098 filius

1190 2114 1388 2151 RAPHAEL
1419 2113 1553 2151 Rmm
1586 2118 1612 2150 ².

180 2236 436 2287 Inscriptio.
462 2235 818 2286 Quadrimestres
849 2237 1101 2276 lauretanae
1122 2238 1285 2275 mensis
1308 2237 1570 2288 septembris
1612 2237 1724 2285 1560.

181 2307 287 2347 Alia
307 2321 462 2347 manu.
488 2309 571 2346 Per
592 2309 632 2346 la
651 2309 878 2358 prouincia
899 2308 940 2346 di
962 2309 1161 2347 Fiandra.

146 2479 165 2498 a
216 2479 308 2527 δερ.
345 2479 428 2517 del.
464 2480 687 2517 secundum
725 2479 940 2516 hominem.
1041 2481 1107 2505 —b
1158 2479 1312 2517 Praec.
1349 2490 1388 2515 v.
1429 2484 1567 2525 supra
1607 2489 1720 2515 vers.

105 2546 165 2564 —0
193 2538 384 2576 Emend.
409 2549 459 2576 ex
477 2538 718 2576 Lauretum.

151 2696 159 2715 ¹
214 2693 453 2741 Cf.JAc.,1‚
478 2693 532 2729 17.

149 2755 162 2774 ²
213 2754 320 2790 Vide
339 2766 377 2800 p.
396 2753 455 2790 68.
