2038 3400
550 266 964 304 367.—1N<;0Lsmmo
992 266 1006 302 1
1037 265 1147 313 MAJ1
1180 267 1266 304 1560
1608 270 1677 306 613

102 383 196 420 guS.
223 372 388 408 Doctor
412 369 682 408 Cuuillonius
703 369 746 406 in
776 368 1051 407 hebdomada
1074 376 1222 407 sancta
1245 382 1389 407 coram
1422 371 1582 407 celebri
1607 372 1722 409 audi-

102 441 214 479 torio
238 441 387 479 habuit
409 453 657 478 sermonem
680 441 859 478 latinum
882 448 899 465 a
922 441 974 478 de
999 440 1200 491 passione
1223 441 1441 479 dominica
1462 442 1495 480 b,
1520 455 1646 491 quem
1669 443 1722 480 ad

102 513 265 563 aiiquot
286 513 415 550 horas
433 513 538 550 mira
561 511 735 550 dicendi
762 511 901 562 gratia
923 517 965 549 et
984 511 1163 562 energia
1183 511 1410 562 protraxit,
1436 512 1546 549 adeo
1570 519 1615 549 ut
1637 520 1720 551 tam

101 583 333 621 domestici
354 595 481 632 quam
504 583 675 621 externi
699 582 792 620 eius
814 582 1038 620 auditores
1061 582 1205 619 dicant
1227 583 1516 620 Cuuillonium
1539 583 1579 620 in
1603 596 1722 632 prae-

100 653 317 692 dicatione
353 654 597 691 dominicae
633 653 846 704 passionis
876 653 1006 703 longe
1044 653 1232 702 seipsum
1258 665 1506 703 superasse3
1529 666 1613 703 quo
1636 653 1721 691 fac-

100 731 189 762 tum
213 730 280 762 est
298 725 443 771 etiam,
467 731 513 762 ut
534 725 739 774 permulti
761 724 891 775 longe
915 724 996 762 alia
1026 725 1210 771 ratione,
1235 737 1361 774 quam
1394 724 1497 762 alias
1520 737 1720 774 vnquam,

99 795 152 833 ad
175 796 428 845 mysterium
451 796 555 833 illud
584 802 910 834 sacrosanctum
943 796 1159 833 senserint
1191 808 1237 832 se
1269 795 1469 834 affectos.
1505 796 1720 844 Quantum

99 873 245 904 autem
272 867 439 905 fructus
470 867 510 905 in
545 869 655 905 Dno.
688 879 843 917 parere
876 867 1062 904 valuerit
1093 867 1127 904 is
1159 879 1319 912 sermo,
1353 879 1481 917 quem
1511 868 1553 905 in
1584 879 1723 905 coena

100 937 195 976 Dni.
229 938 341 989 apud
371 938 607 976 canonicos
638 944 906 989 augustanos
938 938 1069 975 latine
1101 938 1245 984 habui,
1279 938 1460 975 aliorum
1493 945 1588 975 esto
1619 937 1722 975 iudi-

100 1010 227 1054 cium,
251 1009 322 1060 qui
344 1014 600 1059 praesentes
623 1009 818 1055 adfuere,
845 1014 963 1046 etea
993 1008 1046 1045 de
1078 1022 1124 1046 re
1156 1008 1257 1059 quid
1290 1009 1451 1046 certius
1483 1009 1719 1057 conijcere,

99 1081 475 1131 pronunciareque
496 1086 695 1130 possunt.
722 1081 768 1118 In
790 1080 939 1130 vigilia
958 1080 1147 1130 paschae
1172 1086 1214 1118 et
1236 1080 1369 1117 biduo
1406 1080 1718 1129 subsequente,

98 1152 139 1189 in
160 1165 274 1203 pago
298 1152 463 1190 ciuitati
486 1153 713 1203 Augustae
741 1151 1002 1203 propinquo,
1036 1152 1120 1189 feci
1151 1164 1262 1201 quae
1294 1151 1347 1189 ad
1370 1152 1508 1189 curati
1530 1164 1608 1189 seu
1629 1165 1721 1202 pas-

97 1224 204 1261 toris
240 1223 429 1261 officium
459 1228 674 1274 spectant,
700 1224 861 1273 alioqui
884 1235 987 1261 sane
1010 1224 1074 1272 (ut
1097 1228 1163 1261 est
1184 1224 1342 1273 passim
1364 1224 1406 1260 in
1438 1222 1582 1261 multis
1613 1224 1719 1261 locis

95 1294 357 1333 Germaniae
393 1294 672 1333 sacerdotum
704 1295 900 1345 penuria)
934 1295 1049 1332 nulla
1079 1294 1137 1332 ibi
1166 1300 1269 1332 tunc
1299 1294 1498 1340 fontium,
1538 1295 1714 1332 cereiue

96 1365 363 1412 benedictio,
401 1367 564 1404 nullum
600 1379 784 1413 sacrum,
824 1367 939 1404 nulla
974 1366 1145 1412 concio,
1183 1366 1426 1416 nulliusque
1460 1366 1718 1403 sacramenti

96 1436 410 1474 administratio
433 1437 578 1475 futura
600 1443 708 1480 erat3
733 1442 777 1475 et
799 1437 899 1486 quia
919 1449 1006 1475 non
1035 1441 1101 1474 est
1122 1436 1191 1487 qui
1225 1442 1385 1486 pascat,
1410 1435 1590 1474 audiunt
1613 1448 1720 1473 oues

96 1521 254 1546 vocem
275 1508 531 1555 alienorum,
557 1514 600 1545 et
619 1514 859 1559 sequuntur
876 1507 1189 1555 mercenarios3
1212 1520 1309 1545 narn
1332 1514 1348 1532 e
1371 1508 1462 1545 eius
1484 1506 1569 1545 loci
1590 1508 1719 1545 maxi-

97 1594 162 1617 ma
197 1579 559 1631 parochianorum
593 1580 736 1630 portio
774 1580 827 1618 sit
860 1579 1073 1626 desolata,
1107 1579 1325 1617 turmatim
1357 1579 1536 1617 confluit
1568 1578 1720 1616 diebus

101 1652 233 1689 sacris
264 1652 305 1689 in
328 1651 566 1698 ciuitatem,
591 1656 636 1689 ut
658 1651 677 1676 d
707 1652 853 1690 audiat
876 1652 1114 1690 conciones
1136 1652 1480 1696 lutheranorum,
1505 1663 1613 1699 quae
1636 1651 1721 1688 illic

98 1723 291 1773 pluribus
313 1723 355 1760 in
376 1723 484 1760 locis
505 1723 772 1773 frequentari
798 1725 955 1761 solent.

148 1805 186 1841 4.
248 1794 341 1831 Hac
367 1794 449 1831 iam
483 1794 629 1844 elapsa
659 1795 1007 1845 quadragesima,
1042 1795 1230 1833 confessi
1263 1801 1361 1832 sunt
1388 1796 1548 1834 nostris
1580 1808 1719 1833 sacer-

96 1864 271 1901 dotibus
302 1870 448 1902 rector
480 1865 778 1903 vniuersitatis
806 1866 896 1916 (qui
928 1871 971 1902 et
1000 1866 1093 1915 ipse
1116 1879 1225 1903 vnus
1250 1871 1316 1903 est
1348 1879 1371 1903 e
1404 1866 1635 1904 comitibus
1666 1867 1718 1904 de

100 1935 289 1984 Lodron)
312 1939 355 1991 ³ss
377 1935 445 1984 alij
469 1935 682 1986 plerique,
708 1942 798 1974 tum
821 1950 876 1975 ex
898 1936 1138 1983 academia,
1163 1942 1253 1974 tum
1286 1950 1339 1975 ex
1372 1937 1550 1975 ciuitate
1582 1938 1718 1988 ingol-

96 2006 320 2053 stadiensi3
344 2019 587 2057 quanquam
609 2008 741 2058 longe
763 2008 899 2045 maior
921 2021 1128 2046 numerus
1161 2014 1278 2046 esset
1310 2009 1612 2047 confitentium
1642 2022 1719 2059 per

96 2077 229 2114 totius
265 2077 362 2126 annj
400 2077 622 2123 circulum,
661 2078 696 2116 si
730 2091 807 2128 pro
843 2079 968 2116 vnius
1000 2079 1148 2116 sacelli
1179 2079 1453 2129 portiuncula
1484 2080 1717 2130 collegium

94 2154 290 2185 nostrum
312 2148 496 2186 haberet
519 2162 642 2186 suum
665 2150 889 2200 templum,
914 2150 983 2187 vel
1009 2150 1162 2188 saltem
1184 2151 1402 2201 integrum
1433 2151 1571 2188 iustae
1603 2163 1717 2201 mag-

95 2218 302 2257 nitudinis
325 2220 549 2267 sacellum,
574 2220 615 2257 id
638 2221 755 2271 quod
776 2234 862 2259 non
885 2220 1073 2259 admittit
1103 2223 1226 2260 locus
1257 2223 1297 2259 in
1328 2235 1412 2272 quo
1445 2235 1524 2260 nos
1555 2222 1717 2260 habita-

96 2304 202 2328 mus,
236 2291 334 2329 Non
366 2290 526 2328 desunt
556 2291 728 2329 interim
759 2292 974 2330 honestae
1005 2293 1193 2331 familiae
1225 2299 1269 2331 et
1297 2293 1485 2342 juuenes
1516 2293 1714 2340 studiosi,

95 2361 166 2411 qui
189 2361 399 2408 crebrius,
425 2362 518 2399 siue
540 2362 582 2399 in
612 2367 763 2400 nostro
788 2363 949 2401 sacello
974 2363 1065 2402 siue
1088 2364 1202 2411 alibi,
1227 2365 1387 2402 nostris
1409 2364 1713 2402 confiteantur.

97 2432 147 2468 D.
174 2433 464 2480 Hermannus,
489 2434 764 2483 germanicus
786 2434 827 2471 in
849 2447 954 2485 agro
978 2435 1059 2472 Dei
1082 2436 1090 2453 ¹
1114 2437 1413 2482 concionator,
1437 2435 1652 2473 interdum
1676 2435 1715 2472 in

96 2503 382 2541 concionibus
405 2509 449 2542 et
471 2504 822 2542 confessionibus
843 2505 929 2543 fert
957 2518 1084 2556 opem
1108 2507 1275 2545 cuidam
1300 2506 1565 2545 monasterio
1590 2507 1715 2557 virgi-

94 2588 194 2612 num
234 2575 286 2612 ab
314 2575 395 2613 hac
426 2576 604 2614 ciuitate
627 2577 765 2614 tribus
795 2577 1031 2615 miliaribus
1062 2578 1322 2628 germanicis
1343 2578 1531 2623 distanti;
1562 2591 1716 2628 magna

95 2645 308 2695 siquidem
342 2647 610 2686 necessitate
647 2648 801 2686 adacta
836 2649 928 2687 eius
963 2650 1049 2688 loci
1086 2650 1305 2688 abbatissa
1334 2649 1478 2688 multis
1511 2650 1714 2700 precibus

94 2729 225 2767 saepe
257 2718 500 2766 contendit,
533 2732 584 2758 ac
615 2719 790 2758 tandem
822 2721 1023 2767 obtinuit,
1057 2727 1103 2759 ut
1132 2721 1175 2760 id
1207 2722 1337 2771 officij
1366 2728 1562 2760 nostrum
1585 2721 1713 2759 colle-

139 2865 158 2885 a
208 2866 302 2903 Del.
326 2866 508 2904 latinum.
564 2889 588 2892 —<
609 2869 628 2893 b
650 2867 743 2905 Del.
779 2868 976 2912 passione.
1031 2877 1094 2895 —0
1125 2869 1305 2906 Videtur
1334 2870 1481 2906 deesse
1510 2882 1613 2911 cum,
1646 2870 1714 2905 vel

93 2925 200 2971 quid
217 2927 373 2962 simile.
427 2927 494 2952 —d
515 2925 610 2964 Del.
631 2927 727 2964 illic.

148 3064 155 3082 ¹
212 3062 321 3100 Vide
340 3076 377 3111 p.
401 3064 480 3101 154.
