2038 3400
507 264 831 305 420.—C01.0N1A
856 266 878 302 5
903 264 1167 303 SEPTEMBRIS
1196 261 1286 302 1560
1587 260 1657 299 819

88 372 237 411 sertim
259 371 359 410 dum
380 373 422 410 in
443 372 705 410 lectionibus
727 371 815 408 suis
836 374 1122 421 preceptores
1151 380 1239 406 non
1261 379 1357 405 raro
1387 366 1563 417 pietatis
1583 366 1601 384 a
1623 370 1710 403 stu-

88 444 212 481 diose
234 444 537 490 meminerunt,
563 448 607 480 et
628 441 682 480 ad
713 440 1035 480 confessionem
1066 450 1324 489 sacramque
1357 438 1707 475 communionem

87 514 206 564 (dum
228 515 287 552 ita
307 515 391 551 fert
422 515 551 563 ratio)
582 514 882 551 adhortantur.
917 514 1014 562 Qua
1035 510 1077 548 in
1108 522 1169 557 re,
1195 509 1315 547 dictu
1346 509 1515 555 mirum,
1552 513 1712 558 quanta

87 585 161 623 fiat
181 585 224 623 in
250 585 606 623 adolescentibus
634 585 810 635 pietatis
841 583 1054 621 accessio.
1090 580 1268 619 Plurimi
1298 579 1578 630 generalibus
1609 591 1708 616 con-

86 655 350 695 fessionibus
373 669 470 695 cum
492 658 626 694 multa
653 656 781 694 animi
812 655 1077 694 demissione
1109 651 1405 691 conscientias
1436 663 1535 689 suas
1558 662 1712 700 expur-

89 733 262 779 garunt.

141 809 178 837 2.
239 799 331 837 Etsi
353 799 422 847 alij
448 798 705 837 sacerdotes
726 810 803 848 pro
826 797 1037 848 temporis
1069 794 1237 834 ratione
1271 792 1621 832 confessionibus
1643 804 1714 829 au-

89 870 257 909 diendis
279 875 452 917 vacent,
485 871 719 921 praecipue
750 875 896 907 tamen
926 869 973 906 R.
1009 869 1055 906 Ρ.
1087 866 1343 906 Leonardus
1367 866 1375 885 ¹
1398 865 1500 903 huic
1520 864 1710 914 negocio

88 942 312 980 incumbit.
351 942 448 988 Hic,
483 942 640 991 elapsis
675 941 840 991 aliquot
875 939 1046 986 diebus,
1084 939 1137 976 ab
1170 937 1459 976 illustrissima
1494 935 1716 974 comitissa

89 1014 218 1064 (quae
239 1019 416 1064 praeest
440 1013 656 1051 ecclesiae
678 1016 856 1050 sanctae
882 1010 1062 1049 Vrsulae
1085 1022 1182 1047 cum
1214 1008 1416 1046 vndecim
1439 1006 1610 1044 milibus
1632 1005 1714 1043 vir-

92 1085 257 1135 ginum)
279 1090 292 1108 ²
313 1085 568 1131 accersitus,
592 1083 646 1121 ab
677 1095 729 1121 ea
758 1095 845 1120 non
878 1082 1064 1120 obscure
1096 1079 1330 1127 intellexit,
1363 1078 1481 1130 quod
1508 1078 1593 1123 illa,
1618 1089 1715 1114 cum

91 1151 465 1189 animaduerteret
488 1151 543 1188 ob
567 1149 884 1187 comitissarum
914 1147 1181 1198 paucitatem
1213 1145 1360 1183 diuina
1392 1143 1535 1182 officia
1556 1142 1713 1180 collabi

89 1223 310 1274 paulatim,
334 1234 382 1259 se
403 1222 519 1259 velle
543 1220 705 1259 cedere
727 1220 842 1266 loco,
867 1231 917 1256 ac
938 1218 1147 1267 templum
1171 1229 1268 1254 cum
1297 1214 1539 1254 redditibus
1561 1213 1614 1251 ad
1636 1213 1714 1251 So-

91 1294 299 1332 cietatem
320 1292 557 1330 transferre
577 1292 614 1338 ¹³3
638 1297 682 1330 et
703 1290 801 1341 quia
824 1289 1097 1327 existimabat
1118 1288 1346 1325 nobiscum
1369 1287 1480 1324 hanc
1515 1298 1606 1323 rem
1628 1298 1716 1323 non

91 1377 223 1416 posse
246 1365 339 1402 sine
362 1377 579 1402 consensu
603 1361 972 1401 Reuerendissimi
993 1360 1192 1410 transigi,
1213 1358 1441 1397 constituit
1457 1358 1594 1408 primo
1613 1369 1717 1407 quo-

90 1450 174 1487 que
196 1442 397 1486 tempore
420 1434 725 1473 celsitudinem
753 1446 873 1471 suam
905 1431 1253 1482 compellandam
1286 1443 1401 1477 esse,
1434 1434 1482 1467 vt
1513 1429 1606 1466 eius
1636 1428 1718 1478 pijs

91 1507 323 1556 desiderijs
339 1507 658 1556 acquiesceret.
678 1503 881 1543 Nondum
899 1508 1172 1554 compertum
1189 1502 1402 1540 habemus
1419 1500 1521 1551 quid
1539 1512 1717 1550 respon-

91 1579 127 1618 si
148 1579 386 1630 acceperit,
420 1578 607 1616 maxime
639 1589 736 1615 cum
767 1574 1176 1613 Reuerendissimus
1206 1573 1356 1624 paucis
1377 1570 1533 1609 abhinc
1564 1570 1718 1608 diebus

90 1652 175 1689 alio
197 1651 422 1702 profectus
444 1649 512 1687 sit.
545 1647 676 1698 Quod
705 1647 741 1685 si
769 1646 1003 1697 negocium
1033 1646 1119 1683 hoc
1146 1645 1210 1693 (vt
1242 1643 1485 1694 speramus)
1509 1642 1717 1680 effectum

91 1723 278 1773 aliquem
301 1721 523 1766 sortiatur,
546 1731 633 1757 non
657 1718 855 1757 videmus
877 1716 979 1768 quid
1008 1715 1146 1766 magis
1175 1715 1257 1753 Dei
1287 1713 1469 1765 gloriam
1491 1714 1533 1751 in
1560 1713 1642 1751 hac
1663 1713 1718 1751 ci-

92 1795 229 1833 uitate
251 1794 466 1832 illustrare
488 1797 621 1843 queat
648 1792 676 1829 ³.
708 1791 817 1828 Nam
848 1790 960 1826 haec
991 1786 1183 1825 ecclesia
1211 1799 1299 1824 non
1330 1787 1469 1823 solum
1500 1797 1604 1836 prae
1626 1783 1720 1832 alijs

92 1878 202 1916 quae
234 1865 304 1902 hic
326 1872 342 1889 0
382 1868 683 1901 trecentorum
712 1873 941 1898 numerum
971 1858 1210 1904 excedunt,
1245 1856 1432 1895 celebris
1465 1861 1531 1894 est
1562 1856 1603 1893 in
1638 1855 1720 1892 hac

94 1936 278 1983 diocesi3
302 1935 379 1973 sed
403 1934 533 1972 etiarn
555 1931 669 1983 apud
691 1937 866 1970 exteras
893 1930 1094 1968 nationes
1128 1929 1184 1967 ob
1214 1933 1281 1966 tot
1311 1927 1472 1965 milium
1503 1927 1719 1978 virginum

93 2008 350 2058 sanguinem
372 2006 514 2043 fusum
535 2003 878 2043 nominatissima
909 2008 992 2041 est.
1018 2003 1161 2039 Locus
1189 1999 1531 2051 spatiosissimus
1552 2010 1604 2036 ac
1624 1998 1719 2036 red-

93 2079 253 2117 ditibus
275 2077 551 2132 amplissimis
570 2076 759 2122 dotatus,
784 2073 1003 2112 fundando
1027 2073 1218 2124 collegio
1238 2071 1719 2111 accommodatissimus

95 2155 228 2189 esset.
253 2150 453 2188 Orandus
477 2154 544 2186 est
566 2149 700 2194 Deus,
724 2152 770 2184 vt
791 2159 868 2196 pro
894 2158 970 2183 sua
991 2146 1224 2183 voluntate
1246 2157 1324 2196 per
1354 2156 1434 2182 nos
1463 2144 1550 2181 hoc
1571 2141 1718 2188 modO,

97 2222 169 2259 vel
191 2234 268 2272 per
289 2221 396 2259 alios
418 2219 438 2244 ‘¹
460 2218 642 2270 gloriam
664 2230 783 2256 suam
804 2229 1048 2269 propagare
1071 2215 1292 2266 dignetur.
1313 2215 1367 2253 M.
1388 2215 1604 2253 Henricus
1620 2212 1721 2250 Dio-

95 2293 230 2330 nisius
252 2292 317 2341 (vt
339 2291 471 2340 solet)
492 2291 534 2328 in
556 2302 723 2328 summo
755 2290 919 2339 templo
951 2287 1258 2334 concionatur,
1283 2299 1334 2324 ac
1364 2286 1406 2324 in
1437 2284 1722 2324 cathechismi

99 2364 394 2415 explicatione
432 2366 614 2413 perstat.
655 2360 930 2398 Auditorium
970 2358 1170 2410 quotidie
1210 2359 1529 2396 incrementum
1575 2356 1718 2395 sumit.

96 2435 217 2473 Multi
237 2448 326 2473 non
347 2434 487 2473 solum
510 2446 564 2471 ex
586 2430 820 2470 haereticis
843 2436 1179 2477 conuertuntur,
1199 2429 1277 2467 sed
1300 2434 1343 2467 et
1360 2428 1429 2477 alij
1454 2441 1478 2466 a
1495 2429 1582 2465 suis
1604 2426 1722 2477 fiagi-

94 2506 166 2556 tijs
187 2506 462 2557 resipiscunt.
487 2505 620 2543 Cuius
642 2502 705 2540 rei
727 2503 950 2553 specimen
967 2501 1145 2552 aliquod
1167 2502 1231 2551 (vt
1254 2501 1397 2538 obiter
1419 2499 1722 2547 interseratur)

140 2645 158 2665 a
208 2641 369 2689 pietatis
387 2647 524 2686 supra
543 2651 653 2677 vers.
674 2638 830 2676 eadem
849 2649 1002 2676 manu.
1057 2639 1122 2663 —b
1143 2643 1254 2674 trans
1273 2642 1411 2683 supra
1430 2647 1557 2679 vers..
1585 2636 1722 2672 deleto

94 2703 147 2740 in.
202 2711 265 2729 —0
285 2701 421 2739 Prius
439 2701 479 2737 in
498 2700 586 2737 hac.
639 2699 707 2724 ——d
729 2698 912 2736 Emend.
935 2708 986 2735 ex
1005 2699 1071 2734 vel
1090 2697 1196 2746 alijs.

143 2838 152 2857 ¹
204 2836 249 2873 P.
271 2834 510 2872 Leonardus
528 2831 693 2869 Kessel.

141 2897 154 2916 ²
199 2895 359 2941 Justina
375 2905 452 2930 von
472 2891 646 2939 Lupfen.
667 2891 858 2928 HANSEN.
882 2891 908 2927 l.
930 2902 964 2926 c.

142 2956 154 2976 ³
198 2954 447 2992 Concessum
460 2956 521 2988 est
536 2951 694 2995 nostris,
709 2956 752 2987 ut
767 2950 807 2986 in
823 2951 893 2986 illo
908 2950 1059 2995 templo
1072 2949 1420 2990 concionarentur„
1435 2959 1514 2983 non
1527 2958 1623 2982 vero
1639 2945 1722 2981 illis

95 3015 286 3052 donatum
306 3018 379 3050 est.
401 3012 524 3049 Anno
542 3010 704 3047 tandem
727 3009 816 3046 1582
834 3009 1027 3046 traditum
1047 3014 1108 3045 est
1128 3009 1275 3045 nostris
1295 3008 1491 3054 templum
1510 3005 1585 3042 Sti.
1608 3004 1724 3051 Aga-

94 3074 179 3112 thii.
201 3073 266 3112 Cf.
284 3072 475 3116 HANSEN,
497 3072 522 3108 l.
540 3083 589 3115 e..
609 3070 692 3115 749;
714 3069 856 3114 DUHR,
879 3068 1188 3110 Geschichte....
1211 3068 1240 3111 Ι,
1260 3067 1319 3104 42.
