<?xml version="1.0" encoding="UTF-8"?>
<!DOCTYPE html PUBLIC "-//W3C//DTD XHTML 1.0 Transitional//EN"
    "http://www.w3.org/TR/xhtml1/DTD/xhtml1-transitional.dtd">
<html xmlns="http://www.w3.org/1999/xhtml" xml:lang="en" lang="en">
 <head>
  <title>
</title>
<meta http-equiv="Content-Type" content="text/html;charset=utf-8" />
  <meta name='ocr-system' content='tesseract 3.04.00' />
  <meta name='ocr-capabilities' content='ocr_page ocr_carea ocr_par ocr_line ocrx_word'/>
</head>
<body>
  <div class='ocr_page' id='page_1' title='image "./litteraequadrime18lain_0623.png"; bbox 0 0 2038 3400; ppageno 0'>
   <div class='ocr_carea' id='block_1_1' title="bbox 527 273 1683 315">
    <p class='ocr_par' dir='ltr' id='par_1_1' title="bbox 527 273 1683 315">
     <span class='ocr_line' id='line_1_1' title="bbox 527 273 1683 315; baseline -0.004 0"><span class='ocrx_word' id='word_1_1' title='bbox 527 274 916 315; x_wconf 68' lang='lat' dir='ltr'>365.-V1N1)0130NA</span> <span class='ocrx_word' id='word_1_2' title='bbox 942 274 988 311; x_wconf 85' lang='lat'>30</span> <span class='ocrx_word' id='word_1_3' title='bbox 1015 275 1189 311; x_wconf 74' lang='lat' dir='ltr'>Apmms</span> <span class='ocrx_word' id='word_1_4' title='bbox 1222 274 1311 312; x_wconf 84' lang='lat'>1560</span> <span class='ocrx_word' id='word_1_5' title='bbox 1613 273 1683 310; x_wconf 80' lang='lat'>605</span> 
     </span>
    </p>
   </div>
   <div class='ocr_carea' id='block_1_2' title="bbox 114 376 1760 2643">
    <p class='ocr_par' dir='ltr' id='par_1_2' title="bbox 114 376 1730 504">
     <span class='ocr_line' id='line_1_2' title="bbox 114 376 1730 430; baseline -0.005 -9"><span class='ocrx_word' id='word_1_6' title='bbox 114 389 160 421; x_wconf 88' lang='lat' dir='ltr'>ut</span> <span class='ocrx_word' id='word_1_7' title='bbox 181 382 251 421; x_wconf 90' lang='lat' dir='ltr'>uel</span> <span class='ocrx_word' id='word_1_8' title='bbox 272 382 314 420; x_wconf 89' lang='lat' dir='ltr'>in</span> <span class='ocrx_word' id='word_1_9' title='bbox 331 381 537 420; x_wconf 87' lang='lat' dir='ltr'>conuictu</span> <span class='ocrx_word' id='word_1_10' title='bbox 559 378 672 430; x_wconf 91' lang='lat' dir='ltr'>apud</span> <span class='ocrx_word' id='word_1_11' title='bbox 693 391 772 417; x_wconf 89' lang='lat' dir='ltr'>nos</span> <span class='ocrx_word' id='word_1_12' title='bbox 792 382 1011 423; x_wconf 89' lang='lat' dir='ltr'>maneant,</span> <span class='ocrx_word' id='word_1_13' title='bbox 1032 377 1101 414; x_wconf 91' lang='lat' dir='ltr'>uel</span> <span class='ocrx_word' id='word_1_14' title='bbox 1125 381 1245 414; x_wconf 84' lang='lat' dir='ltr'>certe</span> <span class='ocrx_word' id='word_1_15' title='bbox 1267 376 1626 426; x_wconf 66' lang='lat' dir='ltr'>praeceptoribus</span> <span class='ocrx_word' id='word_1_16' title='bbox 1649 377 1730 413; x_wconf 86' lang='lat' dir='ltr'>sint</span> 
     </span>
     <span class='ocr_line' id='line_1_3' title="bbox 114 451 672 504; baseline -0.007 -12"><span class='ocrx_word' id='word_1_17' title='bbox 114 454 342 504; x_wconf 88' lang='lat' dir='ltr'>plurimum</span> <span class='ocrx_word' id='word_1_18' title='bbox 364 451 672 490; x_wconf 86' lang='lat' dir='ltr'>commendati.</span> 
     </span>
    </p>

    <p class='ocr_par' dir='ltr' id='par_1_3' title="bbox 117 517 1750 1703">
     <span class='ocr_line' id='line_1_4' title="bbox 170 517 1732 573; baseline -0.006 -11"><span class='ocrx_word' id='word_1_19' title='bbox 170 534 205 573; x_wconf 82' lang='grc'>5.</span> <span class='ocrx_word' id='word_1_20' title='bbox 266 524 418 561; x_wconf 90' lang='lat' dir='ltr'>Nullus</span> <span class='ocrx_word' id='word_1_21' title='bbox 451 522 546 561; x_wconf 88' lang='lat' dir='ltr'>fere</span> <span class='ocrx_word' id='word_1_22' title='bbox 583 534 768 572; x_wconf 86' lang='lat' dir='ltr'>unquam</span> <span class='ocrx_word' id='word_1_23' title='bbox 802 520 987 558; x_wconf 86' lang='lat' dir='ltr'>elabitur</span> <span class='ocrx_word' id='word_1_24' title='bbox 1018 518 1126 563; x_wconf 76' lang='lat' dir='ltr'>dies,</span> <span class='ocrx_word' id='word_1_25' title='bbox 1159 518 1261 568; x_wconf 80' lang='lat' dir='ltr'>quin</span> <span class='ocrx_word' id='word_1_26' title='bbox 1292 517 1344 555; x_wconf 84' lang='lat' dir='ltr'>ad</span> <span class='ocrx_word' id='word_1_27' title='bbox 1376 518 1567 555; x_wconf 80' lang='lat' dir='ltr'>infirmos</span> <span class='ocrx_word' id='word_1_28' title='bbox 1597 519 1732 555; x_wconf 84' lang='lat' dir='ltr'>nostri</span> 
     </span>
     <span class='ocr_line' id='line_1_5' title="bbox 117 589 1736 643; baseline -0.006 -8"><span class='ocrx_word' id='word_1_29' title='bbox 117 598 186 635; x_wconf 93' lang='lat' dir='ltr'>uel</span> <span class='ocrx_word' id='word_1_30' title='bbox 208 600 500 641; x_wconf 82' lang='lat' dir='ltr'>accersantur,</span> <span class='ocrx_word' id='word_1_31' title='bbox 524 595 593 632; x_wconf 91' lang='lat' dir='ltr'>uel</span> <span class='ocrx_word' id='word_1_32' title='bbox 618 606 695 631; x_wconf 91' lang='lat' dir='ltr'>sua</span> <span class='ocrx_word' id='word_1_33' title='bbox 716 597 870 643; x_wconf 90' lang='lat' dir='ltr'>sponte</span> <span class='ocrx_word' id='word_1_34' title='bbox 893 590 1121 629; x_wconf 83' lang='lat' dir='ltr'><strong>accedant.</strong></span> <span class='ocrx_word' id='word_1_35' title='bbox 1141 590 1348 627; x_wconf 88' lang='lat' dir='ltr'>Curatum</span> <span class='ocrx_word' id='word_1_36' title='bbox 1381 595 1462 635; x_wconf 90' lang='lat' dir='ltr'>est,</span> <span class='ocrx_word' id='word_1_37' title='bbox 1487 595 1532 626; x_wconf 87' lang='lat' dir='ltr'>ut</span> <span class='ocrx_word' id='word_1_38' title='bbox 1553 589 1579 637; x_wconf 88' lang='lat' dir='ltr'>ij</span> <span class='ocrx_word' id='word_1_39' title='bbox 1604 590 1674 639; x_wconf 90' lang='lat' dir='ltr'>qui</span> <span class='ocrx_word' id='word_1_40' title='bbox 1696 590 1736 625; x_wconf 87' lang='lat' dir='ltr'>in</span> 
     </span>
     <span class='ocr_line' id='line_1_6' title="bbox 118 661 1737 711; baseline -0.006 -5"><span class='ocrx_word' id='word_1_41' title='bbox 118 680 294 706; x_wconf 90' lang='lat' dir='ltr'>carcere</span> <span class='ocrx_word' id='word_1_42' title='bbox 327 666 593 711; x_wconf 83' lang='lat' dir='ltr'>detinentur,</span> <span class='ocrx_word' id='word_1_43' title='bbox 625 664 762 702; x_wconf 85' lang='lat' dir='ltr'>ferme</span> <span class='ocrx_word' id='word_1_44' title='bbox 800 675 952 700; x_wconf 91' lang='lat' dir='ltr'>omnes</span> <span class='ocrx_word' id='word_1_45' title='bbox 983 661 1297 700; x_wconf 88' lang='lat' dir='ltr'>confiterentur</span> <span class='ocrx_word' id='word_1_46' title='bbox 1328 672 1580 710; x_wconf 81' lang='lat' dir='ltr'>sacramque</span> <span class='ocrx_word' id='word_1_47' title='bbox 1616 672 1737 708; x_wconf 87' lang='lat' dir='ltr'>syna·</span> 
     </span>
     <span class='ocr_line' id='line_1_7' title="bbox 120 732 1737 784; baseline -0.007 -6"><span class='ocrx_word' id='word_1_48' title='bbox 120 740 191 778; x_wconf 84' lang='lat' dir='ltr'>xin</span> <span class='ocrx_word' id='word_1_49' title='bbox 214 746 232 764; x_wconf 69' lang='lat'>²²</span> <span class='ocrx_word' id='word_1_50' title='bbox 253 739 295 777; x_wconf 90' lang='lat' dir='ltr'>in</span> <span class='ocrx_word' id='word_1_51' title='bbox 316 738 415 776; x_wconf 88' lang='lat' dir='ltr'>loco</span> <span class='ocrx_word' id='word_1_52' title='bbox 437 738 626 775; x_wconf 91' lang='lat' dir='ltr'>honesto</span> <span class='ocrx_word' id='word_1_53' title='bbox 649 735 814 773; x_wconf 87' lang='lat' dir='ltr'>deuote</span> <span class='ocrx_word' id='word_1_54' title='bbox 838 734 1128 784; x_wconf 69' lang='lat' dir='ltr'>susciperent,</span> <span class='ocrx_word' id='word_1_55' title='bbox 1151 745 1236 782; x_wconf 90' lang='lat' dir='ltr'>quo</span> <span class='ocrx_word' id='word_1_56' title='bbox 1268 732 1337 769; x_wconf 91' lang='lat' dir='ltr'>die</span> <span class='ocrx_word' id='word_1_57' title='bbox 1356 732 1525 781; x_wconf 92' lang='lat' dir='ltr'>piorum</span> <span class='ocrx_word' id='word_1_58' title='bbox 1548 732 1737 768; x_wconf 84' lang='lat' dir='ltr'>uirorum</span> 
     </span>
     <span class='ocr_line' id='line_1_8' title="bbox 119 802 1738 857; baseline -0.006 -10"><span class='ocrx_word' id='word_1_59' title='bbox 119 816 163 847; x_wconf 90' lang='lat' dir='ltr'>et</span> <span class='ocrx_word' id='word_1_60' title='bbox 184 814 478 847; x_wconf 89' lang='lat' dir='ltr'>matronarum</span> <span class='ocrx_word' id='word_1_61' title='bbox 514 807 720 857; x_wconf 79' lang='lat' dir='ltr'>impensis</span> <span class='ocrx_word' id='word_1_62' title='bbox 756 805 997 844; x_wconf 82' lang='lat' dir='ltr'>exhibitum</span> <span class='ocrx_word' id='word_1_63' title='bbox 1033 809 1100 842; x_wconf 87' lang='lat' dir='ltr'>est</span> <span class='ocrx_word' id='word_1_64' title='bbox 1134 816 1158 841; x_wconf 91' lang='lat' dir='ltr'>a</span> <span class='ocrx_word' id='word_1_65' title='bbox 1187 803 1348 841; x_wconf 87' lang='lat' dir='ltr'>nostris</span> <span class='ocrx_word' id='word_1_66' title='bbox 1380 815 1475 840; x_wconf 89' lang='lat' dir='ltr'>cum</span> <span class='ocrx_word' id='word_1_67' title='bbox 1507 802 1738 840; x_wconf 90' lang='lat' dir='ltr'>multorum</span> 
     </span>
     <span class='ocr_line' id='line_1_9' title="bbox 119 873 1739 930; baseline -0.006 -11"><span class='ocrx_word' id='word_1_68' title='bbox 119 880 424 919; x_wconf 89' lang='lat' dir='ltr'>aedificatione</span> <span class='ocrx_word' id='word_1_69' title='bbox 454 878 681 930; x_wconf 88' lang='lat' dir='ltr'>prandium</span> <span class='ocrx_word' id='word_1_70' title='bbox 712 877 793 915; x_wconf 89' lang='lat' dir='ltr'>illis</span> <span class='ocrx_word' id='word_1_71' title='bbox 824 876 928 914; x_wconf 88' lang='lat' dir='ltr'>satis</span> <span class='ocrx_word' id='word_1_72' title='bbox 950 874 1214 913; x_wconf 88' lang='lat' dir='ltr'>munificum.</span> <span class='ocrx_word' id='word_1_73' title='bbox 1247 873 1406 911; x_wconf 91' lang='lat' dir='ltr'>Iisdem</span> <span class='ocrx_word' id='word_1_74' title='bbox 1437 886 1739 923; x_wconf 81' lang='lat' dir='ltr'>nonnunquam</span> 
     </span>
     <span class='ocr_line' id='line_1_10' title="bbox 118 945 1742 1000; baseline -0.007 -9"><span class='ocrx_word' id='word_1_75' title='bbox 118 953 256 991; x_wconf 90' lang='lat' dir='ltr'>nostri</span> <span class='ocrx_word' id='word_1_76' title='bbox 277 952 485 990; x_wconf 86' lang='lat' dir='ltr'>assistunt</span> <span class='ocrx_word' id='word_1_77' title='bbox 505 949 648 1000; x_wconf 89' lang='lat' dir='ltr'>rogati</span> <span class='ocrx_word' id='word_1_78' title='bbox 670 949 770 987; x_wconf 90' lang='lat' dir='ltr'>dum</span> <span class='ocrx_word' id='word_1_79' title='bbox 792 947 965 999; x_wconf 90' lang='lat' dir='ltr'>publico</span> <span class='ocrx_word' id='word_1_80' title='bbox 988 947 1132 996; x_wconf 88' lang='lat' dir='ltr'>aliquo</span> <span class='ocrx_word' id='word_1_81' title='bbox 1157 945 1366 996; x_wconf 85' lang='lat' dir='ltr'>supplicio</span> <span class='ocrx_word' id='word_1_82' title='bbox 1391 957 1441 982; x_wconf 89' lang='lat' dir='ltr'>ac</span> <span class='ocrx_word' id='word_1_83' title='bbox 1468 945 1619 982; x_wconf 89' lang='lat' dir='ltr'>mortis</span> <span class='ocrx_word' id='word_1_84' title='bbox 1640 957 1742 994; x_wconf 86' lang='lat' dir='ltr'>poe-</span> 
     </span>
     <span class='ocr_line' id='line_1_11' title="bbox 119 1017 1741 1072; baseline -0.006 -10"><span class='ocrx_word' id='word_1_85' title='bbox 119 1037 174 1062; x_wconf 89' lang='lat' dir='ltr'>na</span> <span class='ocrx_word' id='word_1_86' title='bbox 194 1023 455 1061; x_wconf 84' lang='lat' dir='ltr'>afficiuntur.</span> <span class='ocrx_word' id='word_1_87' title='bbox 479 1021 635 1072; x_wconf 78' lang='lat' dir='ltr'>Neque</span> <span class='ocrx_word' id='word_1_88' title='bbox 657 1032 762 1058; x_wconf 89' lang='lat' dir='ltr'>sane</span> <span class='ocrx_word' id='word_1_89' title='bbox 785 1020 923 1072; x_wconf 86' lang='lat' dir='ltr'>minor</span> <span class='ocrx_word' id='word_1_90' title='bbox 945 1019 1117 1056; x_wconf 81' lang='lat' dir='ltr'>interim</span> <span class='ocrx_word' id='word_1_91' title='bbox 1141 1030 1243 1055; x_wconf 89' lang='lat' dir='ltr'>cura</span> <span class='ocrx_word' id='word_1_92' title='bbox 1263 1017 1390 1055; x_wconf 88' lang='lat' dir='ltr'>nobis</span> <span class='ocrx_word' id='word_1_93' title='bbox 1413 1024 1480 1054; x_wconf 92' lang='lat' dir='ltr'>est</span> <span class='ocrx_word' id='word_1_94' title='bbox 1512 1017 1626 1054; x_wconf 88' lang='lat' dir='ltr'>circa</span> <span class='ocrx_word' id='word_1_95' title='bbox 1649 1028 1741 1061; x_wconf 72' lang='lat' dir='ltr'>eOS,</span> 
     </span>
     <span class='ocr_line' id='line_1_12' title="bbox 120 1086 1744 1146; baseline -0.006 -13"><span class='ocrx_word' id='word_1_96' title='bbox 120 1095 192 1146; x_wconf 89' lang='lat' dir='ltr'>qui</span> <span class='ocrx_word' id='word_1_97' title='bbox 212 1096 254 1133; x_wconf 92' lang='lat' dir='ltr'>in</span> <span class='ocrx_word' id='word_1_98' title='bbox 277 1093 555 1131; x_wconf 87' lang='lat' dir='ltr'>xenodochio</span> <span class='ocrx_word' id='word_1_99' title='bbox 579 1090 768 1130; x_wconf 88' lang='lat' dir='ltr'>ciuitatis</span> <span class='ocrx_word' id='word_1_100' title='bbox 791 1091 912 1142; x_wconf 90' lang='lat' dir='ltr'>graui</span> <span class='ocrx_word' id='word_1_101' title='bbox 944 1090 1086 1140; x_wconf 87' lang='lat' dir='ltr'>aliquo</span> <span class='ocrx_word' id='word_1_102' title='bbox 1119 1090 1273 1126; x_wconf 90' lang='lat' dir='ltr'>morbo</span> <span class='ocrx_word' id='word_1_103' title='bbox 1305 1088 1449 1126; x_wconf 86' lang='lat' dir='ltr'>affecti</span> <span class='ocrx_word' id='word_1_104' title='bbox 1483 1088 1640 1125; x_wconf 85' lang='lat' dir='ltr'>misere</span> <span class='ocrx_word' id='word_1_105' title='bbox 1672 1086 1744 1124; x_wconf 90' lang='lat' dir='ltr'>de-</span> 
     </span>
     <span class='ocr_line' id='line_1_13' title="bbox 121 1160 1744 1209; baseline -0.006 -5"><span class='ocrx_word' id='word_1_106' title='bbox 121 1167 328 1204; x_wconf 87' lang='lat' dir='ltr'>tinentur.</span> <span class='ocrx_word' id='word_1_107' title='bbox 352 1165 461 1203; x_wconf 90' lang='lat' dir='ltr'>Nam</span> <span class='ocrx_word' id='word_1_108' title='bbox 483 1169 527 1202; x_wconf 92' lang='lat' dir='ltr'>et</span> <span class='ocrx_word' id='word_1_109' title='bbox 549 1163 827 1202; x_wconf 85' lang='lat' dir='ltr'>confessione</span> <span class='ocrx_word' id='word_1_110' title='bbox 847 1160 1103 1200; x_wconf 88' lang='lat' dir='ltr'>eorumdem</span> <span class='ocrx_word' id='word_1_111' title='bbox 1120 1160 1281 1206; x_wconf 87' lang='lat' dir='ltr'>audita,</span> <span class='ocrx_word' id='word_1_112' title='bbox 1306 1171 1581 1209; x_wconf 88' lang='lat' dir='ltr'>summopere</span> <span class='ocrx_word' id='word_1_113' title='bbox 1604 1171 1627 1196; x_wconf 90' lang='lat' dir='ltr'>a</span> <span class='ocrx_word' id='word_1_114' title='bbox 1648 1171 1744 1196; x_wconf 89' lang='lat' dir='ltr'>nos-</span> 
     </span>
     <span class='ocr_line' id='line_1_14' title="bbox 122 1228 1748 1282; baseline -0.006 -7"><span class='ocrx_word' id='word_1_115' title='bbox 122 1238 198 1275; x_wconf 89' lang='lat' dir='ltr'>tris</span> <span class='ocrx_word' id='word_1_116' title='bbox 219 1237 464 1275; x_wconf 90' lang='lat' dir='ltr'>laboratum</span> <span class='ocrx_word' id='word_1_117' title='bbox 487 1241 553 1272; x_wconf 86' lang='lat' dir='ltr'>est</span> <span class='ocrx_word' id='word_1_118' title='bbox 573 1235 608 1282; x_wconf 77' lang='lat' dir='ltr'>b,</span> <span class='ocrx_word' id='word_1_119' title='bbox 633 1240 680 1272; x_wconf 89' lang='lat' dir='ltr'>ut</span> <span class='ocrx_word' id='word_1_120' title='bbox 714 1233 767 1271; x_wconf 89' lang='lat' dir='ltr'>ad</span> <span class='ocrx_word' id='word_1_121' title='bbox 788 1240 954 1271; x_wconf 87' lang='lat' dir='ltr'>rectam</span> <span class='ocrx_word' id='word_1_122' title='bbox 985 1245 1037 1270; x_wconf 91' lang='lat' dir='ltr'>ac</span> <span class='ocrx_word' id='word_1_123' title='bbox 1055 1230 1276 1281; x_wconf 85' lang='lat' dir='ltr'>antiquam</span> <span class='ocrx_word' id='word_1_124' title='bbox 1310 1231 1524 1268; x_wconf 85' lang='lat' dir='ltr'>rationem</span> <span class='ocrx_word' id='word_1_125' title='bbox 1550 1230 1642 1267; x_wconf 90' lang='lat' dir='ltr'>eius</span> <span class='ocrx_word' id='word_1_126' title='bbox 1664 1228 1748 1266; x_wconf 93' lang='lat' dir='ltr'>loci</span> 
     </span>
     <span class='ocr_line' id='line_1_15' title="bbox 124 1299 1748 1355; baseline -0.006 -9"><span class='ocrx_word' id='word_1_127' title='bbox 124 1307 481 1353; x_wconf 84' lang='lat' dir='ltr'>exercitationes,</span> <span class='ocrx_word' id='word_1_128' title='bbox 520 1306 751 1355; x_wconf 85' lang='lat' dir='ltr'>officiaque</span> <span class='ocrx_word' id='word_1_129' title='bbox 787 1303 1121 1349; x_wconf 72' lang='lat' dir='ltr'>reducerentur,</span> <span class='ocrx_word' id='word_1_130' title='bbox 1157 1300 1345 1339; x_wconf 89' lang='lat' dir='ltr'>necdum</span> <span class='ocrx_word' id='word_1_131' title='bbox 1381 1308 1527 1339; x_wconf 88' lang='lat' dir='ltr'>tamen</span> <span class='ocrx_word' id='word_1_132' title='bbox 1558 1299 1748 1338; x_wconf 85' lang='lat' dir='ltr'>assecuti</span> 
     </span>
     <span class='ocr_line' id='line_1_16' title="bbox 124 1370 1745 1429; baseline -0.006 -12"><span class='ocrx_word' id='word_1_133' title='bbox 124 1385 222 1416; x_wconf 90' lang='lat' dir='ltr'>sunt</span> <span class='ocrx_word' id='word_1_134' title='bbox 243 1378 362 1429; x_wconf 90' lang='lat' dir='ltr'>quod</span> <span class='ocrx_word' id='word_1_135' title='bbox 384 1378 607 1428; x_wconf 87' lang='lat' dir='ltr'>optabant,</span> <span class='ocrx_word' id='word_1_136' title='bbox 631 1374 828 1427; x_wconf 90' lang='lat' dir='ltr'>quamuis</span> <span class='ocrx_word' id='word_1_137' title='bbox 862 1374 1018 1413; x_wconf 88' lang='lat' dir='ltr'>infirmi</span> <span class='ocrx_word' id='word_1_138' title='bbox 1042 1387 1096 1412; x_wconf 85' lang='lat' dir='ltr'>ex</span> <span class='ocrx_word' id='word_1_139' title='bbox 1120 1386 1173 1411; x_wconf 94' lang='lat' dir='ltr'>eo</span> <span class='ocrx_word' id='word_1_140' title='bbox 1197 1373 1348 1411; x_wconf 85' lang='lat' dir='ltr'>maiori</span> <span class='ocrx_word' id='word_1_141' title='bbox 1380 1386 1477 1410; x_wconf 90' lang='lat' dir='ltr'>curn</span> <span class='ocrx_word' id='word_1_142' title='bbox 1508 1370 1745 1409; x_wconf 89' lang='lat' dir='ltr'>solicitudi-</span> 
     </span>
     <span class='ocr_line' id='line_1_17' title="bbox 124 1444 1748 1496; baseline -0.006 -8"><span class='ocrx_word' id='word_1_143' title='bbox 124 1462 179 1487; x_wconf 89' lang='lat' dir='ltr'>ne</span> <span class='ocrx_word' id='word_1_144' title='bbox 201 1454 424 1488; x_wconf 90' lang='lat' dir='ltr'>curentur.</span> <span class='ocrx_word' id='word_1_145' title='bbox 448 1447 634 1486; x_wconf 88' lang='lat' dir='ltr'>Accedit</span> <span class='ocrx_word' id='word_1_146' title='bbox 654 1446 708 1485; x_wconf 89' lang='lat' dir='ltr'>ad</span> <span class='ocrx_word' id='word_1_147' title='bbox 728 1446 840 1484; x_wconf 89' lang='lat' dir='ltr'>haec</span> <span class='ocrx_word' id='word_1_148' title='bbox 860 1445 976 1496; x_wconf 91' lang='lat' dir='ltr'>quod</span> <span class='ocrx_word' id='word_1_149' title='bbox 998 1445 1253 1496; x_wconf 85' lang='lat' dir='ltr'>frequentes</span> <span class='ocrx_word' id='word_1_150' title='bbox 1288 1444 1627 1494; x_wconf 85' lang='lat' dir='ltr'>supplicationes</span> <span class='ocrx_word' id='word_1_151' title='bbox 1648 1454 1748 1492; x_wconf 90' lang='lat' dir='ltr'>pau-</span> 
     </span>
     <span class='ocr_line' id='line_1_18' title="bbox 125 1516 1748 1572; baseline -0.006 -13"><span class='ocrx_word' id='word_1_152' title='bbox 125 1521 300 1572; x_wconf 88' lang='lat' dir='ltr'>peribus</span> <span class='ocrx_word' id='word_1_153' title='bbox 321 1521 514 1558; x_wconf 85' lang='lat' dir='ltr'>scribunt</span> <span class='ocrx_word' id='word_1_154' title='bbox 536 1519 590 1557; x_wconf 85' lang='lat' dir='ltr'>ad</span> <span class='ocrx_word' id='word_1_155' title='bbox 618 1530 857 1565; x_wconf 85' lang='lat' dir='ltr'>caesarem,</span> <span class='ocrx_word' id='word_1_156' title='bbox 887 1529 1039 1567; x_wconf 91' lang='lat' dir='ltr'>regem</span> <span class='ocrx_word' id='word_1_157' title='bbox 1070 1521 1113 1554; x_wconf 90' lang='lat' dir='ltr'>et</span> <span class='ocrx_word' id='word_1_158' title='bbox 1145 1516 1338 1566; x_wconf 84' lang='lat' dir='ltr'>reginam</span> <span class='ocrx_word' id='word_1_159' title='bbox 1363 1517 1388 1561; x_wconf 84' lang='lat'>¹,</span> <span class='ocrx_word' id='word_1_160' title='bbox 1413 1527 1596 1565; x_wconf 87' lang='lat' dir='ltr'>quorum</span> <span class='ocrx_word' id='word_1_161' title='bbox 1627 1525 1748 1563; x_wconf 90' lang='lat' dir='ltr'>prae-</span> 
     </span>
     <span class='ocr_line' id='line_1_19' title="bbox 124 1587 1750 1639; baseline -0.004 -10"><span class='ocrx_word' id='word_1_162' title='bbox 124 1591 230 1630; x_wconf 85' lang='lat' dir='ltr'>fecti</span> <span class='ocrx_word' id='word_1_163' title='bbox 251 1591 551 1637; x_wconf 88' lang='lat' dir='ltr'>libentissime,</span> <span class='ocrx_word' id='word_1_164' title='bbox 576 1598 592 1615; x_wconf 81' lang='lat'><em>0</em></span> <span class='ocrx_word' id='word_1_165' title='bbox 614 1602 664 1628; x_wconf 89' lang='lat' dir='ltr'>ac</span> <span class='ocrx_word' id='word_1_166' title='bbox 685 1589 754 1638; x_wconf 86' lang='lat' dir='ltr'>alij</span> <span class='ocrx_word' id='word_1_167' title='bbox 778 1589 1001 1639; x_wconf 90' lang='lat' dir='ltr'>primates,</span> <span class='ocrx_word' id='word_1_168' title='bbox 1026 1599 1104 1625; x_wconf 87' lang='lat' dir='ltr'>eos</span> <span class='ocrx_word' id='word_1_169' title='bbox 1125 1587 1197 1637; x_wconf 90' lang='lat' dir='ltr'>qui</span> <span class='ocrx_word' id='word_1_170' title='bbox 1219 1599 1243 1625; x_wconf 89' lang='lat' dir='ltr'>a</span> <span class='ocrx_word' id='word_1_171' title='bbox 1263 1587 1390 1624; x_wconf 86' lang='lat' dir='ltr'>nobis</span> <span class='ocrx_word' id='word_1_172' title='bbox 1413 1592 1511 1623; x_wconf 88' lang='lat' dir='ltr'>sunt</span> <span class='ocrx_word' id='word_1_173' title='bbox 1533 1597 1750 1623; x_wconf 86' lang='lat' dir='ltr'>commen·</span> 
     </span>
     <span class='ocr_line' id='line_1_20' title="bbox 127 1664 397 1703; baseline -0.004 -1"><span class='ocrx_word' id='word_1_174' title='bbox 127 1664 215 1703; x_wconf 88' lang='lat' dir='ltr'>dati</span> <span class='ocrx_word' id='word_1_175' title='bbox 232 1666 397 1703; x_wconf 89' lang='lat' dir='ltr'>iuuant.</span> 
     </span>
    </p>

    <p class='ocr_par' dir='ltr' id='par_1_4' title="bbox 128 1729 1760 2643">
     <span class='ocr_line' id='line_1_21' title="bbox 179 1729 1749 1785; baseline -0.006 -11"><span class='ocrx_word' id='word_1_176' title='bbox 179 1736 218 1774; x_wconf 88' lang='lat'>6.</span> <span class='ocrx_word' id='word_1_177' title='bbox 273 1736 364 1785; x_wconf 87' lang='lat' dir='ltr'>Jam</span> <span class='ocrx_word' id='word_1_178' title='bbox 386 1746 492 1772; x_wconf 92' lang='lat' dir='ltr'>uero</span> <span class='ocrx_word' id='word_1_179' title='bbox 516 1738 561 1771; x_wconf 92' lang='lat' dir='ltr'>ut</span> <span class='ocrx_word' id='word_1_180' title='bbox 583 1733 638 1771; x_wconf 94' lang='lat' dir='ltr'>de</span> <span class='ocrx_word' id='word_1_181' title='bbox 660 1733 870 1784; x_wconf 87' lang='lat' dir='ltr'>spirituali</span> <span class='ocrx_word' id='word_1_182' title='bbox 890 1732 1071 1770; x_wconf 83' lang='lat' dir='ltr'>fratrum</span> <span class='ocrx_word' id='word_1_183' title='bbox 1086 1732 1289 1782; x_wconf 90' lang='lat' dir='ltr'>profectu</span> <span class='ocrx_word' id='word_1_184' title='bbox 1307 1730 1464 1781; x_wconf 86' lang='lat' dir='ltr'>aliquid</span> <span class='ocrx_word' id='word_1_185' title='bbox 1488 1729 1643 1775; x_wconf 87' lang='lat' dir='ltr'>dicam,</span> <span class='ocrx_word' id='word_1_186' title='bbox 1663 1741 1749 1766; x_wconf 89' lang='lat' dir='ltr'>non</span> 
     </span>
     <span class='ocr_line' id='line_1_22' title="bbox 130 1799 1754 1857; baseline -0.005 -13"><span class='ocrx_word' id='word_1_187' title='bbox 130 1806 318 1857; x_wconf 84' lang='lat' dir='ltr'>uulgaris</span> <span class='ocrx_word' id='word_1_188' title='bbox 341 1818 444 1843; x_wconf 91' lang='lat' dir='ltr'>sane</span> <span class='ocrx_word' id='word_1_189' title='bbox 465 1804 500 1842; x_wconf 91' lang='lat' dir='ltr'>is</span> <span class='ocrx_word' id='word_1_190' title='bbox 523 1810 604 1842; x_wconf 89' lang='lat' dir='ltr'>est.</span> <span class='ocrx_word' id='word_1_191' title='bbox 629 1804 739 1842; x_wconf 89' lang='lat' dir='ltr'>Nam</span> <span class='ocrx_word' id='word_1_192' title='bbox 761 1803 963 1842; x_wconf 88' lang='lat' dir='ltr'>certatim</span> <span class='ocrx_word' id='word_1_193' title='bbox 986 1815 1064 1840; x_wconf 87' lang='lat' dir='ltr'>eos</span> <span class='ocrx_word' id='word_1_194' title='bbox 1086 1803 1139 1841; x_wconf 90' lang='lat' dir='ltr'>ad</span> <span class='ocrx_word' id='word_1_195' title='bbox 1160 1802 1445 1854; x_wconf 85' lang='lat' dir='ltr'>perfectionis</span> <span class='ocrx_word' id='word_1_196' title='bbox 1468 1802 1638 1839; x_wconf 90' lang='lat' dir='ltr'>culmen</span> <span class='ocrx_word' id='word_1_197' title='bbox 1671 1799 1754 1837; x_wconf 88' lang='lat' dir='ltr'>fes-</span> 
     </span>
     <span class='ocr_line' id='line_1_23' title="bbox 128 1872 1754 1926; baseline -0.004 -11"><span class='ocrx_word' id='word_1_198' title='bbox 128 1879 282 1924; x_wconf 90' lang='lat' dir='ltr'>tinare,</span> <span class='ocrx_word' id='word_1_199' title='bbox 305 1890 388 1915; x_wconf 90' lang='lat' dir='ltr'>nec</span> <span class='ocrx_word' id='word_1_200' title='bbox 409 1877 493 1914; x_wconf 90' lang='lat' dir='ltr'>ulla</span> <span class='ocrx_word' id='word_1_201' title='bbox 515 1875 656 1923; x_wconf 84' lang='lat' dir='ltr'>facile,</span> <span class='ocrx_word' id='word_1_202' title='bbox 680 1888 791 1926; x_wconf 89' lang='lat' dir='ltr'>quae</span> <span class='ocrx_word' id='word_1_203' title='bbox 813 1877 898 1914; x_wconf 89' lang='lat' dir='ltr'>huc</span> <span class='ocrx_word' id='word_1_204' title='bbox 919 1875 1182 1920; x_wconf 85' lang='lat' dir='ltr'>conducant,</span> <span class='ocrx_word' id='word_1_205' title='bbox 1207 1873 1351 1912; x_wconf 90' lang='lat' dir='ltr'>media</span> <span class='ocrx_word' id='word_1_206' title='bbox 1371 1872 1523 1911; x_wconf 90' lang='lat' dir='ltr'>uideas</span> <span class='ocrx_word' id='word_1_207' title='bbox 1544 1872 1754 1910; x_wconf 86' lang='lat' dir='ltr'>intermit-</span> 
     </span>
     <span class='ocr_line' id='line_1_24' title="bbox 130 1942 1754 1998; baseline -0.006 -10"><span class='ocrx_word' id='word_1_208' title='bbox 130 1957 241 1988; x_wconf 89' lang='lat' dir='ltr'>tere.</span> <span class='ocrx_word' id='word_1_209' title='bbox 268 1951 440 1987; x_wconf 90' lang='lat' dir='ltr'>Docent</span> <span class='ocrx_word' id='word_1_210' title='bbox 461 1949 546 1987; x_wconf 91' lang='lat' dir='ltr'>hoc</span> <span class='ocrx_word' id='word_1_211' title='bbox 581 1946 875 1986; x_wconf 87' lang='lat' dir='ltr'>laudatissima</span> <span class='ocrx_word' id='word_1_212' title='bbox 911 1959 1084 1998; x_wconf 90' lang='lat' dir='ltr'>semper</span> <span class='ocrx_word' id='word_1_213' title='bbox 1105 1947 1146 1984; x_wconf 90' lang='lat' dir='ltr'>in</span> <span class='ocrx_word' id='word_1_214' title='bbox 1170 1945 1421 1984; x_wconf 92' lang='lat' dir='ltr'>obediendo</span> <span class='ocrx_word' id='word_1_215' title='bbox 1456 1942 1754 1995; x_wconf 86' lang='lat' dir='ltr'>promptitudo</span> 
     </span>
     <span class='ocr_line' id='line_1_25' title="bbox 130 2013 1754 2071; baseline -0.005 -12"><span class='ocrx_word' id='word_1_216' title='bbox 130 2026 259 2071; x_wconf 89' lang='lat' dir='ltr'>atque</span> <span class='ocrx_word' id='word_1_217' title='bbox 281 2020 480 2067; x_wconf 77' lang='lat' dir='ltr'>facilitas,</span> <span class='ocrx_word' id='word_1_218' title='bbox 506 2025 551 2057; x_wconf 90' lang='lat' dir='ltr'>et</span> <span class='ocrx_word' id='word_1_219' title='bbox 568 2020 609 2057; x_wconf 92' lang='lat' dir='ltr'>in</span> <span class='ocrx_word' id='word_1_220' title='bbox 626 2017 887 2070; x_wconf 86' lang='lat' dir='ltr'>expetendis</span> <span class='ocrx_word' id='word_1_221' title='bbox 909 2031 960 2056; x_wconf 91' lang='lat' dir='ltr'>ac</span> <span class='ocrx_word' id='word_1_222' title='bbox 975 2016 1254 2069; x_wconf 80' lang='lat' dir='ltr'>peragendis,</span> <span class='ocrx_word' id='word_1_223' title='bbox 1274 2015 1434 2054; x_wconf 90' lang='lat' dir='ltr'>nedum</span> <span class='ocrx_word' id='word_1_224' title='bbox 1453 2013 1754 2065; x_wconf 88' lang='lat' dir='ltr'>suscipiendis,</span> 
     </span>
     <span class='ocr_line' id='line_1_26' title="bbox 131 2088 1758 2144; baseline -0.006 -14"><span class='ocrx_word' id='word_1_225' title='bbox 131 2091 429 2144; x_wconf 86' lang='lat' dir='ltr'>poenitentiae</span> <span class='ocrx_word' id='word_1_226' title='bbox 453 2091 658 2142; x_wconf 91' lang='lat' dir='ltr'>operibus</span> <span class='ocrx_word' id='word_1_227' title='bbox 680 2091 908 2142; x_wconf 90' lang='lat' dir='ltr'>singularis</span> <span class='ocrx_word' id='word_1_228' title='bbox 929 2089 1216 2141; x_wconf 86' lang='lat' dir='ltr'>quorumdam</span> <span class='ocrx_word' id='word_1_229' title='bbox 1239 2088 1436 2126; x_wconf 90' lang='lat' dir='ltr'>deuotio.</span> <span class='ocrx_word' id='word_1_230' title='bbox 1462 2088 1758 2137; x_wconf 85' lang='lat' dir='ltr'>Proposuerat</span> 
     </span>
     <span class='ocr_line' id='line_1_27' title="bbox 135 2156 1755 2214; baseline -0.006 -12"><span class='ocrx_word' id='word_1_231' title='bbox 135 2165 178 2203; x_wconf 88' lang='lat' dir='ltr'>P.</span> <span class='ocrx_word' id='word_1_232' title='bbox 201 2165 362 2202; x_wconf 85' lang='lat' dir='ltr'>Rector</span> <span class='ocrx_word' id='word_1_233' title='bbox 383 2163 410 2210; x_wconf 76' lang='lat'>²,</span> <span class='ocrx_word' id='word_1_234' title='bbox 435 2169 481 2200; x_wconf 91' lang='lat' dir='ltr'>ut</span> <span class='ocrx_word' id='word_1_235' title='bbox 501 2175 578 2214; x_wconf 91' lang='lat' dir='ltr'>per</span> <span class='ocrx_word' id='word_1_236' title='bbox 610 2161 864 2201; x_wconf 89' lang='lat' dir='ltr'>schedulam</span> <span class='ocrx_word' id='word_1_237' title='bbox 894 2163 1094 2213; x_wconf 83' lang='lat' dir='ltr'>quisque,</span> <span class='ocrx_word' id='word_1_238' title='bbox 1132 2161 1248 2198; x_wconf 88' lang='lat' dir='ltr'>facta</span> <span class='ocrx_word' id='word_1_239' title='bbox 1285 2159 1496 2203; x_wconf 89' lang='lat' dir='ltr'>oratione,</span> <span class='ocrx_word' id='word_1_240' title='bbox 1527 2156 1755 2199; x_wconf 77' lang='lat' dir='ltr'>indicaret,</span> 
     </span>
     <span class='ocr_line' id='line_1_28' title="bbox 133 2229 1758 2286; baseline -0.006 -12"><span class='ocrx_word' id='word_1_241' title='bbox 133 2248 260 2286; x_wconf 88' lang='lat' dir='ltr'>quarn</span> <span class='ocrx_word' id='word_1_242' title='bbox 284 2237 395 2274; x_wconf 92' lang='lat' dir='ltr'>uiam</span> <span class='ocrx_word' id='word_1_243' title='bbox 426 2235 507 2273; x_wconf 91' lang='lat' dir='ltr'>sibi</span> <span class='ocrx_word' id='word_1_244' title='bbox 536 2234 777 2272; x_wconf 87' lang='lat' dir='ltr'>faciliorem</span> <span class='ocrx_word' id='word_1_245' title='bbox 807 2239 982 2284; x_wconf 88' lang='lat' dir='ltr'>putaret</span> <span class='ocrx_word' id='word_1_246' title='bbox 1012 2233 1065 2270; x_wconf 92' lang='lat' dir='ltr'>ad</span> <span class='ocrx_word' id='word_1_247' title='bbox 1097 2234 1266 2270; x_wconf 90' lang='lat' dir='ltr'>animae</span> <span class='ocrx_word' id='word_1_248' title='bbox 1304 2243 1408 2269; x_wconf 88' lang='lat' dir='ltr'>suae</span> <span class='ocrx_word' id='word_1_249' title='bbox 1439 2229 1758 2280; x_wconf 84' lang='lat' dir='ltr'>perfectionem</span> 
     </span>
     <span class='ocr_line' id='line_1_29' title="bbox 135 2303 1759 2359; baseline -0.006 -14"><span class='ocrx_word' id='word_1_250' title='bbox 135 2306 456 2359; x_wconf 86' lang='lat' dir='ltr'>acquirendam.</span> <span class='ocrx_word' id='word_1_251' title='bbox 478 2306 498 2331; x_wconf 74' lang='lat' dir='ltr'>d</span> <span class='ocrx_word' id='word_1_252' title='bbox 520 2307 755 2344; x_wconf 88' lang='lat' dir='ltr'>Testantur</span> <span class='ocrx_word' id='word_1_253' title='bbox 772 2304 914 2343; x_wconf 90' lang='lat' dir='ltr'>adhuc</span> <span class='ocrx_word' id='word_1_254' title='bbox 931 2305 1091 2355; x_wconf 90' lang='lat' dir='ltr'>scripta</span> <span class='ocrx_word' id='word_1_255' title='bbox 1108 2304 1372 2355; x_wconf 85' lang='lat' dir='ltr'>singularem</span> <span class='ocrx_word' id='word_1_256' title='bbox 1388 2303 1597 2353; x_wconf 88' lang='lat' dir='ltr'>pietatem</span> <span class='ocrx_word' id='word_1_257' title='bbox 1615 2312 1759 2349; x_wconf 87' lang='lat' dir='ltr'>quam-</span> 
     </span>
     <span class='ocr_line' id='line_1_30' title="bbox 137 2373 1759 2423; baseline -0.006 -6"><span class='ocrx_word' id='word_1_258' title='bbox 137 2378 234 2417; x_wconf 89' lang='lat' dir='ltr'>dam</span> <span class='ocrx_word' id='word_1_259' title='bbox 256 2379 490 2417; x_wconf 89' lang='lat' dir='ltr'>multorum</span> <span class='ocrx_word' id='word_1_260' title='bbox 512 2376 663 2416; x_wconf 88' lang='lat' dir='ltr'>animis</span> <span class='ocrx_word' id='word_1_261' title='bbox 683 2377 856 2415; x_wconf 87' lang='lat' dir='ltr'>insitam</span> <span class='ocrx_word' id='word_1_262' title='bbox 888 2388 1003 2423; x_wconf 79' lang='lat' dir='ltr'>esse3</span> <span class='ocrx_word' id='word_1_263' title='bbox 1036 2389 1101 2422; x_wconf 89' lang='lat' dir='ltr'>ac,</span> <span class='ocrx_word' id='word_1_264' title='bbox 1135 2381 1181 2413; x_wconf 90' lang='lat' dir='ltr'>ut</span> <span class='ocrx_word' id='word_1_265' title='bbox 1202 2387 1356 2413; x_wconf 87' lang='lat' dir='ltr'>uerum</span> <span class='ocrx_word' id='word_1_266' title='bbox 1387 2373 1540 2420; x_wconf 87' lang='lat' dir='ltr'>fatear,</span> <span class='ocrx_word' id='word_1_267' title='bbox 1564 2384 1759 2410; x_wconf 87' lang='lat' dir='ltr'>normam</span> 
     </span>
     <span class='ocr_line' id='line_1_31' title="bbox 138 2444 1758 2500; baseline -0.006 -12"><span class='ocrx_word' id='word_1_268' title='bbox 138 2450 201 2488; x_wconf 91' lang='lat' dir='ltr'>eis</span> <span class='ocrx_word' id='word_1_269' title='bbox 220 2451 303 2488; x_wconf 92' lang='lat' dir='ltr'>hac</span> <span class='ocrx_word' id='word_1_270' title='bbox 322 2450 365 2488; x_wconf 91' lang='lat' dir='ltr'>in</span> <span class='ocrx_word' id='word_1_271' title='bbox 394 2461 441 2487; x_wconf 91' lang='lat' dir='ltr'>re</span> <span class='ocrx_word' id='word_1_272' title='bbox 475 2448 788 2500; x_wconf 88' lang='lat' dir='ltr'>praescriptam</span> <span class='ocrx_word' id='word_1_273' title='bbox 824 2447 1019 2485; x_wconf 87' lang='lat' dir='ltr'>studiose</span> <span class='ocrx_word' id='word_1_274' title='bbox 1051 2446 1105 2485; x_wconf 89' lang='lat' dir='ltr'>ad</span> <span class='ocrx_word' id='word_1_275' title='bbox 1139 2447 1254 2485; x_wconf 86' lang='lat' dir='ltr'>hunc</span> <span class='ocrx_word' id='word_1_276' title='bbox 1286 2457 1423 2496; x_wconf 89' lang='lat' dir='ltr'>usque</span> <span class='ocrx_word' id='word_1_277' title='bbox 1455 2444 1569 2482; x_wconf 87' lang='lat' dir='ltr'>diem</span> <span class='ocrx_word' id='word_1_278' title='bbox 1602 2455 1758 2493; x_wconf 88' lang='lat' dir='ltr'>magno</span> 
     </span>
     <span class='ocr_line' id='line_1_32' title="bbox 139 2517 1760 2571; baseline -0.006 -11"><span class='ocrx_word' id='word_1_279' title='bbox 139 2533 235 2560; x_wconf 92' lang='lat' dir='ltr'>cum</span> <span class='ocrx_word' id='word_1_280' title='bbox 255 2521 415 2567; x_wconf 88' lang='lat' dir='ltr'>fructu,</span> <span class='ocrx_word' id='word_1_281' title='bbox 439 2519 557 2571; x_wconf 92' lang='lat' dir='ltr'>quod</span> <span class='ocrx_word' id='word_1_282' title='bbox 578 2519 632 2558; x_wconf 88' lang='lat' dir='ltr'>de</span> <span class='ocrx_word' id='word_1_283' title='bbox 656 2519 800 2557; x_wconf 85' lang='lat' dir='ltr'>multis</span> <span class='ocrx_word' id='word_1_284' title='bbox 830 2518 1044 2565; x_wconf 87' lang='lat' dir='ltr'>intellexi,</span> <span class='ocrx_word' id='word_1_285' title='bbox 1079 2518 1331 2556; x_wconf 90' lang='lat' dir='ltr'>obseruant.</span> <span class='ocrx_word' id='word_1_286' title='bbox 1369 2517 1649 2553; x_wconf 85' lang='lat' dir='ltr'>Renouarunt</span> <span class='ocrx_word' id='word_1_287' title='bbox 1674 2526 1760 2551; x_wconf 88' lang='lat' dir='ltr'>orn-</span> 
     </span>
     <span class='ocr_line' id='line_1_33' title="bbox 139 2587 1760 2643; baseline -0.006 -12"><span class='ocrx_word' id='word_1_288' title='bbox 139 2605 217 2630; x_wconf 87' lang='lat' dir='ltr'>nes</span> <span class='ocrx_word' id='word_1_289' title='bbox 238 2598 344 2631; x_wconf 89' lang='lat' dir='ltr'>uota</span> <span class='ocrx_word' id='word_1_290' title='bbox 363 2604 441 2630; x_wconf 91' lang='lat' dir='ltr'>sua</span> <span class='ocrx_word' id='word_1_291' title='bbox 459 2592 554 2643; x_wconf 91' lang='lat' dir='ltr'>ipso</span> <span class='ocrx_word' id='word_1_292' title='bbox 576 2590 820 2629; x_wconf 88' lang='lat' dir='ltr'>dominicae</span> <span class='ocrx_word' id='word_1_293' title='bbox 843 2589 1186 2628; x_wconf 87' lang='lat' dir='ltr'>circumcisionis</span> <span class='ocrx_word' id='word_1_294' title='bbox 1208 2588 1278 2627; x_wconf 93' lang='lat' dir='ltr'>die</span> <span class='ocrx_word' id='word_1_295' title='bbox 1315 2595 1346 2630; x_wconf 69' lang='lat'>0,</span> <span class='ocrx_word' id='word_1_296' title='bbox 1371 2587 1608 2639; x_wconf 80' lang='lat' dir='ltr'>praemissa</span> <span class='ocrx_word' id='word_1_297' title='bbox 1629 2596 1760 2635; x_wconf 82' lang='lat' dir='ltr'>gene-</span> 
     </span>
    </p>
   </div>
   <div class='ocr_carea' id='block_1_3' title="bbox 143 2746 1764 2910">
    <p class='ocr_par' dir='ltr' id='par_1_5' title="bbox 143 2746 1764 2910">
     <span class='ocr_line' id='line_1_34' title="bbox 189 2746 1764 2796; baseline -0.008 -3"><span class='ocrx_word' id='word_1_298' title='bbox 189 2764 208 2782; x_wconf 69' lang='grc'><strong>8</strong></span> <span class='ocrx_word' id='word_1_299' title='bbox 230 2756 365 2793; x_wconf 80' lang='lat' dir='ltr'>Prius</span> <span class='ocrx_word' id='word_1_300' title='bbox 379 2754 713 2791; x_wconf 86' lang='lat' dir='ltr'>communionem.</span> <span class='ocrx_word' id='word_1_301' title='bbox 755 2753 819 2777; x_wconf 75' lang='lat' dir='ltr'>—b</span> <span class='ocrx_word' id='word_1_302' title='bbox 847 2751 942 2789; x_wconf 85' lang='lat' dir='ltr'>Del.</span> <span class='ocrx_word' id='word_1_303' title='bbox 963 2750 1069 2788; x_wconf 86' lang='lat' dir='ltr'>circa</span> <span class='ocrx_word' id='word_1_304' title='bbox 1088 2762 1169 2793; x_wconf 81' lang='lat' dir='ltr'>eOS,</span> <span class='ocrx_word' id='word_1_305' title='bbox 1190 2749 1271 2796; x_wconf 89' lang='lat' dir='ltr'>qui.</span> <span class='ocrx_word' id='word_1_306' title='bbox 1324 2756 1388 2774; x_wconf 83' lang='lat' dir='ltr'>-c</span> <span class='ocrx_word' id='word_1_307' title='bbox 1414 2747 1508 2784; x_wconf 83' lang='lat' dir='ltr'>Del.</span> <span class='ocrx_word' id='word_1_308' title='bbox 1531 2746 1652 2783; x_wconf 89' lang='lat' dir='ltr'>etiam</span> <span class='ocrx_word' id='word_1_309' title='bbox 1683 2746 1764 2781; x_wconf 78' lang='lat' dir='ltr'>ele—</span> 
     </span>
     <span class='ocr_line' id='line_1_35' title="bbox 143 2804 1763 2857; baseline -0.009 -3"><span class='ocrx_word' id='word_1_310' title='bbox 143 2816 426 2853; x_wconf 86' lang='lat' dir='ltr'>emosinarum.</span> <span class='ocrx_word' id='word_1_311' title='bbox 468 2815 534 2840; x_wconf 70' lang='lat' dir='ltr'>—d</span> <span class='ocrx_word' id='word_1_312' title='bbox 556 2814 651 2851; x_wconf 86' lang='lat' dir='ltr'>Del.</span> <span class='ocrx_word' id='word_1_313' title='bbox 673 2815 791 2850; x_wconf 79' lang='lat' dir='ltr'>intra</span> <span class='ocrx_word' id='word_1_314' title='bbox 810 2811 1010 2857; x_wconf 77' lang='lat' dir='ltr'>parenth.</span> <span class='ocrx_word' id='word_1_315' title='bbox 1032 2809 1168 2846; x_wconf 85' lang='lat' dir='ltr'>neseio</span> <span class='ocrx_word' id='word_1_316' title='bbox 1186 2809 1280 2856; x_wconf 90' lang='lat' dir='ltr'>quid</span> <span class='ocrx_word' id='word_1_317' title='bbox 1300 2809 1443 2845; x_wconf 86' lang='lat' dir='ltr'>dicam.</span> <span class='ocrx_word' id='word_1_318' title='bbox 1485 2815 1548 2832; x_wconf 69' lang='lat'>-0</span> <span class='ocrx_word' id='word_1_319' title='bbox 1573 2806 1635 2842; x_wconf 88' lang='lat' dir='ltr'>die</span> <span class='ocrx_word' id='word_1_320' title='bbox 1656 2804 1763 2841; x_wconf 84' lang='lat' dir='ltr'>add.</span> 
     </span>
     <span class='ocr_line' id='line_1_36' title="bbox 145 2873 407 2910; baseline -0.008 0"><span class='ocrx_word' id='word_1_321' title='bbox 145 2873 237 2910; x_wconf 88' lang='lat' dir='ltr'>alia</span> <span class='ocrx_word' id='word_1_322' title='bbox 255 2882 407 2909; x_wconf 86' lang='lat' dir='ltr'>manu.</span> 
     </span>
    </p>
   </div>
   <div class='ocr_carea' id='block_1_4' title="bbox 195 3008 1381 3121">
    <p class='ocr_par' dir='ltr' id='par_1_6' title="bbox 195 3008 1381 3121">
     <span class='ocr_line' id='line_1_37' title="bbox 195 3008 1381 3058; baseline -0.008 -6"><span class='ocrx_word' id='word_1_323' title='bbox 195 3018 203 3036; x_wconf 89' lang='lat'>¹</span> <span class='ocrx_word' id='word_1_324' title='bbox 256 3013 537 3052; x_wconf 83' lang='lat' dir='ltr'>Ferdinandus</span> <span class='ocrx_word' id='word_1_325' title='bbox 554 3013 584 3058; x_wconf 88' lang='grc' dir='ltr'>Ι,</span> <span class='ocrx_word' id='word_1_326' title='bbox 606 3012 909 3050; x_wconf 82' lang='lat' dir='ltr'>Maximilianus</span> <span class='ocrx_word' id='word_1_327' title='bbox 928 3012 1095 3058; x_wconf 77' lang='lat' dir='ltr'>eiusque</span> <span class='ocrx_word' id='word_1_328' title='bbox 1115 3021 1215 3047; x_wconf 86' lang='lat' dir='ltr'>uxor</span> <span class='ocrx_word' id='word_1_329' title='bbox 1235 3008 1381 3045; x_wconf 88' lang='lat' dir='ltr'>Maria.</span> 
     </span>
     <span class='ocr_line' id='line_1_38' title="bbox 195 3071 779 3121; baseline -0.003 -10"><span class='ocrx_word' id='word_1_330' title='bbox 195 3075 208 3095; x_wconf 76' lang='lat'>²</span> <span class='ocrx_word' id='word_1_331' title='bbox 258 3074 304 3111; x_wconf 88' lang='lat' dir='ltr'>P.</span> <span class='ocrx_word' id='word_1_332' title='bbox 318 3073 497 3121; x_wconf 88' lang='lat' dir='ltr'>Joannes</span> <span class='ocrx_word' id='word_1_333' title='bbox 512 3074 561 3110; x_wconf 92' lang='lat' dir='ltr'>de</span> <span class='ocrx_word' id='word_1_334' title='bbox 583 3071 779 3110; x_wconf 88' lang='lat' dir='ltr'>Victoria.</span> 
     </span>
    </p>
   </div>
  </div>
 </body>
</html>
