2038 3400
372 249 443 287 372
855 249 1074 287 LITTERAE
1101 249 1458 295 QUADRIMESTRES

380 363 416 399 3.
480 353 567 390 an
599 354 644 391 P.
669 353 808 391 nostri
839 365 948 391 nero
979 350 1159 402 singulis
1181 351 1388 402 profestis
1410 351 1580 399 diebus,
1613 357 1660 389 ut
1689 351 1853 389 habent
1876 364 1952 401 pro

327 436 463 471 more,
487 423 529 462 in
559 423 647 462 diui
669 426 857 464 Cosmae
879 423 1043 474 templo
1067 424 1223 461 multas
1245 422 1425 460 audiunt
1447 422 1765 469 confessiones,
1791 428 1835 459 et
1857 434 1953 459 cum

326 508 484 547 magno
506 496 666 541 fructu3
691 495 844 534 diebus
863 502 1009 533 autem
1028 494 1256 533 dominicis
1279 499 1323 532 et
1344 494 1469 532 festis
1490 493 1603 544 apud
1626 499 1823 532 sanctum
1844 494 1953 532 Ger-

325 579 513 615 manum,
546 581 632 618 quo
656 568 778 606 multi
795 567 998 605 diuersae
1021 566 1285 604 conditionis
1315 578 1366 604 ac
1394 566 1555 617 gradus
1576 566 1776 604 homines
1799 570 1842 603 et
1864 578 1953 602 mu-

326 640 456 678 lieres
488 640 727 687 confluunt,
761 638 1028 686 scholastici,
1062 642 1350 685 mercatores,
1375 645 1393 662 a
1423 642 1648 676 matronae
1670 639 1709 676 et
1730 637 1749 664 b
1783 637 1953 674 nobiles

325 711 601 757 domicillae,·
624 712 697 749 ubi
718 715 839 749 tanta
860 723 958 749 cum
980 710 1233 748 reuerentia
1264 713 1307 747 et
1338 709 1592 747 humilitatis
1623 708 1786 746 affectu
1809 721 1952 746 sacro-

324 790 475 822 sancta
497 782 787 822 confessionis
811 787 852 820 et
877 781 1195 820 communionis
1217 782 1424 820 recolant
1449 788 1465 806 0
1493 786 1780 827 sacramenta,
1806 785 1852 817 ut
1873 793 1953 817 nos

323 855 442 906 ipsos
463 867 638 905 quoque
661 867 739 892 suo
762 854 940 891 feruore
963 853 1154 891 afficiant
1186 857 1229 890 et
1261 857 1586 890 commoueant.
1607 852 1754 890 Habet
1784 858 1952 902 praete-

324 939 399 965 rea
420 928 467 965 R.
494 928 540 965 P.
566 927 617 964 D.
643 925 903 964 Paschasius
927 925 933 942 ¹
959 924 1132 962 statutis
1149 923 1405 974 quibusdam
1425 923 1696 973 temporibus
1719 926 1763 961 et
1784 923 1893 961 locis
1911 923 1953 960 in

323 999 452 1046 urbe,
494 998 535 1036 in
566 1011 651 1049 quo
693 1010 815 1035 suam
857 1008 1057 1047 operam,
1100 1008 1211 1045 quae
1252 995 1441 1033 maxime
1477 994 1773 1041 desideratur,
1815 994 1953 1045 possit

325 1070 578 1121 impendere
599 1071 638 1108 et
661 1069 899 1115 collocare,
925 1066 1229 1106 confessiones
1252 1065 1472 1104 audiendo
1494 1070 1789 1104 matronarum
1813 1071 1857 1103 et
1878 1078 1952 1103 no-

322 1142 468 1180 bilium
494 1141 738 1186 mulierum,
763 1139 958 1177 infirmos
990 1139 1121 1176 etiarn
1155 1143 1198 1176 et
1230 1137 1443 1186 custodijs
1466 1136 1675 1175 detentos
1696 1137 1857 1176 sanctis
1881 1149 1953 1175 ex-

322 1213 643 1252 hortationibus
676 1217 719 1250 et
752 1210 977 1262 obsequijs
1009 1210 1298 1258 subleuando,
1324 1216 1594 1261 coeteraque
1623 1209 1953 1248 misericordiae

322 1299 373 1324 ac
394 1285 570 1336 pietatis
590 1284 633 1323 in
654 1283 880 1335 proximos
912 1283 1058 1321 officia
1078 1294 1162 1321 una
1193 1295 1290 1321 cum
1322 1283 1417 1332 alijs
1449 1281 1717 1321 exercendo.
1743 1282 1954 1320 Solebant

323 1358 454 1395 etiam
472 1358 520 1395 R.
541 1357 672 1394 Pater
690 1356 871 1394 Pontius
888 1353 900 1371 ‘²
924 1360 969 1392 et
986 1356 1055 1393 Pr.
1080 1354 1290 1392 Nicolaus
1307 1353 1334 1401 ³,
1355 1354 1446 1404 (qui
1462 1352 1600 1405 pridie
1622 1366 1646 1391 a
1663 1354 1710 1391 R.
1731 1353 1777 1390 P.
1803 1353 1854 1390 D.
1876 1353 1952 1390 Pa-

322 1429 494 1467 schasio
525 1427 567 1466 in
598 1427 849 1465 Aluerniam
873 1439 970 1465 cum
999 1426 1134 1464 fratre
1155 1429 1307 1464 nostro
1330 1425 1491 1464 Carolo
1515 1425 1699 1476 Sagerio
1723 1424 1953 1475 ablegatus

322 1502 406 1551 est)
433 1500 475 1538 in
505 1499 630 1551 pagis
652 1498 1035 1537 circumstantibus
1065 1497 1181 1535 haud
1212 1496 1305 1535 sine
1336 1509 1493 1548 magna
1523 1508 1625 1535 cnm
1657 1494 1951 1533 assistentium

319 1572 620 1610 satisfactione
645 1575 688 1608 et
710 1570 853 1607 fructu
876 1568 1144 1615 concionari3
1180 1569 1257 1607 sed
1277 1566 1621 1618 superueniente
1644 1566 1787 1606 edicto
1819 1565 1952 1617 regio

316 1643 582 1695 prohibente
603 1656 656 1681 ne
678 1641 779 1692 quis
804 1640 1003 1692 amplius
1025 1643 1186 1679 temere
1203 1641 1522 1690 praesumeret
1557 1639 1745 1678 uerbum
1777 1638 1863 1678 Dei
1882 1651 1952 1677 ex-

321 1721 483 1768 ponere
505 1729 559 1754 ac
580 1713 886 1764 interpretari
906 1712 1000 1751 nisi
1021 1712 1203 1752 obtenta
1227 1711 1462 1763 facnlr‘ate
1495 1711 1550 1749 ab
1581 1709 1784 1761 episcopo
1816 1710 1952 1749 huius

322 1788 464 1836 urbis,
485 1787 674 1838 qnidam
696 1787 894 1825 Patrnm
917 1787 1189 1824 nostrorum
1214 1798 1264 1823 ne
1287 1785 1453 1823 contra
1476 1782 1543 1822 ire
1565 1782 1584 1807 ‘¹
1620 1783 1691 1822 nel
1712 1781 1952 1833 negligere

323 1860 592 1900 uiderentur
613 1861 888 1898 mandatum
920 1857 1062 1910 regiS,
1090 1870 1117 1895 a
1147 1855 1469 1896 commissario
1496 1853 1709 1907 praefati
1738 1853 1949 1904 episcopi,

321 1935 503 1973 doctore
539 1934 738 1983 quodam
768 1930 1042 1982 parisiensi,
1083 1931 1220 1969 talem
1258 1926 1570 1968 concionandi
1605 1928 1873 1978 potestatem
1913 1927 1952 1964 ei

320 2005 513 2044 liberam
535 2003 770 2043 licentiam
792 2003 934 2054 petijt,
959 2005 1035 2042 secl
1059 2003 1272 2055 frastra;
1295 2014 1405 2040 nam
1431 2000 1468 2038 is
1497 2011 1672 2038 omnem
1689 1997 1952 2049 petitionem

320 2076 511 2127 respuit,
539 2077 762 2127 planeque
794 2075 1014 2114 Patribus
1059 2074 1233 2113 nostris
1283 2071 1590 2112 concionandi
1620 2069 1813 2121 copiam,
1845 2069 1952 2120 alijs

320 2152 471 2188 tamen
487 2149 732 2200 permultis
762 2148 899 2187 libere
921 2159 1198 2193 concessam,
1224 2144 1487 2197 denegaziit,
1519 2142 1702 2182 etiamsi
1732 2140 1888 2181 carati
1913 2142 1952 2179 el

319 2220 488 2272 vicarij
522 2222 787 2259 eormmiem
822 2220 1032 2258 locorum
1073 2231 1164 2257 una
1204 2231 1305 2257 cam
1338 2215 1646 2268 parochianis
1676 2214 1723 2252 id
1754 2213 1952 2252 maxime

321 2293 633 2333 desiderarent
664 2291 1093 2343 efflagifarenfqae;
1127 2290 1279 2340 sicque
1310 2288 1496 2328 omnino
1529 2287 1583 2325 ab
1605 2299 1653 2326 eo
1685 2297 1868 2324 manere
1882 2284 1951 2336 fe-

322 2366 433 2404 riati
462 2365 612 2405 nostri
637 2366 739 2416 post
769 2364 886 2402 illud
917 2366 1089 2414 tempus
1121 2363 1321 2407 manem&
1353 2360 1433 2398 sed
1462 2372 1681 2409 nunquam
1703 2357 1862 2396 desunt
1883 2357 1951 2408 pia

319 2437 533 2488 quaedam
565 2436 778 2475 exercitia
798 2436 840 2474 in
862 2435 1017 2486 quibus
1041 2435 1205 2484 optime
1234 2432 1442 2472 collocari
1463 2431 1601 2482 possit
1625 2442 1776 2468 eorum
1800 2441 1948 2479 opera,

321 2514 365 2546 et
386 2509 552 2547 fructus
584 2521 662 2547 suo
692 2514 893 2558 tempore
926 2506 1211 2544 suauissimus
1246 2503 1348 2543 inde
1371 2510 1388 2527 θ
1411 2502 1625 2553 reportari
1651 2501 1674 2540 f.
1707 2501 1818 2538 Nam
1851 2513 1950 2538 con-

367 2672 387 2691 a
431 2676 483 2707 et.
538 2671 602 2695 -b
623 2682 670 2706 ac
690 2669 795 2705 inter
810 2680 879 2704 eas
898 2667 1074 2714 aliquae.
1128 2671 1191 2690 —0
1211 2663 1423 2710 recipiunt.
1468 2663 1535 2688 -d
1557 2661 1742 2698 Emend.
1764 2671 1813 2698 ex
1831 2662 1948 2699 irent.

320 2739 384 2757 —e
405 2731 497 2767 inde
517 2734 653 2776 supra
672 2739 781 2765 vers⁴
805 2727 959 2764 eadem
980 2737 1132 2764 mann.
1173 2724 1229 2748 —f
1271 2723 1450 2760 Videtur
1466 2723 1592 2769 prius
1617 2722 1833 2766 scriptum
1860 2734 1951 2758 sua-

317 2790 503 2828 uissimos
522 2795 745 2836 reportare.

366 2948 377 2968 ¹
429 2946 476 2983 Ρ.
495 2943 737 2982 Paschasius
759 2943 895 2988 Broet,
917 2939 1191 2989 provincialis.

365 3008 379 3027 ²
429 3005 475 3042 P.
497 3004 664 3041 Pontius
684 3002 967 3049 Cogordanus.

364 3068 377 3087 ⁸
436 3065 612 3102 Videtur
630 3063 798 3100 indicari
817 3062 860 3098 P.
882 3061 1076 3099 Nicolaus
1094 3060 1313 3099 Bellefille.
