2038 3400
302 238 370 276 794
766 239 983 275 LITTERAE
1019 239 1377 282 QUADRIMESTRES

258 342 413 380 indolis
444 342 701 392 propediem
735 354 881 379 sumus
903 341 1149 387 admissuri,
1172 341 1365 391 reliquos
1387 342 1427 378 in
1451 341 1731 379 confessione
1753 347 1883 393 atque

257 418 633 452 sacramentorum
658 428 752 459 vsu,
778 414 921 451 donec
942 412 1098 450 melius
1120 412 1174 449 de
1206 412 1338 450 rebus
1370 413 1457 450 suis
1489 413 1802 460 consuluerint,
1826 412 1885 450 in-

257 491 381 523 terea
403 485 602 523 studiose
625 486 880 523 retinemus.
906 484 1094 522 Dubium
1125 497 1213 522 non
1244 488 1326 531 est,
1350 484 1451 534 quin
1477 485 1649 535 plurimi
1680 490 1724 522 et
1754 484 1884 522 maxi-

259 569 357 596 mae
378 563 511 595 notae
533 558 737 595 homines
758 556 811 594 ad
833 569 913 594 nos
935 556 1167 606 aliquando
1191 555 1275 594 sint
1297 556 1486 603 venturi,
1511 556 1546 594 si
1567 562 1718 594 nostra
1738 556 1885 595 Socie-

258 633 323 667 tas
346 629 483 666 semel
504 629 546 666 in
569 628 769 675 Galliam,
795 632 841 665 vt
864 632 1054 674 curatur,
1078 627 1210 665 fuerit
1231 626 1432 666 admissa.
1458 627 1547 665 Sed
1568 641 1622 666 ne
1645 628 1698 665 ab
1719 627 1886 666 institu-

257 705 302 738 to
339 700 578 747 discedam,
610 700 663 738 de
697 712 749 738 eo
780 701 904 750 plura
938 703 1037 749 post
1069 697 1278 737 dicturus.
1314 700 1440 737 Domi
1481 712 1595 738 nunc
1630 704 1797 737 tantum
1833 712 1887 737 ex

257 772 419 810 nostris
437 785 585 810 sumus
598 771 818 817 vndecim,
839 775 1025 819 quatuor
1047 769 1321 816 sacerdotes,
1343 775 1387 808 et
1403 769 1561 809 fratres
1579 775 1764 821 septem,
1784 783 1887 821 quo-

260 857 353 882 rum
378 844 556 882 nomina
577 843 629 881 ad
653 844 698 881 P.
725 844 774 880 T.
800 842 931 880 tham
964 842 1069 879 alias
1091 842 1265 893 saepius
1286 843 1540 880 transmissa
1559 847 1775 893 putamus.
1800 843 1888 880 Ho-

259 930 354 954 rum
376 916 509 966 aliqui
529 915 859 967 philosophiciS,
885 915 1015 966 aliqui
1037 914 1319 965 theologicis,
1357 915 1428 952 alii
1448 913 1637 965 denique
1667 913 1890 952 humanio-

259 988 377 1025 ribus
399 987 538 1025 literis
568 1000 646 1037 pro
678 986 844 1024 viribus
876 991 920 1024 et
949 986 1242 1037 intelligentia
1271 986 1352 1024 sibi
1383 998 1407 1023 a
1429 987 1541 1024 Dno.
1575 997 1790 1023 concessa
1818 997 1889 1023 na-

259 1066 364 1098 uant
388 1072 581 1110 operam.
609 1058 697 1098 Sed
720 1059 856 1096 multo
880 1058 1022 1096 acrius
1045 1070 1111 1105 ea,
1136 1070 1246 1108 quae
1269 1057 1323 1096 ad
1345 1058 1589 1096 institutum
1611 1063 1810 1095 nostrum
1830 1057 1889 1095 fa-

262 1133 395 1179 ciunt,
422 1143 588 1178 omnes,
615 1131 696 1168 Dei
718 1129 872 1181 gratia,
896 1141 1023 1180 quam
1047 1142 1112 1176 ea,
1137 1142 1246 1180 quae
1265 1129 1319 1167 ad
1342 1129 1635 1167 eruditionem
1652 1129 1887 1180 pertinent,

261 1208 511 1255 capessunt,
536 1208 581 1241 et
601 1214 732 1240 nemo
755 1202 881 1252 plane
906 1206 988 1249 est,
1012 1202 1084 1252 qui
1112 1214 1199 1239 non
1233 1202 1395 1252 optima
1423 1200 1626 1239 videatur
1657 1200 1826 1239 ratione
1848 1201 1890 1238 in

260 1289 338 1315 sua
358 1276 596 1314 vocatione
627 1275 861 1326 proficere,
894 1279 942 1311 vt
972 1274 1094 1311 multi
1124 1286 1211 1311 non
1241 1273 1373 1312 modo
1406 1274 1579 1324 regulas
1611 1273 1890 1311 exactissime

260 1360 530 1387 conseruare
566 1346 788 1394 studeant,
825 1358 979 1385 verum
1011 1345 1142 1384 etiam
1175 1350 1220 1383 et
1247 1350 1423 1396 praeter
1453 1344 1698 1383 institutum
1729 1344 1891 1395 imponi

260 1419 342 1459 sibi
361 1419 541 1470 jeiunia,
568 1418 818 1470 disciplinas
839 1419 906 1468 (vt
927 1418 1106 1468 vocant)
1137 1423 1267 1467 atque
1291 1417 1395 1455 alias
1416 1416 1459 1455 id
1488 1429 1628 1468 genus
1659 1416 1891 1455 mortifica-

261 1492 406 1530 tiones
428 1504 516 1529 non
538 1491 673 1529 toties
705 1490 957 1541 impetrent,
981 1488 1157 1540 quoties
1187 1501 1211 1526 a
1232 1489 1329 1527 R.d0
1361 1490 1491 1527 Patre
1520 1488 1778 1540 prouinciali
1809 1495 1816 1513 ¹
1849 1488 1892 1526 id

263 1564 464 1602 obtinere
490 1562 778 1601 contendunt.
802 1561 898 1600 Nec
920 1561 1155 1599 defuerunt
1176 1561 1263 1611 qui,
1288 1560 1637 1599 mortificationis
1665 1558 1826 1608 studio,
1850 1560 1892 1598 in

260 1648 399 1686 pagos
422 1632 760 1673 circumuicinos
781 1632 1006 1671 hostiatim
1028 1632 1326 1670 mendicatum
1347 1631 1522 1670 iuerint.
1552 1632 1650 1669 Hoc
1671 1644 1758 1669 vno
1781 1629 1891 1669 desi-

261 1708 384 1745 derio
408 1707 597 1744 maxime
619 1706 873 1756 flagrantes,
899 1709 945 1742 vt
966 1703 1033 1742 his
1054 1702 1196 1741 modis
1224 1702 1277 1740 ad
1299 1702 1553 1753 capiendam
1575 1702 1749 1740 diuinae
1771 1702 1891 1740 boni-

259 1780 361 1817 tatis
397 1779 646 1829 largitatem
681 1775 957 1815 commodius
992 1774 1157 1822 affecti,
1181 1774 1427 1826 proximum
1451 1774 1688 1822 efficacius,
1713 1774 1890 1812 modulo

261 1864 347 1901 quo
369 1851 440 1888 hic
462 1849 605 1888 adhuc
626 1849 745 1895 licet,
778 1847 1014 1886 subiuuare
1044 1846 1229 1898 possint3
1262 1852 1307 1884 et
1329 1846 1574 1893 efficerent,
1606 1844 1722 1884 haud
1744 1845 1890 1894 dubie,

260 1923 340 1960 nisi
370 1922 493 1960 frena
522 1921 648 1959 nobis
671 1919 973 1958 difficultatum
1003 1923 1182 1956 senatus
1213 1916 1423 1969 pariensis
1445 1918 1661 1957 iniiceret.
1686 1918 1775 1956 Sed
1796 1917 1892 1956 bre-

264 1995 304 2032 ui
334 1999 582 2032 vestrarum
615 1993 863 2031 orationum
895 1991 1075 2039 auxilio,
1107 2003 1193 2041 quo
1225 1990 1296 2028 hic
1326 2001 1510 2040 egemus
1541 2002 1629 2027 non
1663 1988 1891 2037 mediocri,

261 2066 485 2104 auferetur
508 2064 669 2115 agendi
689 2062 1038 2115 proficiendique
1068 2063 1110 2100 in
1141 2060 1234 2100 aliis
1264 2058 1626 2111 impedimentum
1657 2072 1802 2098 omne.
1827 2061 1892 2099 De

261 2136 483 2176 charitatis
505 2136 637 2187 igitur
661 2135 832 2182 officiis,
857 2135 1002 2185 deque
1032 2133 1289 2172 domesticis
1319 2132 1479 2171 nostris
1502 2132 1893 2171 exercitationibus

263 2209 318 2248 ad
341 2214 525 2248 externa
546 2206 795 2246 deueniam.

320 2292 358 2320 2.
417 2281 464 2318 In
496 2277 775 2318 consolandis
806 2278 956 2328 itaque
992 2288 1171 2315 carcere
1202 2274 1411 2322 detentis,
1444 2286 1566 2313 more
1597 2287 1692 2321 suo,
1729 2286 1895 2312 summa

263 2366 359 2391 cum
383 2351 596 2391 charitate
616 2356 660 2389 et
682 2350 911 2401 diligentia
931 2348 1049 2387 Rduss
1081 2350 1150 2386 ΡΧ
1170 2346 1472 2394 Prouincialis,
1492 2351 1700 2396 quantum
1720 2359 1798 2397 per
1823 2359 1892 2385 oc—

263 2424 522 2476 cupationes
544 2423 663 2469 licet,
687 2426 942 2473 occupatur.
967 2420 1067 2467 Alii,
1091 2419 1210 2471 quod
1231 2419 1301 2457 hic
1322 2418 1538 2457 lectiones
1559 2418 1639 2467 (vti
1660 2419 1774 2456 bene
1796 2431 1893 2456 nos-

264 2497 312 2545 ti)
335 2497 418 2534 sint
440 2494 738 2546 quotidianae,
763 2493 918 2532 diebus
940 2498 1107 2531 tantum
1130 2490 1359 2530 dominicis
1381 2495 1426 2529 et
1447 2490 1570 2528 festis
1587 2497 1605 2515 a
1626 2503 1746 2527 suam
1765 2491 1805 2528 in
1823 2503 1893 2527 au-

265 2567 434 2607 diendis
457 2565 810 2605 confessionibus
841 2564 1097 2615 impendunt
1130 2575 1322 2613 operam,
1356 2567 1447 2600 tum
1479 2561 1591 2612 apud
1619 2561 1765 2599 diuum
1789 2563 1894 2600 Cos-

263 2653 391 2687 mam,
415 2643 508 2677 tum
532 2637 663 2676 etiam
686 2636 728 2674 in
749 2637 861 2675 aede
885 2649 1009 2675 sacra
1024 2635 1172 2674 Sancti
1196 2635 1418 2673 Germani.
1444 2633 1511 2672 Ad
1532 2646 1611 2671 nos
1628 2638 1775 2671 autem
1793 2645 1893 2671 con-

263 2711 467 2750 fessionis
490 2711 631 2762 gratia
650 2709 870 2747 accedunt
893 2722 990 2748 cum
1020 2709 1219 2759 plerique
1241 2706 1506 2758 paedagogi,
1532 2713 1621 2744 tum
1646 2706 1776 2743 etiam
1799 2717 1893 2743 sco-

263 2784 404 2822 lastici
426 2796 477 2821 ac
507 2782 680 2820 nobiles
711 2780 921 2819 nonnulli.
955 2780 1046 2819 Sed
1076 2780 1162 2819 hoc
1191 2780 1291 2818 loco
1322 2776 1688 2830 praetereundam
1720 2777 1894 2814 minime

309 2934 329 2953 a
380 2938 419 2971 et
439 2932 553 2970 festis
572 2936 710 2979 supra
729 2941 837 2968 vers.
861 2929 957 2967 ead.
980 2939 1135 2966 manu.

314 3077 321 3096 ¹
377 3073 423 3111 P.
444 3071 686 3110 Paschasius
705 3070 841 3108 Broet.
