2038 3400
523 296 929 335 367.—ING0LSTAD10
960 298 974 334 1
1006 294 1113 346 MAJ1
1144 300 1232 337 1560
1579 303 1643 339 611

824 524 936 575 367

491 662 541 706 P.
580 661 928 708 NICOLAUS
963 662 1291 709 LANOYUS

578 792 857 819 INGOLSTADIO
886 782 900 818 1
932 792 1024 829 MAJl
1055 782 1145 820 1560
1172 785 1196 819 ¹.

82 896 112 931 ἰ.
138 894 323 934 Florem}
342 896 523 935 scholae
546 896 806 947 inferiores.
844 896 1085 935 Convictus
1106 897 1297 948 fructus
1328 902 1367 938 et
1399 900 1514 938 bona
1550 900 1698 939 existi-

155 959 312 999 matio.
344 961 618 1013 Theologiae
640 962 874 1001 auditores
894 962 1434 1013 minusfrequentes.——2.
1463 965 1581 1003 Novi
1610 967 1696 1004 col—

157 1025 343 1077 collegz'i
360 1028 540 1066 sodales
561 1026 609 1066 in
639 1028 843 1067 moribus
861 1028 1226 1078 proficiztnt.—3.
1264 1029 1503 1069 Contiones
1539 1033 1631 1069 tam
1656 1031 1702 1068 in

157 1091 280 1138 urbe,
306 1104 442 1141 quam
464 1093 708 1132 exirm—4.
735 1093 1146 1133 sacramentorum
1169 1094 1454 1134 ministratio
1477 1097 1529 1134 ob
1552 1099 1705 1147 sempli

157 1158 403 1208 angustias
417 1171 508 1197 non
520 1162 691 1209 parum
709 1159 937 1210 impedita.
952 1159 1190 1198 Auxilium
1207 1160 1398 1211 afflictis
1414 1162 1699 1211 praestitum.

140 1293 174 1320 Ι.
233 1283 261 1331 †
287 1280 376 1331 Jhs.
401 1278 554 1318 Gratia
576 1285 620 1318 et
640 1293 723 1329 pax
741 1281 844 1331 Jesu
867 1279 983 1319 Chri.
1009 1285 1094 1318 etc.
1122 1279 1217 1317 Rae
1240 1281 1280 1317 in
1297 1280 1430 1319 Chro.
1458 1283 1524 1319 Pr.
1552 1283 1703 1320 Postu-

77 1353 193 1391 lante
215 1366 248 1390 3.
275 1350 540 1395 obedientia,
564 1351 712 1401 paucis
734 1351 936 1397 referam,
961 1364 1071 1400 quae
1094 1350 1148 1388 de
1180 1364 1389 1389 successu
1412 1364 1554 1390 rerum
1577 1354 1702 1391 11111113

78 1423 253 1474 collegij
291 1422 444 1468 nostri,
481 1427 688 1471 quantum
725 1421 778 1459 ad
814 1422 896 1459 iam
927 1422 1124 1471 proxime
1163 1423 1357 1473 elapsum
1388 1424 1704 1473 quadrimestre

80 1500 264 1546 spectat,
288 1493 341 1531 ad
365 1494 412 1531 R.
439 1494 485 1531 P.
510 1493 559 1530 T.
585 1492 639 1530 de
658 1505 780 1530 more
799 1497 897 1530 sunt
915 1493 1241 1543 perscribenda.
1262 1495 1570 1532 Succulentior
1587 1495 1706 1533 indu-

78 1565 163 1613 bie,
190 1567 244 1604 ob
267 1565 491 1603 materiam
510 1563 718 1602 videlicet
735 1565 1002 1610 vberiorem,
1022 1564 1164 1601 futura
1183 1569 1303 1602 esset
1325 1566 1433 1603 haec
1452 1566 1650 1615 epistola,
1671 1568 1705 1604 si

78 1639 162 1676 hoc
193 1637 428 1688 collegium
458 1648 561 1686 prae
593 1636 785 1673 coeteris
816 1636 908 1673 fere
940 1641 1116 1673 nostrae
1148 1637 1385 1674 Societatis
1407 1637 1607 1688 collegijs
1630 1652 1705 1676 sua

78 1722 164 1747 non
185 1709 369 1747 haberet
399 1705 678 1745 incommoda
708 1707 755 1744 R.
792 1708 835 1744 Ρ.
871 1707 920 1743 T.
953 1719 1040 1744 non
1071 1707 1234 1757 ignota,
1268 1720 1379 1758 quae
1410 1720 1485 1758 per
1517 1708 1703 1746 diuinam

78 1780 276 1831 gratiam,
310 1779 345 1817 si
373 1791 461 1816 non
493 1777 650 1825 omnia,
676 1784 797 1816 certe
820 1778 1054 1828 praecipua
1075 1779 1280 1828 paulatim
1303 1780 1519 1817 sublatum
1542 1780 1589 1816 iri
1612 1793 1705 1829 spe-

79 1864 236 1889 ramus.
263 1850 393 1900 Quod
414 1850 545 1900 igitur
567 1849 620 1887 ad
642 1849 814 1887 scholas
837 1849 992 1887 attinet
1023 1850 1149 1888 huius
1180 1849 1373 1900 collegij,
1403 1852 1539 1888 multo
1561 1851 1706 1901 plures

78 1927 360 1960 numerantur
381 1920 422 1958 in
441 1921 651 1959 elassibus
668 1920 946 1959 inferioribus
963 1921 1101 1972 pueri,
1121 1934 1249 1972 quam
1271 1922 1430 1971 hyeme
1452 1923 1703 1972 praeterita,

80 1994 201 2032 cuius
233 1993 343 2031 ratio
373 2005 460 2030 non
491 1993 631 2030 solum
664 1997 745 2037 est,
779 1991 897 2042 quod
929 2006 981 2029 eo
1014 1997 1214 2042 tempore
1235 1992 1431 2043 plerique
1456 1993 1511 2030 ob
1532 1993 1706 2044 frigoris

79 2065 275 2102 iniuriam
300 2064 470 2102 soleant
501 2063 619 2101 domi
649 2063 844 2109 retineri,
877 2075 1029 2101 verum
1063 2063 1193 2101 etiam
1224 2063 1342 2114 quod
1378 2075 1463 2101 non
1494 2065 1620 2114 pauci
1652 2077 1705 2101 ex

81 2137 176 2185 alijs
212 2134 373 2174 scholis
409 2134 463 2173 ad
496 2140 668 2174 nostras
703 2134 909 2172 deficiant
944 2135 1058 2172 fama
1094 2135 1259 2172 illarum
1298 2135 1445 2181 exciti,
1483 2148 1609 2185 quam
1649 2137 1707 2173 ita

80 2209 350 2246 aemulorum
369 2212 500 2256 atque
524 2206 872 2244 obtrectatorum
895 2206 1068 2256 linguae
1091 2211 1315 2256 nequeunt
1335 2207 1585 2252 obscurare,
1606 2207 1705 2256 quin

81 2292 158 2329 per
180 2279 428 2317 vniuersam
461 2279 689 2316 Bauariam
721 2278 853 2328 vulgo
886 2277 942 2315 sit
972 2290 1226 2327 persuasum
1258 2291 1420 2329 pueros
1451 2278 1706 2316 adolescen-

82 2356 224 2396 tesue,
250 2356 340 2387 tum
361 2349 403 2387 in
424 2348 575 2395 literis,
599 2354 689 2386 tum
711 2349 753 2386 in
774 2348 958 2399 pietate,
983 2349 1095 2399 apud
1115 2349 1300 2397 jesuitas
1322 2350 1387 2398 (vt
1410 2364 1489 2388 nos
1512 2351 1705 2401 germani

83 2422 260 2470 vocant)
283 2420 446 2471 optime
468 2420 650 2469 instituj.
675 2420 788 2458 Hinc
810 2420 941 2458 etiam
963 2420 1024 2466 fit,
1051 2426 1096 2457 ut
1116 2434 1322 2459 numerus
1345 2421 1705 2459 scholasticorum

83 2491 283 2530 classium
305 2491 578 2541 superiorum
601 2491 859 2529 accessione
882 2492 1187 2529 conuictorum
1211 2492 1264 2529 sit
1288 2506 1400 2530 nunc
1421 2505 1547 2542 quam
1580 2498 1707 2529 antea

82 2575 168 2600 non
189 2574 338 2612 parum
361 2562 545 2609 auctior3
568 2575 812 2613 quanquam
834 2575 917 2600 nec
938 2563 1018 2599 hos
1041 2563 1204 2613 absque
1229 2563 1403 2601 delectu
1435 2564 1704 2613 suscipimus„

83 2633 372 2672 excludentes
394 2646 472 2672 eos
494 2633 702 2672 videlicet
723 2647 833 2684 quos
857 2634 1158 2672 existimamus
1188 2634 1373 2672 ferendo
1405 2634 1506 2685 iugo
1529 2640 1706 2672 nostrae

84 2704 335 2753 disciplinae
357 2704 497 2742 minus
518 2710 659 2754 aptos,
686 2704 925 2742 cuiusmodi
950 2705 1042 2742 fere
1067 2711 1164 2742 sunt
1186 2706 1257 2755 qui
1289 2712 1386 2743 sunt
1409 2712 1554 2743 aetate
1578 2706 1705 2754 paulo

83 2776 366 2826 prouectiore
388 2789 439 2814 ac
459 2777 501 2814 in
528 2776 624 2824 alijs
655 2776 817 2814 scholis
847 2776 1050 2814 licentius
1082 2777 1261 2823 versati3
1294 2778 1346 2814 ab
1378 2777 1430 2825 ijs
1462 2789 1568 2813 vero
1601 2776 1707 2812 rcci-

84 2846 251 2898 piendis
281 2860 367 2885 non
398 2848 698 2894 abhorremus,
736 2860 919 2897 quorum
956 2852 1076 2885 aetas
1111 2852 1242 2898 atque
1278 2848 1446 2885 indoles
1483 2848 1705 2884 meliorem

85 2918 255 2969 frugem
288 2918 490 2957 videntur
511 2919 784 2969 promittere,
810 2918 982 2955 tametsi
1004 2918 1190 2956 fortasse
1213 2919 1383 2956 illorum
1406 2919 1613 2968 quispiam
1638 2916 1705 2955 sit.

137 3080 144 3098 ¹
197 3078 259 3115 Ex
276 3083 434 3126 autogr.
457 3079 497 3116 in
515 3079 599 3116 eod.
624 3081 764 3132 Ge'rm.
787 3078 879 3120 139.
900 3078 922 3115 2
942 3078 998 3123 ff..
1020 3091 1086 3116 nn.
1107 3078 1164 3122 26,
1184 3078 1241 3123 27;
1265 3079 1374 3125 prius
1398 3077 1457 3113 161
1481 3076 1591 3121 (191).
