2038 3400
509 240 893 279 328.—V1NDOBONA
926 242 938 277 1
964 240 1165 288 JANUARH
1196 242 1284 278 1:360
1592 244 1652 280 461

144 344 203 381 16.
264 344 386 382 Haec
408 350 520 390 sunt,
549 345 614 382 Pr.
639 345 680 382 in
707 345 782 381 X.“
811 344 919 387 Rfle,
953 356 1063 394 quae
1095 345 1142 382 T.
1180 346 1224 381 R.
1251 346 1335 381 hoc
1356 352 1551 395 tempore
1573 348 1704 397 quali-

88 426 256 464 cunque
289 415 497 452 orationis
528 415 599 452 filo
632 415 862 453 scribenda
885 420 1184 457 occurrerunt.
1210 415 1317 452 Nam
1341 423 1358 439 ‘d
1381 429 1491 465 quae
1517 430 1706 454 commu-

86 487 261 523 nissima
283 491 379 523 sunt
402 486 482 523 toti
506 486 723 531 societati,
749 492 792 522 et
814 487 897 532 hic,
923 487 1014 523 laus
1043 486 1154 532 Deo,
1188 486 1291 523 satis
1324 487 1497 529 usitata,
1530 487 1602 525 liic
1634 490 1706 525 (zd-

86 556 321 606 iungenda
352 569 438 593 non
470 569 738 606 magnopere
770 558 882 595 (luco
905 557 937 593 b.
974 556 1104 605 Quod
1131 557 1266 594 nostri
1300 570 1501 594 carceres
1523 559 1707 596 inuisant

88 640 184 665 cum
207 627 364 671 fructu,
387 633 429 665 et
446 627 690 677 hospitalia,
715 628 831 678 quod
853 628 1108 678 frequenter
1130 627 1183 665 ad
1200 629 1393 666 infirmos
1417 636 1644 674 nocentur,
1667 638 1708 666 ut

89 711 238 737 eorum
261 697 435 736 audiant
454 699 772 745 confessiones3
791 699 908 748 quod
930 699 983 736 ad
1006 712 1084 737 nos
1103 699 1269 747 consilij
1295 699 1559 750 suscipiendi
1582 713 1711 738 causa

87 782 415 819 nonnunquam
450 770 648 807 homines
683 783 770 808 non
804 770 930 819 pauci
966 769 1193 815 accedant,
1231 770 1347 820 quod
1383 771 1635 821 frequenter
1670 770 1710 807 in

87 841 181 889 alijs
204 841 374 891 templis
397 841 538 891 rogati
561 842 713 878 Patres
746 841 1061 879 concionentur
1091 840 1243 888 nostri,
1283 854 1440 892 magno
1478 842 1579 879 satis
1616 855 1710 879 cum

88 911 320 958 auditorio,
353 924 438 962 quo
473 911 565 960 [sic]
600 911 634 948 si
664 912 807 962 aliqua
836 912 1084 950 huiusmodi
1112 913 1355 951 necessitas
1377 914 1418 950 in
1441 913 1618 951 ciuitate
1643 925 1711 951 oc-

89 988 246 1027 currat,
271 981 325 1019 ad
346 995 425 1019 nos
448 982 591 1019 statim
613 983 685 1019 fiat
709 995 962 1027 concursuS,
995 996 1082 1020 non
1113 983 1269 1020 attinet
1299 983 1434 1033 (quod
1465 996 1598 1033 saepe
1629 984 1711 1021 iam

88 1054 323 1103 repetitum
347 1056 445 1101 est),
470 1058 516 1090 ut
537 1053 738 1099 arbitror,
763 1054 845 1091 iam
868 1054 937 1091 hic
958 1054 1151 1103 pluribus
1174 1054 1320 1091 uerbis
1343 1053 1658 1106 perstringere
1680 1063 1711 1092 0.

89 1124 185 1161 Hoc
206 1123 335 1174 igitur
357 1137 503 1169 unum,
528 1123 645 1172 quod
665 1125 791 1173 plane
813 1124 980 1162 fueram
1004 1124 1178 1171 oblitus,
1204 1124 1238 1162 si
1259 1124 1429 1172 dixero,
1453 1125 1583 1163 finem
1613 1126 1714 1163 scri-

89 1193 218 1232 bendi
249 1194 418 1232 faciam.
453 1194 592 1232 Tanta
627 1200 693 1232 est
723 1194 835 1244 apud
868 1207 1035 1241 omnes,
1068 1195 1163 1233 Deo
1196 1195 1297 1246 Opt.
1331 1196 1443 1234 Max.
1473 1196 1581 1243 laus,
1619 1196 1673 1234 de
1696 1196 1715 1220 d

90 1265 287 1303 doctrina
324 1266 497 1303 Patrum
530 1271 572 1302 et
608 1266 772 1315 pietate
809 1265 953 1316 opinio
989 1272 1255 1313 nostrorum,
1297 1269 1342 1304 nt
1378 1281 1405 1304 α
1436 1267 1715 1316 primatibus

92 1337 234 1374 multa
259 1348 371 1385 qnae
393 1337 459 1375 nel
477 1336 618 1374 nullis
634 1338 743 1375 uota
759 1339 878 1384 sunt,
903 1338 969 1375 nel
982 1337 1289 1387 paucissimis,
1310 1338 1372 1376 eis
1389 1338 1715 1377 communicen-

91 1409 181 1453 tur,
207 1406 370 1457 magni
390 1407 504 1445 satis
524 1407 752 1453 momenti,
779 1420 832 1446 ac
854 1409 1112 1447 reuerenter
1134 1409 1190 1447 ab
1213 1408 1419 1447 omnibus
1442 1408 1602 1459 ubique
1622 1423 1715 1448 sus·

91 1477 336 1528 cipiantur.
361 1477 512 1527 Neque
532 1491 641 1517 sane
661 1478 710 1526 fit
734 1478 864 1516 ullibi
885 1479 1151 1518 conuiuium
1174 1479 1217 1518 in
1243 1493 1328 1530 qno
1356 1493 1447 1519 non
1469 1483 1645 1531 agatur
1666 1483 1716 1521 de

90 1548 274 1596 nostris,
298 1551 341 1587 vt
373 1548 451 1588 uix
486 1549 608 1587 ullus
641 1549 700 1587 sit
735 1556 752 1574 e
787 1551 856 1600 qui
892 1563 979 1588 non
1016 1552 1195 1601 optime,
1233 1564 1309 1603 per
1340 1553 1420 1590 Dei
1456 1554 1713 1600 bonitatem,

92 1619 146 1657 de
168 1620 394 1658 Societate
413 1626 455 1658 et
477 1621 636 1658 sentiat
664 1620 674 1644 f
702 1626 746 1658 et
762 1621 964 1672 loquatur
986 1628 1023 1668 23
1042 1623 1215 1660 tametsi
1233 1623 1306 1672 (ne
1326 1623 1471 1662 officio
1490 1637 1568 1662 suo
1586 1623 1717 1673 desit)

91 1691 257 1729 animos
292 1690 509 1729 interdurn
540 1704 717 1729 suorum
754 1692 948 1730 concitet
983 1693 1182 1731 diabolus
1219 1700 1372 1732 contra
1401 1708 1496 1742 nos,
1529 1696 1600 1746 qui
1631 1709 1717 1734 non

91 1763 246 1801 minori
268 1775 370 1800 cura
390 1764 559 1813 piorum
581 1764 803 1801 hominum
825 1770 997 1802 mentes
1019 1765 1181 1803 alienas
1212 1778 1236 1803 a
1265 1767 1391 1804 nobis
1422 1767 1611 1805 reddere
1648 1780 1717 1806 co-

91 1841 232 1872 natur.
257 1835 369 1873 Hinc
389 1835 450 1881 fit,
476 1840 522 1872 ut
542 1848 629 1873 non
652 1835 765 1873 desit
787 1836 940 1886 aliquis
962 1849 1148 1887 unquam
1170 1837 1273 1888 (quo
1297 1839 1376 1876 sub
1399 1839 1551 1877 maiori
1573 1845 1718 1877 custo-

94 1906 163 1944 dia
191 1906 410 1944 humilitas
440 1910 660 1957 seruetur)
691 1907 763 1957 qui
784 1908 942 1945 acriter
967 1916 1192 1960 oppugnet
1214 1909 1500 1957 Societatem,
1539 1911 1557 1935 ¹²
1592 1912 1718 1961 pluri-

94 1990 187 2014 mos
209 1977 435 2026 quamuis,
458 1978 583 2016 nobis
608 1979 738 2016 etiam
768 1979 938 2028 inscijs,
971 1985 1322 2031 propugnatores
1358 1982 1565 2020 inueniat.
1609 1981 1719 2020 Hinc

96 2048 225 2085 etiam
257 2054 323 2086 est
353 2048 470 2098 quod
501 2049 671 2087 interim
703 2050 931 2101 contingit,
962 2056 1009 2087 ut
1043 2051 1195 2089 uerbis
1229 2053 1388 2090 saltem
1423 2052 1647 2104 malignis
1681 2055 1720 2092 et

95 2119 343 2157 fictionibus
377 2119 619 2158 dilacerent
649 2133 957 2171 nonnunquam
989 2122 1150 2159 bonum
1182 2136 1342 2161 nomen
1377 2123 1613 2162 Societatis
1635 2136 1719 2162 ma-

96 2189 212 2239 ligni,
249 2202 300 2228 ac
320 2191 523 2240 antiquae
546 2191 770 2242 religionis
791 2192 959 2239 hostes,
983 2193 1053 2241 alij
1078 2205 1184 2231 uero
1210 2206 1263 2231 ex
1286 2194 1490 2241 aduerso,
1514 2195 1719 2233 audacius

97 2260 209 2298 forte
232 2273 358 2310 quam
382 2273 655 2311 cuperemus,
682 2268 725 2299 et
747 2263 882 2300 multo
906 2263 1255 2313 magnificentius
1272 2277 1399 2313 quam
1418 2264 1472 2302 de
1495 2265 1618 2303 nobis
1641 2278 1720 2303 nos

95 2331 175 2382 ipsi
195 2332 448 2379 sentiamus,
472 2331 710 2370 defendant
733 2333 945 2371 exercitia
967 2334 1125 2381 omnia,
1150 2347 1237 2372 non
1258 2336 1433 2385 pietatis
1462 2336 1608 2384 modo,
1643 2336 1719 2374 sed

95 2403 285 2443 literaria
305 2409 468 2449 nostra,
493 2408 537 2441 ut
559 2405 674 2442 nulla
696 2405 899 2443 credatur
922 2405 1194 2444 concertatio
1218 2406 1407 2445 literaria
1428 2407 1554 2445 laude
1574 2408 1716 2458 digna,

96 2473 137 2512 in
159 2487 242 2525 qua
262 2475 400 2512 nostri
420 2488 507 2512 non
536 2475 812 2513 inueniantur
847 2477 918 2514 uel
946 2482 1288 2527 oppugnatoreS,
1322 2479 1392 2516 uel
1427 2484 1719 2529 propugnato-

98 2558 182 2583 res.
207 2547 351 2596 Atque
372 2546 483 2584 hanc
506 2546 561 2583 ob
583 2559 756 2584 causam
778 2559 864 2584 non
887 2547 1018 2586 modo
1042 2547 1195 2597 quiuis
1217 2547 1419 2587 aliorum
1452 2550 1462 2574 i
1485 2550 1720 2587 catholico-

98 2630 206 2661 rum,
248 2616 324 2654 sed
356 2616 584 2667 principes
619 2618 748 2656 etiam
776 2617 787 2649 J'
818 2618 1046 2669 dignitate,
1079 2621 1344 2658 authoritate
1375 2626 1504 2670 atque
1541 2620 1722 2658 scientia

101 2687 396 2737 doctrinaque
427 2688 530 2726 clari
552 2689 571 2712 ¹<
593 2689 646 2726 ad
681 2694 857 2727 nostros
888 2690 1041 2728 Patres
1072 2703 1183 2740 quae
1214 2692 1283 2728 uel
1318 2691 1450 2728 edere
1484 2692 1658 2741 cupiunt
1682 2692 1720 2727 in

100 2760 256 2805 lucem,
281 2761 350 2797 uel
380 2759 625 2807 ediderunt,
658 2761 667 2784 1
701 2761 982 2811 approbanda
1010 2762 1182 2812 scripffa
1204 2775 1257 2800 ac
1278 2764 1556 2801 emendanda
1587 2768 1720 2800 trans-

150 2934 167 2951 ἃ
217 2926 255 2962 in
276 2926 337 2962 iis.
392 2927 456 2951 -b
479 2926 732 2962 immorabor.
788 2934 851 2951 20
878 2928 1080 2973 persequi.
1150 2949 1157 2951 -ν
1193 2928 1211 2952 d
1245 2928 1292 2964 de
1314 2927 1419 2963 add.
1449 2932 1583 2973 supra
1611 2938 1720 2963 vers.

105 2993 167 3011 -θ
201 2990 242 3021 vt
274 2986 352 3021 rari
385 2986 476 3021 sint.
544 2985 600 3009 —f
625 2986 815 3021 sentiant.
881 2993 950 3016 ——51
972 2987 1198 3032 loquantur.
1259 2987 1318 3010 eh
1341 2986 1524 3032 quamuis
1545 2991 1581 3022 el
1598 2988 1723 3031 prins

103 3045 185 3081 sed.
239 3045 296 3070 -i
326 3045 484 3091 vulgus.
538 3044 592 3076 ——J'
623 3045 647 3080 ii
667 3045 747 3091 qui.
802 3046 865 3069 —k
889 3050 992 3081 sunt.
1049 3046 1102 3070 —l
1131 3046 1420 3082 consideranda
1440 3045 1587 3091 scripta
1608 3052 1658 3082 et.
