2038 3400
358 397 406 433 70
829 397 1048 434 Lirrifflfflz
1076 397 1433 443 QUADRIMESTRES

305 512 547 550 speramus,
582 500 651 538 hic
673 513 696 537 a
728 500 853 538 nobis
886 506 951 537 est
984 499 1204 538 hominum
1228 500 1419 539 societas
1451 501 1647 540 instituta
1682 514 1768 539 non
1801 501 1944 540 multis

305 571 463 610 abhinc
485 571 655 618 diebus,
681 572 752 622 qui
775 578 1102 610 sacrosanctum
1127 571 1417 610 eucharistiae
1440 578 1761 611 sacramentum
1786 579 1943 611 octauo

304 655 481 694 quoque
513 642 583 680 die
607 647 796 689 sumunt,
823 643 972 693 sicque
997 643 1037 680 in
1061 643 1176 680 omni
1200 643 1407 681 virtutum
1430 656 1595 694 genere
1619 643 1866 694 proficiunt,
1903 651 1945 681 vt

306 714 443 752 verbo
468 719 511 751 et
535 707 741 764 exemplo
776 714 936 751 multos
959 726 1044 752 non
1070 714 1274 765 vulgares
1296 714 1570 765 plebeaeque
1593 720 1725 752 notae
1748 714 1947 752 homines

305 785 388 823 iam
411 784 464 823 ad
482 784 597 822 idem
617 784 866 823 faciendum
885 784 1220 832 commouerint,
1242 791 1286 823 et
1307 786 1453 836 plures
1470 785 1523 823 ad
1541 798 1619 823 sua
1635 784 1796 823 nostris
1815 787 1945 823 conii-

306 855 437 895 tenda
473 861 657 907 peccata
695 855 943 895 excitarint.
978 857 1062 906 Ipsi
1095 857 1207 895 enim
1240 856 1468 895 dominicis
1503 857 1742 908 laesusque
1775 856 1944 899 diebus,

305 934 403 979 post
427 928 690 967 concionem
711 928 799 966 R.d³
827 929 870 966 P.
896 927 1081 967 rectoris
1101 930 1106 947 ¹
1129 929 1304 979 vesperi
1325 927 1366 966 in
1388 942 1517 967 vnam
1550 929 1748 966 classium
1782 934 1947 967 nostra-

307 1013 399 1038 rum
425 998 710 1047 conueniunt,
736 1000 810 1037 vbi
834 1011 946 1050 quae
969 1000 1022 1037 ad
1045 999 1237 1038 diuinum
1260 1013 1454 1039 amorem
1483 1001 1650 1038 animos
1682 1001 1947 1040 inflammare

306 1076 504 1122 possunt,
530 1070 685 1109 sedulo
708 1069 893 1122 quisque
916 1070 1101 1122 peragit,
1135 1071 1325 1121 nihilque
1361 1072 1717 1122 praetermittunt
1738 1071 1855 1122 quod
1879 1073 1947 1110 vel

306 1141 359 1181 ad
381 1143 446 1181 sui
468 1141 798 1190 demissionem,
825 1143 896 1181 vel
914 1142 967 1180 ad
986 1142 1155 1181 rudium
1173 1156 1224 1181 ac
1240 1148 1443 1192 tyronum
1462 1144 1815 1182 aedificationem
1841 1143 1949 1182 vtili-

307 1219 532 1265 tatemque
552 1214 783 1253 maximam
803 1215 1036 1265 pertineat.
1059 1214 1104 1252 Id
1122 1213 1238 1264 quod
1258 1228 1310 1253 eo
1333 1215 1466 1266 pluris
1487 1216 1683 1262 facimus,
1709 1228 1794 1266 quo
1818 1217 1948 1255 rario-

307 1298 376 1324 res
399 1285 470 1337 qui
491 1286 742 1324 huiusmodi
768 1286 946 1324 viuendi
973 1286 1189 1324 rationem
1212 1291 1464 1336 sequantur,
1497 1288 1538 1325 in
1569 1288 1648 1325 hac
1683 1288 1860 1326 ciuitate
1885 1302 1948 1326 re-

306 1356 512 1407 perimus.
540 1358 682 1407 Quem
708 1370 816 1396 vero
842 1357 1019 1396 modum
1051 1358 1091 1395 in
1129 1358 1328 1396 omnibus
1351 1364 1545 1406 teneant,
1581 1365 1623 1397 et
1645 1364 1852 1410 quantum
1885 1360 1949 1398 his

306 1428 601 1476 delectentur,
626 1428 680 1467 ad
702 1429 785 1466 alia
807 1429 1034 1476 festinans,
1061 1429 1271 1468 omittam.
1299 1429 1665 1481 Quandoquidem
1689 1431 1760 1481 qui
1790 1444 1867 1469 eos
1891 1432 1949 1470 vi-

306 1500 424 1546 deat,
449 1499 608 1550 aliquid
626 1498 765 1537 nostri
786 1498 976 1538 instituti
998 1499 1179 1538 eosdem
1202 1500 1426 1538 imbibisse
1450 1501 1637 1539 fateatur
1655 1514 1841 1541 necesse
1865 1508 1946 1541 est.

307 1571 416 1609 Nam
435 1571 489 1609 ad
506 1571 742 1622 ingenuam
762 1570 893 1610 animi
915 1571 1139 1619 virtutem,
1155 1584 1281 1622 quam
1299 1572 1413 1622 apud
1432 1585 1584 1610 omnes
1600 1586 1704 1623 prae
1723 1586 1769 1611 se
1787 1574 1946 1615 ferunt,

309 1647 476 1681 tantum
500 1642 652 1681 salutis
674 1641 913 1681 animarum
938 1642 1128 1681 studium
1150 1641 1337 1689 accedit,
1357 1649 1403 1681 vt
1420 1656 1467 1682 se
1483 1648 1575 1681 tum
1593 1644 1768 1682 demum
1792 1646 1946 1684 beatos

310 1726 410 1752 esse
432 1719 602 1764 putent,
628 1727 727 1752 cum
758 1713 913 1765 aliquis
937 1713 1050 1765 apud
1071 1726 1151 1752 nos
1180 1714 1462 1752 confessurus
1493 1727 1569 1766 per
1594 1728 1671 1753 eos
1702 1714 1946 1754 adducitur.

360 1796 398 1833 3.
476 1786 572 1824 Fuit
597 1799 650 1824 ex
673 1785 739 1824 his
761 1800 887 1833 vnus,
912 1786 985 1837 qui
1007 1799 1105 1824 cum
1128 1786 1378 1837 coniugem,
1402 1787 1575 1834 fratres,
1601 1787 1798 1837 quamuis
1829 1789 1949 1827 iuue-

307 1871 399 1905 nes,
425 1871 476 1896 ac
498 1862 723 1909 postremo
748 1863 917 1909 patrem
941 1855 994 1896 ad
1016 1857 1056 1895 id
1074 1857 1192 1908 quod
1209 1858 1301 1908 ipse
1324 1858 1492 1896 faceret
1515 1859 1567 1896 ab
1591 1859 1706 1897 omni
1729 1859 1811 1897 alia
1832 1860 1950 1911 cogi-

306 1930 475 1969 tatione
507 1929 699 1969 mirificis
736 1930 994 1980 quibusdam
1032 1930 1411 1968 cohortationibus
1447 1930 1730 1978 traduxisset,
1770 1945 1822 1970 eo
1860 1938 1950 1971 tan-

307 2001 406 2040 dem
430 2014 501 2040 res
523 2001 713 2040 adducta
746 2005 827 2047 est,
852 2006 899 2038 vt
920 2000 987 2039 his
1008 2013 1282 2052 nequaquam
1304 2005 1554 2048 contentus,
1580 2002 1633 2040 ad
1664 2003 1819 2041 altiora
1841 2003 1949 2054 aspi-

307 2072 425 2120 rarit,
450 2078 581 2123 atque
606 2072 687 2111 sibi
710 2073 922 2123 sanguine
955 2072 1215 2110 coniunctos
1245 2073 1331 2110 hoc
1362 2072 1521 2110 eodem
1553 2073 1681 2111 hamo
1718 2075 1950 2113 nonnullos⁴

307 2144 492 2194 ceperit;
515 2156 645 2195 quem
676 2149 846 2182 tantum
869 2143 994 2182 abest
1019 2148 1062 2181 vt
1094 2143 1255 2194 aliquid
1274 2143 1523 2182 huiusmodi
1544 2144 1723 2194 pudeat,
1748 2151 1793 2183 vt
1818 2146 1947 2184 etiam

308 2215 533 2254 cuiusdam
557 2215 720 2263 militis,
746 2214 819 2265 qui
839 2216 925 2253 hoc
948 2229 1071 2253 suum
1097 2214 1273 2252 viuendi
1304 2214 1548 2253 institutum
1584 2228 1669 2253 non
1701 2215 1760 2254 ita
1781 2215 1947 2267 pridem

308 2287 534 2333 illudebat,
559 2285 876 2337 impudentiam
899 2284 960 2324 sic
983 2285 1257 2336 represserit,
1286 2290 1329 2323 vt
1351 2299 1437 2324 non
1460 2286 1608 2333 modo,
1631 2286 1749 2337 quod
1766 2288 1946 2338 primum

308 2359 347 2398 in
372 2371 425 2397 eo
450 2358 700 2405 damnabat,
735 2358 881 2396 statim
913 2358 1084 2396 ratione
1107 2358 1247 2396 victus
1269 2363 1369 2407 post
1390 2358 1598 2407 probarit,
1624 2372 1778 2397 verum
1801 2360 1946 2406 etiam,

310 2430 380 2469 vbi
402 2431 540 2469 semel
563 2430 677 2480 apud
700 2429 888 2480 aliquem
913 2442 966 2467 ex
989 2430 1150 2468 nostris
1169 2429 1397 2468 confessus
1422 2436 1555 2476 esset,
1576 2443 1653 2468 sua
1675 2437 1831 2481 sponte
1850 2445 1948 2483 pro-

308 2503 475 2542 miserit
498 2503 613 2540 velle
636 2502 718 2540 sibi
742 2500 915 2552 saepius
946 2503 1057 2540 hanc
1093 2502 1327 2540 salutarem
1365 2501 1653 2540 confessionis
1690 2503 1947 2542 medicinam

307 2575 535 2617 adhibere,
575 2574 692 2624 quod
730 2580 773 2611 et
810 2572 1043 2624 praestitit3
1076 2578 1372 2624 quantumque
1394 2573 1476 2611 iam
1498 2586 1760 2624 progressus
1783 2575 1852 2622 sit,
1879 2575 1948 2613 vix

309 2644 394 2684 dici
415 2651 580 2696 potest3
605 2646 677 2695 qui
700 2645 972 2683 confessario
997 2644 1050 2682 sit
1073 2643 1370 2682 absoluendus
1388 2657 1543 2691 necne,
1564 2658 1778 2696 persaepe
1798 2647 1949 2694 5611111-

314 2719 460 2769 pulum
487 2717 636 2766 {niicitg
659 2721 809 2755 tantae
833 2721 900 2754 est
922 2715 1098 2766 pietatis
1122 2716 1310 2766 optimus
1333 2715 1609 2755 adolescens.

361 2801 398 2837 4.
460 2789 527 2827 Ab
552 2788 728 2835 eodem,
754 2800 883 2838 quern
905 2800 1008 2837 prae
1028 2787 1216 2825 caeteris
1239 2786 1463 2824 nominare
1482 2788 1716 2831 voluimus,
1739 2789 1870 2827 etiam
1893 2790 1949 2828 al-

356 2960 364 2979 ¹
417 2958 536 2996 Initio
554 2958 649 2995 anni
672 2957 762 2994 1559
782 2962 914 2993 rector
933 2955 1099 3002 collegii
1128 2955 1385 2992 ferrariensis
1414 2955 1576 2993 videtur
1603 2956 1728 2994 fuisse
1756 2958 1800 2995 P.
1830 2957 1950 3004 joan-

306 3031 380 3057 nes
399 3017 611 3061 Pelletier,
627 3017 695 3065 qui
714 3022 836 3054 antea
855 3015 1199 3062 superintendens
1214 3014 1360 3051 fuerat.
1383 3013 1507 3052 Pater
1523 3016 1631 3053 enim
1647 3014 1781 3054 Guido
1797 3018 1949 3063 Roilet‚

307 3078 375 3125 qui
402 3077 514 3125 prius
540 3090 612 3125 per
638 3077 802 3124 aliquod
831 3081 990 3123 tempus
1018 3075 1188 3112 rectoris
1212 3087 1360 3112 munus
1378 3075 1550 3120 obierat,
1573 3088 1679 3113 nunc
1698 3075 1950 3114 foroliviensi

308 3137 485 3186 collegio
505 3142 710 3186 praeerat.
733 3135 796 3175 cf.
817 3136 972 3174 Lainii
990 3135 1201 3182 Monum.,
1223 3134 1297 3181 IV,
1319 3133 1377 3180 47,
1397 3134 1479 3180 253,
1500 3135 1583 3178 311,
1603 3134 1685 3173 451.
