<?xml version="1.0" encoding="UTF-8"?>
<!DOCTYPE html PUBLIC "-//W3C//DTD XHTML 1.0 Transitional//EN"
    "http://www.w3.org/TR/xhtml1/DTD/xhtml1-transitional.dtd">
<html xmlns="http://www.w3.org/1999/xhtml" xml:lang="en" lang="en">
 <head>
  <title>
</title>
<meta http-equiv="Content-Type" content="text/html;charset=utf-8" />
  <meta name='ocr-system' content='tesseract 3.04.00' />
  <meta name='ocr-capabilities' content='ocr_page ocr_carea ocr_par ocr_line ocrx_word'/>
</head>
<body>
  <div class='ocr_page' id='page_1' title='image "./litteraequadrime18lain_0357.png"; bbox 0 0 2038 3400; ppageno 0'>
   <div class='ocr_carea' id='block_1_1' title="bbox 444 275 1626 316">
    <p class='ocr_par' dir='ltr' id='par_1_1' title="bbox 444 275 1626 316">
     <span class='ocr_line' id='line_1_1' title="bbox 444 275 1626 316; baseline -0.003 0"><span class='ocrx_word' id='word_1_1' title='bbox 444 276 769 316; x_wconf 71' lang='lat' dir='ltr'><strong>299.-C01.0N1A</strong></span> <span class='ocrx_word' id='word_1_2' title='bbox 800 276 843 314; x_wconf 81' lang='lat'>13</span> <span class='ocrx_word' id='word_1_3' title='bbox 871 275 1137 315; x_wconf 72' lang='lat' dir='ltr'>SEPTEMBRIS</span> <span class='ocrx_word' id='word_1_4' title='bbox 1168 276 1257 315; x_wconf 73' lang='lat'>1559</span> <span class='ocrx_word' id='word_1_5' title='bbox 1557 276 1626 314; x_wconf 71' lang='lat'>339</span> 
     </span>
    </p>
   </div>
   <div class='ocr_carea' id='block_1_2' title="bbox 49 378 1691 2780">
    <p class='ocr_par' dir='ltr' id='par_1_2' title="bbox 49 378 1679 1429">
     <span class='ocr_line' id='line_1_2' title="bbox 50 378 1673 432; baseline -0.002 -14"><span class='ocrx_word' id='word_1_6' title='bbox 50 381 128 419; x_wconf 82' lang='lat' dir='ltr'>bus</span> <span class='ocrx_word' id='word_1_7' title='bbox 150 380 396 432; x_wconf 81' lang='lat' dir='ltr'>proficiunt,</span> <span class='ocrx_word' id='word_1_8' title='bbox 422 379 624 418; x_wconf 80' lang='lat' dir='ltr'>catholici</span> <span class='ocrx_word' id='word_1_9' title='bbox 659 391 810 417; x_wconf 89' lang='lat' dir='ltr'>omnes</span> <span class='ocrx_word' id='word_1_10' title='bbox 832 384 946 426; x_wconf 88' lang='lat' dir='ltr'>sunt,</span> <span class='ocrx_word' id='word_1_11' title='bbox 970 379 1159 417; x_wconf 82' lang='lat' dir='ltr'>libenter</span> <span class='ocrx_word' id='word_1_12' title='bbox 1191 391 1336 417; x_wconf 86' lang='lat' dir='ltr'>sacras</span> <span class='ocrx_word' id='word_1_13' title='bbox 1357 378 1572 416; x_wconf 79' lang='lat' dir='ltr'>lectiones</span> <span class='ocrx_word' id='word_1_14' title='bbox 1602 391 1673 415; x_wconf 90' lang='lat' dir='ltr'>au-</span> 
     </span>
     <span class='ocr_line' id='line_1_3' title="bbox 50 449 1675 503; baseline -0.003 -12"><span class='ocrx_word' id='word_1_15' title='bbox 50 453 186 500; x_wconf 89' lang='lat' dir='ltr'>diunt,</span> <span class='ocrx_word' id='word_1_16' title='bbox 211 454 368 491; x_wconf 87' lang='lat' dir='ltr'>missae</span> <span class='ocrx_word' id='word_1_17' title='bbox 390 451 585 503; x_wconf 86' lang='lat' dir='ltr'>quotidie</span> <span class='ocrx_word' id='word_1_18' title='bbox 610 455 653 489; x_wconf 90' lang='lat' dir='ltr'>et</span> <span class='ocrx_word' id='word_1_19' title='bbox 675 450 850 502; x_wconf 88' lang='lat' dir='ltr'>quidem</span> <span class='ocrx_word' id='word_1_20' title='bbox 869 450 995 488; x_wconf 88' lang='lat' dir='ltr'>flexis</span> <span class='ocrx_word' id='word_1_21' title='bbox 1014 450 1199 501; x_wconf 82' lang='lat' dir='ltr'>genibus</span> <span class='ocrx_word' id='word_1_22' title='bbox 1221 450 1451 496; x_wconf 79' lang='lat' dir='ltr'>intersunt,</span> <span class='ocrx_word' id='word_1_23' title='bbox 1475 449 1675 499; x_wconf 77' lang='lat' dir='ltr'>frequen-</span> 
     </span>
     <span class='ocr_line' id='line_1_4' title="bbox 49 519 1674 569; baseline -0.003 -7"><span class='ocrx_word' id='word_1_24' title='bbox 49 529 116 562; x_wconf 91' lang='lat' dir='ltr'>ter</span> <span class='ocrx_word' id='word_1_25' title='bbox 148 523 413 562; x_wconf 89' lang='lat' dir='ltr'>confitentur</span> <span class='ocrx_word' id='word_1_26' title='bbox 436 528 479 561; x_wconf 90' lang='lat' dir='ltr'>et</span> <span class='ocrx_word' id='word_1_27' title='bbox 502 521 840 569; x_wconf 89' lang='lat' dir='ltr'>communicant,</span> <span class='ocrx_word' id='word_1_28' title='bbox 866 526 1018 560; x_wconf 86' lang='lat' dir='ltr'>contra</span> <span class='ocrx_word' id='word_1_29' title='bbox 1052 521 1303 560; x_wconf 86' lang='lat' dir='ltr'>haereticos</span> <span class='ocrx_word' id='word_1_30' title='bbox 1325 520 1378 559; x_wconf 91' lang='lat' dir='ltr'>ad</span> <span class='ocrx_word' id='word_1_31' title='bbox 1409 519 1674 559; x_wconf 82' lang='lat' dir='ltr'>liberandam</span> 
     </span>
     <span class='ocr_line' id='line_1_5' title="bbox 50 591 1675 647; baseline -0.004 -13"><span class='ocrx_word' id='word_1_32' title='bbox 50 597 230 647; x_wconf 90' lang='lat' dir='ltr'>patriam</span> <span class='ocrx_word' id='word_1_33' title='bbox 248 607 347 635; x_wconf 88' lang='lat' dir='ltr'>sese</span> <span class='ocrx_word' id='word_1_34' title='bbox 364 599 529 646; x_wconf 89' lang='lat' dir='ltr'>parant.</span> <span class='ocrx_word' id='word_1_35' title='bbox 550 595 596 632; x_wconf 90' lang='lat' dir='ltr'>In</span> <span class='ocrx_word' id='word_1_36' title='bbox 614 595 727 632; x_wconf 84' lang='lat' dir='ltr'>testo</span> <span class='ocrx_word' id='word_1_37' title='bbox 746 593 1054 644; x_wconf 81' lang='lat' dir='ltr'>assumptionis</span> <span class='ocrx_word' id='word_1_38' title='bbox 1072 592 1199 631; x_wconf 88' lang='lat' dir='ltr'>diuae</span> <span class='ocrx_word' id='word_1_39' title='bbox 1217 592 1378 631; x_wconf 90' lang='lat' dir='ltr'>Mariae</span> <span class='ocrx_word' id='word_1_40' title='bbox 1396 604 1568 642; x_wconf 87' lang='lat' dir='ltr'>semper</span> <span class='ocrx_word' id='word_1_41' title='bbox 1584 591 1675 629; x_wconf 88' lang='lat' dir='ltr'>Vir-</span> 
     </span>
     <span class='ocr_line' id='line_1_6' title="bbox 49 664 1676 718; baseline -0.004 -12"><span class='ocrx_word' id='word_1_42' title='bbox 49 668 161 718; x_wconf 81' lang='lat' dir='ltr'>ginis</span> <span class='ocrx_word' id='word_1_43' title='bbox 182 666 370 718; x_wconf 88' lang='lat' dir='ltr'>(quando</span> <span class='ocrx_word' id='word_1_44' title='bbox 393 667 529 717; x_wconf 92' lang='lat' dir='ltr'>primo</span> <span class='ocrx_word' id='word_1_45' title='bbox 552 667 594 703; x_wconf 91' lang='lat' dir='ltr'>in</span> <span class='ocrx_word' id='word_1_46' title='bbox 624 678 740 704; x_wconf 87' lang='lat' dir='ltr'>nouo</span> <span class='ocrx_word' id='word_1_47' title='bbox 771 670 923 703; x_wconf 84' lang='lat' dir='ltr'>nostro</span> <span class='ocrx_word' id='word_1_48' title='bbox 945 671 964 690; x_wconf 83' lang='lat' dir='ltr'>a</span> <span class='ocrx_word' id='word_1_49' title='bbox 986 664 1148 702; x_wconf 87' lang='lat' dir='ltr'>sacello</span> <span class='ocrx_word' id='word_1_50' title='bbox 1171 664 1441 702; x_wconf 87' lang='lat' dir='ltr'>celebratum</span> <span class='ocrx_word' id='word_1_51' title='bbox 1466 664 1565 712; x_wconf 89' lang='lat' dir='ltr'>est),</span> <span class='ocrx_word' id='word_1_52' title='bbox 1589 668 1676 701; x_wconf 85' lang='lat' dir='ltr'>tam</span> 
     </span>
     <span class='ocr_line' id='line_1_7' title="bbox 51 733 1676 789; baseline -0.004 -11"><span class='ocrx_word' id='word_1_53' title='bbox 51 739 173 778; x_wconf 90' lang='lat' dir='ltr'>multi</span> <span class='ocrx_word' id='word_1_54' title='bbox 193 743 378 789; x_wconf 87' lang='lat' dir='ltr'>peccata</span> <span class='ocrx_word' id='word_1_55' title='bbox 397 750 473 776; x_wconf 89' lang='lat' dir='ltr'>sua</span> <span class='ocrx_word' id='word_1_56' title='bbox 496 738 687 776; x_wconf 80' lang='lat' dir='ltr'>confessi</span> <span class='ocrx_word' id='word_1_57' title='bbox 711 742 824 784; x_wconf 89' lang='lat' dir='ltr'>sunt,</span> <span class='ocrx_word' id='word_1_58' title='bbox 849 740 894 774; x_wconf 90' lang='lat' dir='ltr'>ut</span> <span class='ocrx_word' id='word_1_59' title='bbox 916 748 993 787; x_wconf 91' lang='lat' dir='ltr'>per</span> <span class='ocrx_word' id='word_1_60' title='bbox 1020 736 1239 787; x_wconf 88' lang='lat' dir='ltr'>integrum</span> <span class='ocrx_word' id='word_1_61' title='bbox 1261 734 1450 774; x_wconf 89' lang='lat' dir='ltr'>triduum</span> <span class='ocrx_word' id='word_1_62' title='bbox 1473 733 1676 773; x_wconf 86' lang='lat' dir='ltr'>sacerdo-</span> 
     </span>
     <span class='ocr_line' id='line_1_8' title="bbox 51 803 1678 862; baseline -0.005 -13"><span class='ocrx_word' id='word_1_63' title='bbox 51 816 119 849; x_wconf 87' lang='lat' dir='ltr'>tes</span> <span class='ocrx_word' id='word_1_64' title='bbox 142 810 330 862; x_wconf 92' lang='lat' dir='ltr'>quinque</span> <span class='ocrx_word' id='word_1_65' title='bbox 351 808 393 847; x_wconf 90' lang='lat' dir='ltr'>in</span> <span class='ocrx_word' id='word_1_66' title='bbox 423 809 476 859; x_wconf 91' lang='lat' dir='ltr'>ijs</span> <span class='ocrx_word' id='word_1_67' title='bbox 498 806 728 847; x_wconf 89' lang='lat' dir='ltr'>audiendis</span> <span class='ocrx_word' id='word_1_68' title='bbox 751 806 955 858; x_wconf 89' lang='lat' dir='ltr'>occupati</span> <span class='ocrx_word' id='word_1_69' title='bbox 976 806 1152 845; x_wconf 88' lang='lat' dir='ltr'>fuerint.</span> <span class='ocrx_word' id='word_1_70' title='bbox 1179 804 1300 844; x_wconf 92' lang='lat' dir='ltr'>Multi</span> <span class='ocrx_word' id='word_1_71' title='bbox 1322 806 1501 857; x_wconf 88' lang='lat' dir='ltr'>singulis</span> <span class='ocrx_word' id='word_1_72' title='bbox 1523 803 1678 843; x_wconf 90' lang='lat' dir='ltr'>mensi-</span> 
     </span>
     <span class='ocr_line' id='line_1_9' title="bbox 53 876 1677 930; baseline -0.003 -11"><span class='ocrx_word' id='word_1_73' title='bbox 53 883 146 929; x_wconf 89' lang='lat' dir='ltr'>bus,</span> <span class='ocrx_word' id='word_1_74' title='bbox 185 880 307 919; x_wconf 89' lang='lat' dir='ltr'>multi</span> <span class='ocrx_word' id='word_1_75' title='bbox 341 880 512 919; x_wconf 88' lang='lat' dir='ltr'>decimo</span> <span class='ocrx_word' id='word_1_76' title='bbox 545 880 696 930; x_wconf 87' lang='lat' dir='ltr'>quinto</span> <span class='ocrx_word' id='word_1_77' title='bbox 734 878 946 929; x_wconf 87' lang='lat' dir='ltr'>quoqueb</span> <span class='ocrx_word' id='word_1_78' title='bbox 977 877 1064 925; x_wconf 87' lang='lat' dir='ltr'>die,</span> <span class='ocrx_word' id='word_1_79' title='bbox 1089 878 1210 915; x_wconf 88' lang='lat' dir='ltr'>multi</span> <span class='ocrx_word' id='word_1_80' title='bbox 1235 883 1393 916; x_wconf 91' lang='lat' dir='ltr'>octauo</span> <span class='ocrx_word' id='word_1_81' title='bbox 1412 877 1482 916; x_wconf 87' lang='lat' dir='ltr'>die</span> <span class='ocrx_word' id='word_1_82' title='bbox 1514 876 1677 915; x_wconf 90' lang='lat' dir='ltr'>deuote</span> 
     </span>
     <span class='ocr_line' id='line_1_10' title="bbox 52 947 1678 1001; baseline -0.004 -11"><span class='ocrx_word' id='word_1_83' title='bbox 52 951 388 999; x_wconf 88' lang='lat' dir='ltr'>communicant,</span> <span class='ocrx_word' id='word_1_84' title='bbox 411 963 595 1001; x_wconf 90' lang='lat' dir='ltr'>quorum</span> <span class='ocrx_word' id='word_1_85' title='bbox 617 949 811 988; x_wconf 89' lang='lat' dir='ltr'>nonnulli</span> <span class='ocrx_word' id='word_1_86' title='bbox 829 954 930 988; x_wconf 90' lang='lat' dir='ltr'>ante</span> <span class='ocrx_word' id='word_1_87' title='bbox 947 961 971 986; x_wconf 90' lang='lat' dir='ltr'>a</span> <span class='ocrx_word' id='word_1_88' title='bbox 993 947 1272 986; x_wconf 85' lang='lat' dir='ltr'>confessione</span> <span class='ocrx_word' id='word_1_89' title='bbox 1289 948 1464 998; x_wconf 82' lang='lat' dir='ltr'>penitus</span> <span class='ocrx_word' id='word_1_90' title='bbox 1486 954 1503 972; x_wconf 77' lang='lat'>‘³</span> <span class='ocrx_word' id='word_1_91' title='bbox 1524 947 1678 985; x_wconf 86' lang='lat' dir='ltr'>abhor-</span> 
     </span>
     <span class='ocr_line' id='line_1_11' title="bbox 54 1018 1679 1071; baseline -0.004 -10"><span class='ocrx_word' id='word_1_92' title='bbox 54 1024 221 1061; x_wconf 81' lang='lat' dir='ltr'>rebant.</span> <span class='ocrx_word' id='word_1_93' title='bbox 247 1023 312 1061; x_wconf 93' lang='lat' dir='ltr'>De</span> <span class='ocrx_word' id='word_1_94' title='bbox 335 1020 570 1060; x_wconf 80' lang='lat' dir='ltr'>extraneis</span> <span class='ocrx_word' id='word_1_95' title='bbox 591 1020 610 1046; x_wconf 76' lang='lat'>‘¹</span> <span class='ocrx_word' id='word_1_96' title='bbox 632 1021 802 1071; x_wconf 86' lang='lat' dir='ltr'>loquor,</span> <span class='ocrx_word' id='word_1_97' title='bbox 839 1032 937 1058; x_wconf 82' lang='lat' dir='ltr'>nam</span> <span class='ocrx_word' id='word_1_98' title='bbox 971 1018 1178 1057; x_wconf 73' lang='lat' dir='ltr'>intranei</span> <span class='ocrx_word' id='word_1_99' title='bbox 1197 1025 1231 1066; x_wconf 64' lang='grc' dir='ltr'>θ,</span> <span class='ocrx_word' id='word_1_100' title='bbox 1264 1019 1366 1057; x_wconf 86' lang='lat' dir='ltr'>licet</span> <span class='ocrx_word' id='word_1_101' title='bbox 1399 1018 1679 1057; x_wconf 87' lang='lat' dir='ltr'>conuictores</span> 
     </span>
     <span class='ocr_line' id='line_1_12' title="bbox 52 1089 1678 1144; baseline -0.002 -14"><span class='ocrx_word' id='word_1_102' title='bbox 52 1098 219 1133; x_wconf 89' lang='lat' dir='ltr'>tantum</span> <span class='ocrx_word' id='word_1_103' title='bbox 242 1093 340 1140; x_wconf 89' lang='lat' dir='ltr'>sint,</span> <span class='ocrx_word' id='word_1_104' title='bbox 365 1093 497 1144; x_wconf 88' lang='lat' dir='ltr'>longe</span> <span class='ocrx_word' id='word_1_105' title='bbox 527 1092 710 1142; x_wconf 85' lang='lat' dir='ltr'>amplius</span> <span class='ocrx_word' id='word_1_106' title='bbox 745 1097 891 1129; x_wconf 89' lang='lat' dir='ltr'>tamen</span> <span class='ocrx_word' id='word_1_107' title='bbox 921 1091 1173 1142; x_wconf 88' lang='lat' dir='ltr'>proficiunt,</span> <span class='ocrx_word' id='word_1_108' title='bbox 1213 1095 1256 1129; x_wconf 88' lang='lat' dir='ltr'>et</span> <span class='ocrx_word' id='word_1_109' title='bbox 1286 1091 1427 1141; x_wconf 89' lang='lat' dir='ltr'>pauci,</span> <span class='ocrx_word' id='word_1_110' title='bbox 1460 1094 1532 1127; x_wconf 89' lang='lat' dir='ltr'>aut</span> <span class='ocrx_word' id='word_1_111' title='bbox 1564 1089 1678 1127; x_wconf 89' lang='lat' dir='ltr'>forte</span> 
     </span>
     <span class='ocr_line' id='line_1_13' title="bbox 54 1161 1678 1215; baseline -0.004 -11"><span class='ocrx_word' id='word_1_112' title='bbox 54 1166 157 1204; x_wconf 89' lang='lat' dir='ltr'>nulli</span> <span class='ocrx_word' id='word_1_113' title='bbox 179 1169 292 1212; x_wconf 89' lang='lat' dir='ltr'>sunt,</span> <span class='ocrx_word' id='word_1_114' title='bbox 317 1164 421 1215; x_wconf 84' lang='lat' dir='ltr'>quin</span> <span class='ocrx_word' id='word_1_115' title='bbox 445 1164 456 1188; x_wconf 78' lang='lat' dir='ltr'>f</span> <span class='ocrx_word' id='word_1_116' title='bbox 478 1163 657 1215; x_wconf 85' lang='lat' dir='ltr'>singulis</span> <span class='ocrx_word' id='word_1_117' title='bbox 681 1163 933 1213; x_wconf 89' lang='lat' dir='ltr'>septimanis</span> <span class='ocrx_word' id='word_1_118' title='bbox 953 1168 1137 1213; x_wconf 88' lang='lat' dir='ltr'>peccata</span> <span class='ocrx_word' id='word_1_119' title='bbox 1159 1175 1236 1200; x_wconf 91' lang='lat' dir='ltr'>sua</span> <span class='ocrx_word' id='word_1_120' title='bbox 1258 1162 1567 1207; x_wconf 82' lang='lat' dir='ltr'>confiteantur,</span> <span class='ocrx_word' id='word_1_121' title='bbox 1591 1161 1678 1198; x_wconf 87' lang='lat' dir='ltr'>imo</span> 
     </span>
     <span class='ocr_line' id='line_1_14' title="bbox 54 1232 1678 1284; baseline -0.004 -9"><span class='ocrx_word' id='word_1_122' title='bbox 54 1242 97 1275; x_wconf 90' lang='lat' dir='ltr'>et</span> <span class='ocrx_word' id='word_1_123' title='bbox 118 1236 226 1275; x_wconf 86' lang='lat' dir='ltr'>alios</span> <span class='ocrx_word' id='word_1_124' title='bbox 247 1236 301 1275; x_wconf 90' lang='lat' dir='ltr'>ad</span> <span class='ocrx_word' id='word_1_125' title='bbox 323 1234 649 1275; x_wconf 86' lang='lat' dir='ltr'>confessionem</span> <span class='ocrx_word' id='word_1_126' title='bbox 671 1246 820 1272; x_wconf 89' lang='lat' dir='ltr'>secum</span> <span class='ocrx_word' id='word_1_127' title='bbox 842 1234 1113 1284; x_wconf 88' lang='lat' dir='ltr'>pertrahunt.</span> <span class='ocrx_word' id='word_1_128' title='bbox 1138 1233 1247 1272; x_wconf 87' lang='lat' dir='ltr'>Sunt</span> <span class='ocrx_word' id='word_1_129' title='bbox 1277 1245 1408 1283; x_wconf 90' lang='lat' dir='ltr'>porro</span> <span class='ocrx_word' id='word_1_130' title='bbox 1446 1232 1525 1270; x_wconf 90' lang='lat' dir='ltr'>sub</span> <span class='ocrx_word' id='word_1_131' title='bbox 1557 1236 1678 1269; x_wconf 87' lang='lat' dir='ltr'>tecto</span> 
     </span>
     <span class='ocr_line' id='line_1_15' title="bbox 53 1303 1677 1356; baseline -0.004 -10"><span class='ocrx_word' id='word_1_132' title='bbox 53 1314 204 1347; x_wconf 86' lang='lat' dir='ltr'>nostro</span> <span class='ocrx_word' id='word_1_133' title='bbox 228 1313 402 1346; x_wconf 89' lang='lat' dir='ltr'>centum</span> <span class='ocrx_word' id='word_1_134' title='bbox 427 1311 470 1345; x_wconf 90' lang='lat' dir='ltr'>et</span> <span class='ocrx_word' id='word_1_135' title='bbox 492 1305 742 1353; x_wconf 88' lang='lat' dir='ltr'>duodecim,</span> <span class='ocrx_word' id='word_1_136' title='bbox 766 1309 838 1343; x_wconf 91' lang='lat' dir='ltr'>aut</span> <span class='ocrx_word' id='word_1_137' title='bbox 870 1305 999 1355; x_wconf 91' lang='lat' dir='ltr'>paulo</span> <span class='ocrx_word' id='word_1_138' title='bbox 1021 1305 1182 1356; x_wconf 90' lang='lat' dir='ltr'>plures.</span> <span class='ocrx_word' id='word_1_139' title='bbox 1208 1303 1373 1342; x_wconf 91' lang='lat' dir='ltr'>Omnes</span> <span class='ocrx_word' id='word_1_140' title='bbox 1404 1303 1547 1341; x_wconf 85' lang='lat' dir='ltr'>bonae</span> <span class='ocrx_word' id='word_1_141' title='bbox 1579 1307 1677 1340; x_wconf 88' lang='lat' dir='ltr'>sunt</span> 
     </span>
     <span class='ocr_line' id='line_1_16' title="bbox 55 1375 1316 1429; baseline -0.003 -11"><span class='ocrx_word' id='word_1_142' title='bbox 55 1380 226 1427; x_wconf 87' lang='lat' dir='ltr'>indolis,</span> <span class='ocrx_word' id='word_1_143' title='bbox 250 1379 372 1418; x_wconf 90' lang='lat' dir='ltr'>multi</span> <span class='ocrx_word' id='word_1_144' title='bbox 395 1391 449 1417; x_wconf 86' lang='lat' dir='ltr'>ex</span> <span class='ocrx_word' id='word_1_145' title='bbox 466 1378 533 1417; x_wconf 91' lang='lat' dir='ltr'>his</span> <span class='ocrx_word' id='word_1_146' title='bbox 556 1377 727 1429; x_wconf 86' lang='lat' dir='ltr'>egregij</span> <span class='ocrx_word' id='word_1_147' title='bbox 751 1376 988 1415; x_wconf 87' lang='lat' dir='ltr'>Societatis</span> <span class='ocrx_word' id='word_1_148' title='bbox 1009 1376 1170 1415; x_wconf 84' lang='lat' dir='ltr'>alumni</span> <span class='ocrx_word' id='word_1_149' title='bbox 1191 1375 1316 1414; x_wconf 83' lang='lat' dir='ltr'>fiunt.</span> 
     </span>
    </p>

    <p class='ocr_par' dir='ltr' id='par_1_3' title="bbox 54 1446 1691 2780">
     <span class='ocr_line' id='line_1_17' title="bbox 109 1446 1681 1499; baseline -0.004 -9"><span class='ocrx_word' id='word_1_150' title='bbox 109 1462 146 1499; x_wconf 90' lang='lat'>3.</span> <span class='ocrx_word' id='word_1_151' title='bbox 209 1451 367 1490; x_wconf 90' lang='lat' dir='ltr'>Sumus</span> <span class='ocrx_word' id='word_1_152' title='bbox 389 1451 503 1489; x_wconf 89' lang='lat' dir='ltr'>enim</span> <span class='ocrx_word' id='word_1_153' title='bbox 524 1450 608 1488; x_wconf 90' lang='lat' dir='ltr'>iam</span> <span class='ocrx_word' id='word_1_154' title='bbox 630 1450 672 1487; x_wconf 91' lang='lat' dir='ltr'>in</span> <span class='ocrx_word' id='word_1_155' title='bbox 689 1449 917 1487; x_wconf 85' lang='lat' dir='ltr'>Societate</span> <span class='ocrx_word' id='word_1_156' title='bbox 939 1449 1009 1486; x_wconf 88' lang='lat' dir='ltr'>hic</span> <span class='ocrx_word' id='word_1_157' title='bbox 1031 1447 1159 1486; x_wconf 87' lang='lat' dir='ltr'>valde</span> <span class='ocrx_word' id='word_1_158' title='bbox 1182 1446 1320 1486; x_wconf 90' lang='lat' dir='ltr'>multi.</span> <span class='ocrx_word' id='word_1_159' title='bbox 1345 1447 1408 1485; x_wconf 90' lang='lat' dir='ltr'>Ex</span> <span class='ocrx_word' id='word_1_160' title='bbox 1431 1446 1497 1484; x_wconf 88' lang='lat' dir='ltr'>his</span> <span class='ocrx_word' id='word_1_161' title='bbox 1518 1458 1543 1484; x_wconf 91' lang='lat' dir='ltr'>a</span> <span class='ocrx_word' id='word_1_162' title='bbox 1564 1458 1681 1484; x_wconf 92' lang='lat' dir='ltr'>men-</span> 
     </span>
     <span class='ocr_line' id='line_1_18' title="bbox 55 1517 1682 1571; baseline -0.004 -9"><span class='ocrx_word' id='word_1_163' title='bbox 55 1537 102 1562; x_wconf 89' lang='lat' dir='ltr'>se</span> <span class='ocrx_word' id='word_1_164' title='bbox 125 1523 278 1562; x_wconf 88' lang='lat' dir='ltr'>Martio</span> <span class='ocrx_word' id='word_1_165' title='bbox 300 1530 322 1556; x_wconf 66' lang='lat' dir='ltr'>g</span> <span class='ocrx_word' id='word_1_166' title='bbox 343 1522 545 1562; x_wconf 86' lang='lat' dir='ltr'>vndecim</span> <span class='ocrx_word' id='word_1_167' title='bbox 566 1522 608 1559; x_wconf 90' lang='lat' dir='ltr'>in</span> <span class='ocrx_word' id='word_1_168' title='bbox 631 1533 726 1559; x_wconf 90' lang='lat' dir='ltr'>eam</span> <span class='ocrx_word' id='word_1_169' title='bbox 747 1520 935 1571; x_wconf 84' lang='lat' dir='ltr'>ingressi</span> <span class='ocrx_word' id='word_1_170' title='bbox 966 1525 1080 1559; x_wconf 85' lang='lat' dir='ltr'>sunt.</span> <span class='ocrx_word' id='word_1_171' title='bbox 1104 1520 1158 1558; x_wconf 91' lang='lat' dir='ltr'>Hi</span> <span class='ocrx_word' id='word_1_172' title='bbox 1189 1531 1304 1557; x_wconf 90' lang='lat' dir='ltr'>nunc</span> <span class='ocrx_word' id='word_1_173' title='bbox 1334 1531 1532 1557; x_wconf 80' lang='lat' dir='ltr'>seorsum</span> <span class='ocrx_word' id='word_1_174' title='bbox 1563 1517 1682 1556; x_wconf 90' lang='lat' dir='ltr'>habi-</span> 
     </span>
     <span class='ocr_line' id='line_1_19' title="bbox 54 1589 1681 1645; baseline -0.004 -12"><span class='ocrx_word' id='word_1_175' title='bbox 54 1600 162 1635; x_wconf 87' lang='lat' dir='ltr'>tant.</span> <span class='ocrx_word' id='word_1_176' title='bbox 187 1595 270 1634; x_wconf 88' lang='lat' dir='ltr'>Diu</span> <span class='ocrx_word' id='word_1_177' title='bbox 293 1594 406 1633; x_wconf 90' lang='lat' dir='ltr'>enirn</span> <span class='ocrx_word' id='word_1_178' title='bbox 428 1599 617 1645; x_wconf 89' lang='lat' dir='ltr'>sperata,</span> <span class='ocrx_word' id='word_1_179' title='bbox 641 1591 818 1630; x_wconf 88' lang='lat' dir='ltr'>tandem</span> <span class='ocrx_word' id='word_1_180' title='bbox 841 1591 957 1630; x_wconf 87' lang='lat' dir='ltr'>facta</span> <span class='ocrx_word' id='word_1_181' title='bbox 979 1596 1046 1629; x_wconf 91' lang='lat' dir='ltr'>est</span> <span class='ocrx_word' id='word_1_182' title='bbox 1068 1591 1247 1629; x_wconf 87' lang='lat' dir='ltr'>fratrum</span> <span class='ocrx_word' id='word_1_183' title='bbox 1271 1590 1290 1614; x_wconf 73' lang='lat'>¹¹</span> <span class='ocrx_word' id='word_1_184' title='bbox 1314 1595 1356 1628; x_wconf 90' lang='lat' dir='ltr'>et</span> <span class='ocrx_word' id='word_1_185' title='bbox 1379 1589 1681 1628; x_wconf 89' lang='lat' dir='ltr'>conuictorum</span> 
     </span>
     <span class='ocr_line' id='line_1_20' title="bbox 63 1660 1684 1717; baseline -0.004 -12"><span class='ocrx_word' id='word_1_186' title='bbox 63 1666 297 1717; x_wconf 50' lang='lat' dir='ltr'>separatio.</span> <span class='ocrx_word' id='word_1_187' title='bbox 322 1666 432 1704; x_wconf 90' lang='lat' dir='ltr'>Tres</span> <span class='ocrx_word' id='word_1_188' title='bbox 454 1665 552 1703; x_wconf 92' lang='lat' dir='ltr'>illae</span> <span class='ocrx_word' id='word_1_189' title='bbox 575 1663 745 1711; x_wconf 89' lang='lat' dir='ltr'>domus,</span> <span class='ocrx_word' id='word_1_190' title='bbox 769 1675 877 1713; x_wconf 88' lang='lat' dir='ltr'>quas</span> <span class='ocrx_word' id='word_1_191' title='bbox 909 1662 961 1700; x_wconf 95' lang='lat' dir='ltr'>D.</span> <span class='ocrx_word' id='word_1_192' title='bbox 997 1662 1185 1701; x_wconf 85' lang='lat' dir='ltr'>Ioannes</span> <span class='ocrx_word' id='word_1_193' title='bbox 1215 1674 1240 1700; x_wconf 88' lang='lat' dir='ltr'>a</span> <span class='ocrx_word' id='word_1_194' title='bbox 1269 1661 1451 1712; x_wconf 86' lang='lat' dir='ltr'>Lynden</span> <span class='ocrx_word' id='word_1_195' title='bbox 1471 1660 1684 1699; x_wconf 88' lang='lat' dir='ltr'>Societati</span> 
     </span>
     <span class='ocr_line' id='line_1_21' title="bbox 62 1733 1689 1787; baseline -0.004 -11"><span class='ocrx_word' id='word_1_196' title='bbox 62 1738 181 1786; x_wconf 88' lang='lat' dir='ltr'>emit,</span> <span class='ocrx_word' id='word_1_197' title='bbox 210 1750 326 1776; x_wconf 90' lang='lat' dir='ltr'>nunc</span> <span class='ocrx_word' id='word_1_198' title='bbox 347 1737 407 1775; x_wconf 91' lang='lat' dir='ltr'>ita</span> <span class='ocrx_word' id='word_1_199' title='bbox 426 1739 712 1787; x_wconf 87' lang='lat' dir='ltr'>praeparatae</span> <span class='ocrx_word' id='word_1_200' title='bbox 734 1740 848 1782; x_wconf 85' lang='lat' dir='ltr'>sunt,</span> <span class='ocrx_word' id='word_1_201' title='bbox 874 1740 919 1772; x_wconf 88' lang='lat' dir='ltr'>ut</span> <span class='ocrx_word' id='word_1_202' title='bbox 942 1733 1205 1772; x_wconf 87' lang='lat' dir='ltr'>sufficientia</span> <span class='ocrx_word' id='word_1_203' title='bbox 1226 1734 1268 1771; x_wconf 93' lang='lat' dir='ltr'>in</span> <span class='ocrx_word' id='word_1_204' title='bbox 1290 1733 1342 1783; x_wconf 90' lang='lat' dir='ltr'>ijs</span> <span class='ocrx_word' id='word_1_205' title='bbox 1364 1733 1446 1771; x_wconf 84' lang='lat' dir='ltr'>sint</span> <span class='ocrx_word' id='word_1_206' title='bbox 1469 1733 1689 1771; x_wconf 34' lang='lat' dir='ltr'>cubicula..</span> 
     </span>
     <span class='ocr_line' id='line_1_22' title="bbox 58 1803 1682 1856; baseline -0.004 -9"><span class='ocrx_word' id='word_1_207' title='bbox 58 1811 103 1848; x_wconf 87' lang='lat' dir='ltr'>ln</span> <span class='ocrx_word' id='word_1_208' title='bbox 133 1810 199 1847; x_wconf 85' lang='lat' dir='ltr'>his</span> <span class='ocrx_word' id='word_1_209' title='bbox 234 1820 348 1847; x_wconf 90' lang='lat' dir='ltr'>nunc</span> <span class='ocrx_word' id='word_1_210' title='bbox 376 1807 533 1846; x_wconf 88' lang='lat' dir='ltr'>fratres</span> <span class='ocrx_word' id='word_1_211' title='bbox 563 1806 774 1853; x_wconf 87' lang='lat' dir='ltr'>habitant,</span> <span class='ocrx_word' id='word_1_212' title='bbox 812 1805 933 1856; x_wconf 88' lang='lat' dir='ltr'>quasi</span> <span class='ocrx_word' id='word_1_213' title='bbox 963 1805 1004 1843; x_wconf 90' lang='lat' dir='ltr'>in</span> <span class='ocrx_word' id='word_1_214' title='bbox 1026 1803 1211 1856; x_wconf 88' lang='lat' dir='ltr'>quadam</span> <span class='ocrx_word' id='word_1_215' title='bbox 1242 1803 1512 1856; x_wconf 87' lang='lat' dir='ltr'>probationis</span> <span class='ocrx_word' id='word_1_216' title='bbox 1533 1803 1682 1842; x_wconf 88' lang='lat' dir='ltr'>domo.</span> 
     </span>
     <span class='ocr_line' id='line_1_23' title="bbox 58 1874 1684 1919; baseline -0.005 0"><span class='ocrx_word' id='word_1_217' title='bbox 58 1881 122 1919; x_wconf 80' lang='lat' dir='ltr'>Ac</span> <span class='ocrx_word' id='word_1_218' title='bbox 155 1880 309 1918; x_wconf 87' lang='lat' dir='ltr'>melius</span> <span class='ocrx_word' id='word_1_219' title='bbox 344 1878 488 1917; x_wconf 86' lang='lat' dir='ltr'>adhuc</span> <span class='ocrx_word' id='word_1_220' title='bbox 524 1876 668 1916; x_wconf 91' lang='lat' dir='ltr'>omnia</span> <span class='ocrx_word' id='word_1_221' title='bbox 702 1875 1121 1915; x_wconf 90' lang='lat' dir='ltr'>accomodabuntur.</span> <span class='ocrx_word' id='word_1_222' title='bbox 1160 1877 1342 1913; x_wconf 88' lang='lat' dir='ltr'>Praeest</span> <span class='ocrx_word' id='word_1_223' title='bbox 1382 1874 1440 1913; x_wconf 89' lang='lat' dir='ltr'>ibi</span> <span class='ocrx_word' id='word_1_224' title='bbox 1481 1874 1684 1913; x_wconf 76' lang='lat' dir='ltr'>fratribus</span> 
     </span>
     <span class='ocr_line' id='line_1_24' title="bbox 57 1945 1683 2003; baseline -0.005 -12"><span class='ocrx_word' id='word_1_225' title='bbox 57 1964 229 2003; x_wconf 78' lang='lat' dir='ltr'>magno</span> <span class='ocrx_word' id='word_1_226' title='bbox 261 1964 362 1990; x_wconf 76' lang='lat' dir='ltr'>cum</span> <span class='ocrx_word' id='word_1_227' title='bbox 390 1950 557 2002; x_wconf 76' lang='lat' dir='ltr'>fructu</span> <span class='ocrx_word' id='word_1_228' title='bbox 594 1949 649 1987; x_wconf 91' lang='lat' dir='ltr'>M.</span> <span class='ocrx_word' id='word_1_229' title='bbox 688 1948 945 1987; x_wconf 87' lang='lat' dir='ltr'>Franciscus</span> <span class='ocrx_word' id='word_1_230' title='bbox 982 1949 1209 1987; x_wconf 89' lang='lat' dir='ltr'>Costerus.</span> <span class='ocrx_word' id='word_1_231' title='bbox 1249 1946 1401 1984; x_wconf 91' lang='lat' dir='ltr'>Mirum</span> <span class='ocrx_word' id='word_1_232' title='bbox 1436 1947 1479 1984; x_wconf 92' lang='lat' dir='ltr'>in</span> <span class='ocrx_word' id='word_1_233' title='bbox 1508 1945 1683 1984; x_wconf 86' lang='lat' dir='ltr'>modurn</span> 
     </span>
     <span class='ocr_line' id='line_1_25' title="bbox 58 2017 1685 2073; baseline -0.004 -12"><span class='ocrx_word' id='word_1_234' title='bbox 58 2023 214 2062; x_wconf 86' lang='lat' dir='ltr'>fratres</span> <span class='ocrx_word' id='word_1_235' title='bbox 235 2021 314 2073; x_wconf 86' lang='lat' dir='ltr'>ipsi</span> <span class='ocrx_word' id='word_1_236' title='bbox 335 2021 585 2073; x_wconf 88' lang='lat' dir='ltr'>proficiunt.</span> <span class='ocrx_word' id='word_1_237' title='bbox 610 2021 785 2059; x_wconf 92' lang='lat' dir='ltr'>Habent</span> <span class='ocrx_word' id='word_1_238' title='bbox 808 2032 885 2058; x_wconf 86' lang='lat' dir='ltr'>sua</span> <span class='ocrx_word' id='word_1_239' title='bbox 905 2019 1187 2070; x_wconf 84' lang='lat' dir='ltr'>paupertatis,</span> <span class='ocrx_word' id='word_1_240' title='bbox 1212 2018 1466 2056; x_wconf 89' lang='lat' dir='ltr'>humilitatis</span> <span class='ocrx_word' id='word_1_241' title='bbox 1490 2022 1532 2055; x_wconf 91' lang='lat' dir='ltr'>et</span> <span class='ocrx_word' id='word_1_242' title='bbox 1552 2017 1685 2055; x_wconf 89' lang='lat' dir='ltr'>oboe-</span> 
     </span>
     <span class='ocr_line' id='line_1_26' title="bbox 59 2088 1685 2143; baseline -0.004 -11"><span class='ocrx_word' id='word_1_243' title='bbox 59 2093 248 2132; x_wconf 85' lang='lat' dir='ltr'>dientiae</span> <span class='ocrx_word' id='word_1_244' title='bbox 272 2092 498 2139; x_wconf 88' lang='lat' dir='ltr'>exercitia,</span> <span class='ocrx_word' id='word_1_245' title='bbox 522 2095 729 2143; x_wconf 88' lang='lat' dir='ltr'>quantum</span> <span class='ocrx_word' id='word_1_246' title='bbox 753 2090 909 2141; x_wconf 86' lang='lat' dir='ltr'>cuique</span> <span class='ocrx_word' id='word_1_247' title='bbox 932 2088 1171 2128; x_wconf 90' lang='lat' dir='ltr'>conuenire</span> <span class='ocrx_word' id='word_1_248' title='bbox 1194 2088 1384 2127; x_wconf 91' lang='lat' dir='ltr'>videtur.</span> <span class='ocrx_word' id='word_1_249' title='bbox 1408 2089 1504 2127; x_wconf 91' lang='lat' dir='ltr'>Nec</span> <span class='ocrx_word' id='word_1_250' title='bbox 1526 2088 1685 2126; x_wconf 86' lang='lat' dir='ltr'>desunt</span> 
     </span>
     <span class='ocr_line' id='line_1_27' title="bbox 58 2160 1682 2210; baseline -0.004 -6"><span class='ocrx_word' id='word_1_251' title='bbox 58 2164 379 2205; x_wconf 85' lang='lat' dir='ltr'>admonitiones</span> <span class='ocrx_word' id='word_1_252' title='bbox 420 2170 463 2202; x_wconf 90' lang='lat' dir='ltr'>et</span> <span class='ocrx_word' id='word_1_253' title='bbox 503 2163 661 2202; x_wconf 90' lang='lat' dir='ltr'>stimuli</span> <span class='ocrx_word' id='word_1_254' title='bbox 702 2162 755 2201; x_wconf 92' lang='lat' dir='ltr'>ad</span> <span class='ocrx_word' id='word_1_255' title='bbox 800 2162 877 2200; x_wconf 89' lang='lat' dir='ltr'>has</span> <span class='ocrx_word' id='word_1_256' title='bbox 917 2166 960 2200; x_wconf 90' lang='lat' dir='ltr'>et</span> <span class='ocrx_word' id='word_1_257' title='bbox 999 2161 1104 2199; x_wconf 90' lang='lat' dir='ltr'>alias</span> <span class='ocrx_word' id='word_1_258' title='bbox 1143 2160 1330 2199; x_wconf 72' lang='lat' dir='ltr'>virtutes</span> <span class='ocrx_word' id='word_1_259' title='bbox 1369 2160 1682 2210; x_wconf 87' lang='lat' dir='ltr'>assequendas.</span> 
     </span>
     <span class='ocr_line' id='line_1_28' title="bbox 63 2231 1687 2285; baseline -0.004 -10"><span class='ocrx_word' id='word_1_260' title='bbox 63 2239 116 2275; x_wconf 88' lang='lat' dir='ltr'>M.</span> <span class='ocrx_word' id='word_1_261' title='bbox 141 2237 396 2275; x_wconf 85' lang='lat' dir='ltr'>Franciscus</span> <span class='ocrx_word' id='word_1_262' title='bbox 417 2236 630 2274; x_wconf 90' lang='lat' dir='ltr'>Costerus</span> <span class='ocrx_word' id='word_1_263' title='bbox 651 2233 830 2285; x_wconf 89' lang='lat' dir='ltr'>singulis</span> <span class='ocrx_word' id='word_1_264' title='bbox 865 2233 1118 2284; x_wconf 88' lang='lat' dir='ltr'>septimanis</span> <span class='ocrx_word' id='word_1_265' title='bbox 1149 2232 1324 2283; x_wconf 88' lang='lat' dir='ltr'>regulas</span> <span class='ocrx_word' id='word_1_266' title='bbox 1346 2231 1428 2270; x_wconf 83' lang='lat' dir='ltr'>illis</span> <span class='ocrx_word' id='word_1_267' title='bbox 1451 2231 1687 2270; x_wconf 83' lang='lat' dir='ltr'>Societatis</span> 
     </span>
     <span class='ocr_line' id='line_1_29' title="bbox 63 2302 1687 2359; baseline -0.004 -13"><span class='ocrx_word' id='word_1_268' title='bbox 63 2308 262 2359; x_wconf 89' lang='lat' dir='ltr'>exponit,</span> <span class='ocrx_word' id='word_1_269' title='bbox 288 2313 332 2345; x_wconf 92' lang='lat' dir='ltr'>et</span> <span class='ocrx_word' id='word_1_270' title='bbox 352 2306 564 2357; x_wconf 89' lang='lat' dir='ltr'>priuatam</span> <span class='ocrx_word' id='word_1_271' title='bbox 587 2305 642 2344; x_wconf 91' lang='lat' dir='ltr'>de</span> <span class='ocrx_word' id='word_1_272' title='bbox 663 2305 730 2343; x_wconf 86' lang='lat' dir='ltr'>his</span> <span class='ocrx_word' id='word_1_273' title='bbox 759 2304 823 2355; x_wconf 85' lang='lat' dir='ltr'>ejs</span> <span class='ocrx_word' id='word_1_274' title='bbox 853 2303 1113 2343; x_wconf 90' lang='lat' dir='ltr'>concionem</span> <span class='ocrx_word' id='word_1_275' title='bbox 1144 2303 1261 2341; x_wconf 87' lang='lat' dir='ltr'>facit.</span> <span class='ocrx_word' id='word_1_276' title='bbox 1294 2302 1378 2353; x_wconf 89' lang='lat' dir='ltr'>Ipsi</span> <span class='ocrx_word' id='word_1_277' title='bbox 1399 2315 1574 2353; x_wconf 87' lang='lat' dir='ltr'>quoque</span> <span class='ocrx_word' id='word_1_278' title='bbox 1606 2303 1687 2340; x_wconf 86' lang='lat' dir='ltr'>sin-</span> 
     </span>
     <span class='ocr_line' id='line_1_30' title="bbox 63 2374 1688 2429; baseline -0.004 -12"><span class='ocrx_word' id='word_1_279' title='bbox 63 2379 173 2429; x_wconf 87' lang='lat' dir='ltr'>gulis</span> <span class='ocrx_word' id='word_1_280' title='bbox 208 2377 558 2416; x_wconf 89' lang='lat' dir='ltr'>hebdomadibus</span> <span class='ocrx_word' id='word_1_281' title='bbox 595 2389 669 2414; x_wconf 88' lang='lat' dir='ltr'>eas</span> <span class='ocrx_word' id='word_1_282' title='bbox 704 2376 857 2427; x_wconf 87' lang='lat' dir='ltr'>legunt</span> <span class='ocrx_word' id='word_1_283' title='bbox 892 2380 936 2413; x_wconf 92' lang='lat' dir='ltr'>et</span> <span class='ocrx_word' id='word_1_284' title='bbox 973 2375 1226 2413; x_wconf 88' lang='lat' dir='ltr'>obseruant.</span> <span class='ocrx_word' id='word_1_285' title='bbox 1265 2374 1310 2412; x_wconf 89' lang='lat' dir='ltr'>Si</span> <span class='ocrx_word' id='word_1_286' title='bbox 1349 2374 1575 2424; x_wconf 80' lang='lat' dir='ltr'>negligant</span> <span class='ocrx_word' id='word_1_287' title='bbox 1615 2378 1688 2411; x_wconf 88' lang='lat' dir='ltr'>aut</span> 
     </span>
     <span class='ocr_line' id='line_1_31' title="bbox 65 2445 1688 2500; baseline -0.004 -12"><span class='ocrx_word' id='word_1_288' title='bbox 65 2450 227 2500; x_wconf 88' lang='lat' dir='ltr'>alioqui</span> <span class='ocrx_word' id='word_1_289' title='bbox 249 2449 516 2499; x_wconf 90' lang='lat' dir='ltr'>delinquant,</span> <span class='ocrx_word' id='word_1_290' title='bbox 539 2447 813 2499; x_wconf 89' lang='lat' dir='ltr'>poenitentia</span> <span class='ocrx_word' id='word_1_291' title='bbox 833 2445 1084 2498; x_wconf 86' lang='lat' dir='ltr'>iniungitur.</span> <span class='ocrx_word' id='word_1_292' title='bbox 1110 2446 1346 2484; x_wconf 88' lang='lat' dir='ltr'>Pulchrum</span> <span class='ocrx_word' id='word_1_293' title='bbox 1370 2450 1436 2483; x_wconf 88' lang='lat' dir='ltr'>est</span> <span class='ocrx_word' id='word_1_294' title='bbox 1458 2445 1590 2484; x_wconf 90' lang='lat' dir='ltr'>tacite</span> <span class='ocrx_word' id='word_1_295' title='bbox 1615 2445 1688 2482; x_wconf 87' lang='lat' dir='ltr'>ob-</span> 
     </span>
     <span class='ocr_line' id='line_1_32' title="bbox 74 2516 1690 2570; baseline -0.004 -11"><span class='ocrx_word' id='word_1_296' title='bbox 74 2533 254 2559; x_wconf 85' lang='lat' dir='ltr'>seruare</span> <span class='ocrx_word' id='word_1_297' title='bbox 292 2519 516 2570; x_wconf 89' lang='lat' dir='ltr'>quomodo</span> <span class='ocrx_word' id='word_1_298' title='bbox 558 2532 604 2557; x_wconf 84' lang='lat' dir='ltr'>se</span> <span class='ocrx_word' id='word_1_299' title='bbox 645 2518 931 2565; x_wconf 85' lang='lat' dir='ltr'>mortificent,</span> <span class='ocrx_word' id='word_1_300' title='bbox 975 2523 1019 2555; x_wconf 88' lang='lat' dir='ltr'>et</span> <span class='ocrx_word' id='word_1_301' title='bbox 1071 2529 1197 2568; x_wconf 90' lang='lat' dir='ltr'>quam</span> <span class='ocrx_word' id='word_1_302' title='bbox 1237 2516 1352 2554; x_wconf 87' lang='lat' dir='ltr'>bene</span> <span class='ocrx_word' id='word_1_303' title='bbox 1396 2516 1690 2566; x_wconf 85' lang='lat' dir='ltr'>poenitentias</span> 
     </span>
     <span class='ocr_line' id='line_1_33' title="bbox 66 2587 1690 2644; baseline -0.004 -13"><span class='ocrx_word' id='word_1_304' title='bbox 66 2598 211 2644; x_wconf 81' lang='lat' dir='ltr'>agant.</span> <span class='ocrx_word' id='word_1_305' title='bbox 236 2593 344 2630; x_wconf 88' lang='lat' dir='ltr'>Sunt</span> <span class='ocrx_word' id='word_1_306' title='bbox 361 2603 546 2643; x_wconf 89' lang='lat' dir='ltr'>magnae</span> <span class='ocrx_word' id='word_1_307' title='bbox 568 2591 661 2642; x_wconf 87' lang='lat' dir='ltr'>spei</span> <span class='ocrx_word' id='word_1_308' title='bbox 673 2591 881 2642; x_wconf 78' lang='lat' dir='ltr'>juuenes,</span> <span class='ocrx_word' id='word_1_309' title='bbox 905 2590 946 2627; x_wconf 91' lang='lat' dir='ltr'>in</span> <span class='ocrx_word' id='word_1_310' title='bbox 963 2590 1081 2627; x_wconf 88' lang='lat' dir='ltr'>bono</span> <span class='ocrx_word' id='word_1_311' title='bbox 1104 2588 1331 2626; x_wconf 87' lang='lat' dir='ltr'>feruentes</span> <span class='ocrx_word' id='word_1_312' title='bbox 1354 2592 1396 2625; x_wconf 90' lang='lat' dir='ltr'>et</span> <span class='ocrx_word' id='word_1_313' title='bbox 1414 2588 1454 2625; x_wconf 92' lang='lat' dir='ltr'>in</span> <span class='ocrx_word' id='word_1_314' title='bbox 1477 2587 1602 2626; x_wconf 86' lang='lat' dir='ltr'>donis</span> <span class='ocrx_word' id='word_1_315' title='bbox 1618 2600 1690 2625; x_wconf 90' lang='lat' dir='ltr'>na-</span> 
     </span>
     <span class='ocr_line' id='line_1_34' title="bbox 65 2659 1691 2710; baseline -0.004 -9"><span class='ocrx_word' id='word_1_316' title='bbox 65 2664 277 2702; x_wconf 89' lang='lat' dir='ltr'>turalibus</span> <span class='ocrx_word' id='word_1_317' title='bbox 298 2663 558 2702; x_wconf 76' lang='lat' dir='ltr'>excellentes</span> <span class='ocrx_word' id='word_1_318' title='bbox 580 2662 608 2700; x_wconf 75' lang='lat'>¹.</span> <span class='ocrx_word' id='word_1_319' title='bbox 632 2661 714 2700; x_wconf 85' lang='lat' dir='ltr'>Vix</span> <span class='ocrx_word' id='word_1_320' title='bbox 738 2660 871 2700; x_wconf 87' lang='lat' dir='ltr'>credo</span> <span class='ocrx_word' id='word_1_321' title='bbox 895 2660 936 2698; x_wconf 92' lang='lat' dir='ltr'>in</span> <span class='ocrx_word' id='word_1_322' title='bbox 973 2664 1069 2697; x_wconf 93' lang='lat' dir='ltr'>toto</span> <span class='ocrx_word' id='word_1_323' title='bbox 1092 2659 1407 2710; x_wconf 78' lang='lat' dir='ltr'>discipulorum</span> <span class='ocrx_word' id='word_1_324' title='bbox 1432 2671 1569 2709; x_wconf 86' lang='lat' dir='ltr'>grege</span> <span class='ocrx_word' id='word_1_325' title='bbox 1593 2670 1691 2696; x_wconf 78' lang='lat' dir='ltr'>esse</span> 
     </span>
     <span class='ocr_line' id='line_1_35' title="bbox 65 2729 1690 2780; baseline -0.004 -7"><span class='ocrx_word' id='word_1_326' title='bbox 65 2736 135 2773; x_wconf 80' lang='lat' dir='ltr'>vel</span> <span class='ocrx_word' id='word_1_327' title='bbox 157 2733 381 2773; x_wconf 86' lang='lat' dir='ltr'>doctiores</span> <span class='ocrx_word' id='word_1_328' title='bbox 403 2734 474 2771; x_wconf 87' lang='lat' dir='ltr'>vel</span> <span class='ocrx_word' id='word_1_329' title='bbox 497 2733 806 2779; x_wconf 86' lang='lat' dir='ltr'>modestiores,</span> <span class='ocrx_word' id='word_1_330' title='bbox 832 2737 875 2769; x_wconf 90' lang='lat' dir='ltr'>et</span> <span class='ocrx_word' id='word_1_331' title='bbox 897 2730 938 2769; x_wconf 90' lang='lat' dir='ltr'>in</span> <span class='ocrx_word' id='word_1_332' title='bbox 974 2729 1102 2769; x_wconf 88' lang='lat' dir='ltr'>animi</span> <span class='ocrx_word' id='word_1_333' title='bbox 1126 2736 1169 2768; x_wconf 92' lang='lat' dir='ltr'>et</span> <span class='ocrx_word' id='word_1_334' title='bbox 1192 2730 1387 2780; x_wconf 86' lang='lat' dir='ltr'>corporis</span> <span class='ocrx_word' id='word_1_335' title='bbox 1410 2729 1586 2768; x_wconf 89' lang='lat' dir='ltr'>dotibus</span> <span class='ocrx_word' id='word_1_336' title='bbox 1616 2741 1690 2767; x_wconf 85' lang='lat' dir='ltr'>ex-</span> 
     </span>
    </p>
   </div>
   <div class='ocr_carea' id='block_1_3' title="bbox 114 2955 1684 3005">
    <p class='ocr_par' dir='ltr' id='par_1_4' title="bbox 114 2955 1684 3005">
     <span class='ocr_line' id='line_1_36' title="bbox 114 2955 1684 3005; baseline -0.004 -9"><span class='ocrx_word' id='word_1_337' title='bbox 114 2968 133 2986; x_wconf 74' lang='lat' dir='ltr'>a</span> <span class='ocrx_word' id='word_1_338' title='bbox 151 2959 241 3005; x_wconf 86' lang='lat' dir='ltr'>Seq.</span> <span class='ocrx_word' id='word_1_339' title='bbox 261 2958 436 3004; x_wconf 83' lang='lat' dir='ltr'>collegio</span> <span class='ocrx_word' id='word_1_340' title='bbox 455 2957 537 2994; x_wconf 82' lang='lat' dir='ltr'>del.</span> <span class='ocrx_word' id='word_1_341' title='bbox 584 2958 649 2981; x_wconf 73' lang='lat' dir='ltr'>—b</span> <span class='ocrx_word' id='word_1_342' title='bbox 664 2968 823 3004; x_wconf 85' lang='lat' dir='ltr'>quoque</span> <span class='ocrx_word' id='word_1_343' title='bbox 839 2960 975 3001; x_wconf 72' lang='lat' dir='ltr'>supra</span> <span class='ocrx_word' id='word_1_344' title='bbox 995 2965 1104 2992; x_wconf 82' lang='lat' dir='ltr'>vers.</span> <span class='ocrx_word' id='word_1_345' title='bbox 1148 2963 1212 2980; x_wconf 72' lang='lat' dir='ltr'>——c</span> <span class='ocrx_word' id='word_1_346' title='bbox 1236 2955 1394 3001; x_wconf 83' lang='lat' dir='ltr'>penitus</span> <span class='ocrx_word' id='word_1_347' title='bbox 1409 2959 1545 3000; x_wconf 74' lang='lat' dir='ltr'>supra</span> <span class='ocrx_word' id='word_1_348' title='bbox 1574 2966 1684 2992; x_wconf 74' lang='lat' dir='ltr'>vers.</span> 
     </span>
    </p>
   </div>
   <div class='ocr_carea' id='block_1_4' title="bbox 72 3020 1687 3120">
    <p class='ocr_par' dir='ltr' id='par_1_5' title="bbox 72 3020 1687 3120">
     <span class='ocr_line' id='line_1_37' title="bbox 72 3020 1687 3067; baseline -0.003 -6"><span class='ocrx_word' id='word_1_349' title='bbox 72 3026 136 3051; x_wconf 76' lang='lat' dir='ltr'>—d</span> <span class='ocrx_word' id='word_1_350' title='bbox 152 3023 342 3061; x_wconf 79' lang='lat' dir='ltr'>externis.</span> <span class='ocrx_word' id='word_1_351' title='bbox 388 3031 451 3048; x_wconf 66' lang='lat' dir='ltr'>—e</span> <span class='ocrx_word' id='word_1_352' title='bbox 469 3022 630 3059; x_wconf 86' lang='lat' dir='ltr'>interni.</span> <span class='ocrx_word' id='word_1_353' title='bbox 677 3022 734 3046; x_wconf 78' lang='lat' dir='ltr'>—f</span> <span class='ocrx_word' id='word_1_354' title='bbox 764 3021 830 3067; x_wconf 86' lang='lat' dir='ltr'>qui</span> <span class='ocrx_word' id='word_1_355' title='bbox 850 3033 942 3056; x_wconf 90' lang='lat' dir='ltr'>non.</span> <span class='ocrx_word' id='word_1_356' title='bbox 963 3028 1030 3053; x_wconf 54' lang='grc' dir='ltr'>«Ξ</span> <span class='ocrx_word' id='word_1_357' title='bbox 1052 3020 1142 3066; x_wconf 83' lang='lat' dir='ltr'>Seq.</span> <span class='ocrx_word' id='word_1_358' title='bbox 1161 3021 1243 3057; x_wconf 80' lang='lat' dir='ltr'>del.</span> <span class='ocrx_word' id='word_1_359' title='bbox 1262 3020 1315 3057; x_wconf 90' lang='lat' dir='ltr'>in.</span> <span class='ocrx_word' id='word_1_360' title='bbox 1350 3022 1412 3045; x_wconf 80' lang='lat'>—¹¹</span> <span class='ocrx_word' id='word_1_361' title='bbox 1446 3025 1687 3056; x_wconf 82' lang='lat' dir='ltr'>nostrorum.</span> 
     </span>
     <span class='ocr_line' id='line_1_38' title="bbox 73 3093 309 3120; baseline -0.013 1"><span class='ocrx_word' id='word_1_362' title='bbox 73 3093 128 3111; x_wconf 89' lang='lat'>—¹</span> <span class='ocrx_word' id='word_1_363' title='bbox 160 3095 309 3120; x_wconf 78' lang='lat' dir='ltr'>eX1m11.</span> 
     </span>
    </p>
   </div>
  </div>
 </body>
</html>
