2038 3400
336 268 405 305 764
821 266 976 303 LITTER
985 278 1005 301 A
1014 276 1038 301 E
1067 265 1422 310 QUADmMESTREs

290 371 505 408 rationem
529 371 622 408 eius
645 370 832 407 reddere
857 368 1010 406 melius
1033 368 1266 418 possimus3
1289 379 1373 417 qua
1394 379 1449 404 ex
1470 379 1516 405 re
1538 379 1626 404 non
1647 364 1914 403 mediocrem

290 441 477 480 fructum
499 442 621 479 multi
642 445 953 492 perceperunt3
977 439 1112 476 multo
1136 438 1345 476 maiorem
1375 437 1625 488 percepturi
1648 449 1745 474 cum
1768 437 1917 486 uolup-

291 518 380 551 tate
403 525 510 551 uere
542 513 790 553 christiana,
816 524 913 549 cum
935 510 1113 561 reliquis
1135 510 1306 548 duobus
1338 508 1487 547 orandi
1519 508 1660 547 modis
1691 507 1918 558 coeperint

291 599 337 623 se
361 598 592 628 exercere:
616 585 733 635 quod
755 583 931 634 quidem
952 583 994 620 in
1016 582 1131 620 aliud
1153 586 1326 632 tempus
1358 581 1558 619 consulto
1589 581 1803 618 reiectum
1835 585 1917 626 est,

290 662 381 694 tum
405 657 460 695 ob
483 657 587 694 alias
609 669 777 702 causas,
804 660 893 692 tum
917 654 1047 692 etiam
1070 659 1115 691 ut
1142 653 1386 704 paratiores
1415 652 1571 702 prioris
1600 651 1919 689 exercitatione

291 728 344 766 ad
366 729 521 767 altiora
541 728 818 767 accedamus.
843 725 1021 763 Interim
1042 731 1189 763 tamen
1211 724 1366 762 diebus
1388 722 1564 762 veneris
1590 722 1707 761 idem
1729 735 1920 760 canones

291 801 388 839 illos
411 802 456 839 P.
481 800 535 838 N.
568 800 709 838 felicis
740 798 994 844 memoriae,
1028 796 1183 847 quibus
1213 797 1477 834 instituimur
1508 808 1593 845 qua
1621 794 1791 833 ratione
1824 806 1920 832 cum

291 876 442 911 sancta
463 884 642 910 romana
664 870 854 909 ecclesia
877 868 1128 907 consentire
1161 880 1333 918 semper
1356 866 1611 913 debeamus,
1634 865 1760 904 nobis
1789 878 1921 916 expo-

291 943 370 991 nit3
393 956 477 994 qua
498 944 690 982 lectione
722 955 808 979 non
845 942 986 979 solum
1008 939 1050 978 in
1073 940 1212 978 solida
1240 939 1326 978 fide
1351 939 1569 977 catholica
1599 937 1920 981 confirmamur,

293 1016 372 1055 sed
393 1015 657 1054 instituimur
681 1015 811 1052 etiam
833 1026 917 1064 qua
938 1013 1009 1051 uia
1029 1013 1137 1051 alios
1160 1024 1313 1050 omnes
1337 1012 1499 1062 optime
1522 1011 1564 1048 in
1584 1011 1697 1048 hanc
1724 1008 1922 1048 eamdem

292 1094 488 1127 nostram
511 1087 774 1125 sententiam
804 1085 1062 1136 pertrahere
1094 1083 1334 1122 debeamus
1365 1089 1495 1133 atque
1518 1081 1750 1132 possimus.
1776 1080 1924 1131 Pergit

294 1160 369 1199 ille
392 1159 568 1211 quidem
590 1159 698 1196 hora
720 1163 878 1196 octaua
908 1156 1120 1194 matutina
1151 1156 1380 1206 epistolam
1403 1154 1455 1192 D.
1481 1154 1601 1191 Pauli
1622 1152 1675 1190 ad
1706 1154 1925 1190 Romanos

296 1232 486 1283 publice,
520 1231 560 1268 in
598 1229 786 1280 collegio
819 1240 927 1266 uero
958 1233 1110 1266 nostro
1148 1227 1279 1265 Arist.
1315 1226 1454 1264 Ethic.
1484 1226 1593 1263 hora
1612 1224 1750 1275 prima
1777 1235 1925 1274 pome-

296 1304 461 1342 ridiana
491 1303 671 1354 singulis
706 1302 862 1340 diebus
894 1301 1129 1351 explicare,
1168 1313 1218 1338 ac
1253 1298 1572 1349 disputationes
1601 1295 1926 1348 philosophicas

298 1376 452 1414 diebus
475 1374 645 1413 sabbati
666 1386 690 1412 a
711 1372 891 1425 prandio
916 1373 1041 1410 simul
1064 1385 1161 1410 cum
1184 1373 1239 1410 Μ.
1264 1370 1499 1408 Laurentio
1524 1374 1532 1392 ¹
1556 1380 1712 1419 magna
1734 1380 1830 1406 cum
1852 1379 1926 1405 uo-

297 1449 461 1498 luptate
486 1452 529 1484 et
564 1447 708 1484 fructu
744 1445 1042 1484 studiosorum
1065 1442 1272 1495 dirigere,
1305 1454 1355 1480 ac
1385 1447 1616 1493 praeterea
1646 1439 1927 1478 directorium

297 1519 587 1557 confessionis
609 1523 621 1543 ‘²
643 1529 693 1557 20
714 1518 808 1557 fere
845 1530 899 1555 ex
934 1516 1095 1554 nostris
1126 1515 1179 1553 ad
1210 1526 1306 1553 eam
1336 1514 1574 1552 lectionem
1605 1511 1859 1563 aptioribus,
1885 1514 1928 1548 et

295 1589 552 1639 quibusdam
576 1589 684 1638 alijs,
705 1595 771 1627 ter
787 1589 882 1627 fere
900 1600 1073 1638 semper
1095 1587 1137 1624 in
1158 1585 1451 1632 hebdomada,
1471 1584 1644 1636 quando
1662 1583 1733 1621 uel
1753 1582 1929 1633 paucio-

296 1675 381 1709 reS,
406 1662 477 1700 uel
498 1662 643 1700 nullae
663 1674 840 1713 prorsus
863 1665 961 1700 sunt
982 1660 1216 1707 lectiones,
1240 1660 1280 1697 in
1304 1658 1494 1708 collegio
1516 1662 1669 1695 nostro
1689 1667 1927 1706 exponere.

297 1734 475 1772 Interim
500 1740 646 1772 tamen
667 1745 812 1784 neque
835 1732 1091 1771 catechismi
1122 1732 1170 1769 R.
1204 1731 1251 1769 P.
1278 1729 1438 1778 Canisij
1472 1728 1724 1774 lectionem,
1757 1725 1929 1777 quando

298 1817 376 1844 200
396 1812 441 1844 et
464 1818 517 1843 eo
541 1806 688 1856 plures
709 1805 898 1843 fortasse
921 1802 1188 1849 scholastici,
1220 1801 1375 1853 partim
1399 1812 1451 1838 ex
1480 1798 1656 1846 nostris,
1680 1798 1835 1849 partim
1858 1810 1930 1835 ex-

298 1878 434 1915 ternis
456 1875 527 1915 die
550 1877 725 1914 veneris
747 1877 856 1914 hora
877 1880 1004 1913 sexta
1025 1886 1151 1912 mane
1174 1873 1215 1911 in
1238 1872 1428 1922 collegio
1456 1874 1609 1909 nostro
1641 1869 1931 1908 attentissime

297 1948 493 1995 audiunt,
517 1948 701 1999 negligit
724 1958 929 1998 unquam3
950 1958 1095 1996 neque
1126 1945 1357 1995 quicquam
1380 1956 1548 1990 eorum,
1573 1954 1683 1993 quae
1715 1941 1787 1978 uel
1815 1940 1932 1978 domi

235 2053 238 2057 .
299 2022 369 2059 uel
391 2021 498 2058 foris
520 2026 619 2058 sunt
641 2018 932 2070 expedienda,
959 2021 1054 2057 Deo
1075 2022 1164 2069 opt.
1190 2029 1303 2054 max.
1322 2017 1430 2054 laus.
1452 2014 1583 2064 Quod
1606 2014 1640 2052 si
1657 2017 1837 2064 quaerat
1856 2013 1932 2050 Pa-

299 2093 482 2132 ternitas
504 2098 578 2130 tua
599 2093 786 2130 fortasse
810 2104 885 2130 cur
903 2097 1071 2129 tantum
1100 2089 1180 2128 sibi
1211 2089 1372 2128 laboris
1396 2089 1604 2139 imponat,
1630 2085 1673 2124 id
1698 2097 1783 2136 ego
1802 2097 1932 2123 unum

299 2164 499 2215 responsi
521 2163 625 2201 dare
660 2169 835 2214 potero,
874 2175 970 2201 eam
1005 2162 1205 2200 nimirum
1236 2160 1364 2198 huius
1394 2158 1456 2196 rei
1480 2170 1654 2197 causam
1678 2169 1792 2203 esse,
1815 2156 1933 2207 quod

301 2236 439 2275 nostri
463 2249 615 2274 omnes
632 2235 842 2274 doctores
861 2248 911 2273 ac
932 2234 1000 2284 alij
1022 2234 1169 2281 etiam,
1188 2233 1261 2285 qui
1276 2244 1364 2271 non
1380 2230 1440 2268 ita
1456 2230 1614 2268 abhinc
1631 2228 1704 2267 diu
1721 2228 1933 2277 eonuicijs

301 2320 352 2346 ac
380 2308 576 2358 pluribus
611 2307 778 2356 iniurijs
809 2307 970 2357 ubique
1002 2306 1056 2344 ab
1079 2306 1277 2344 omnibus
1309 2302 1551 2352 contempti
1583 2299 1930 2351 excipiebantur,

300 2383 469 2416 tantum
490 2379 574 2416 iam
596 2378 772 2428 negocij
798 2390 894 2415 cum
916 2378 998 2415 hac
1022 2376 1195 2415 Domini
1218 2375 1346 2414 uinea
1361 2374 1540 2420 habent,
1561 2378 1606 2411 ut
1627 2372 1824 2423 quamuis
1842 2383 1933 2409 sae-

300 2464 353 2502 pe
392 2455 676 2496 excusentur,
720 2463 773 2487 ne
811 2449 936 2487 breui
970 2454 1172 2499 tempore
1213 2446 1437 2485 immensis
1477 2445 1590 2482 curis
1624 2455 1675 2482 ae
1712 2443 1934 2482 laboribus

301 2523 552 2568 abruantur,
578 2528 722 2559 tamen
754 2521 871 2559 nulla
900 2526 1021 2559 tanta
1052 2519 1280 2558 excusatio
1313 2529 1412 2556 esse
1441 2520 1605 2568 potest,
1630 2528 1741 2567 quae
1773 2514 1934 2554 efficiat

301 2608 387 2646 quo
407 2595 546 2632 minus
565 2598 781 2644 cogantur
798 2605 884 2630 non
902 2592 1035 2631 modo
1052 2591 1166 2630 intra
1182 2591 1314 2637 uires,
1334 2588 1413 2628 sed
1431 2600 1560 2640 supra
1576 2588 1786 2625 humanas
1804 2587 1934 2624 etiarn

301 2677 627 2716 nonnumquam
663 2665 877 2702 laborare.
915 2664 1104 2702 Curatur
1139 2666 1286 2700 tamen
1318 2672 1422 2699 sane
1453 2658 1786 2710 diligentissime
1814 2658 1847 2704 ἃ,
1880 2669 1935 2695 ne

347 2792 367 2811 a
417 2790 550 2839 quoad
566 2790 653 2827 eius
673 2788 759 2826 fieri
779 2794 922 2835 potest.

351 2915 358 2934 ¹
412 2910 662 2950 Laurentius
681 2909 886 2946 Andreas.

348 2973 361 2993 ²
411 2971 595 3018 Intelligi
615 2969 776 3007 videtur
794 2980 894 3016 opus
913 2967 958 3004 Ρ.
975 2967 1145 3014 Joannis
1176 2967 1225 3004 de
1253 2967 1442 3004 Polanco:
1473 2963 1616 3002 Breve
1640 2961 1936 3000 Directorium

304 3033 365 3071 ad
384 3029 647 3078 confessarii
662 3040 714 3067 ac
733 3028 978 3074 confitentis
996 3037 1163 3065 munus
1184 3028 1264 3064 rite
1286 3024 1553 3064 obeundum.
1582 3021 1739 3059 Romae
1769 3021 1871 3067 1554,
1899 3028 1939 3058 et

303 3092 400 3131 alibi
419 3103 556 3139 saepe.
