2038 3400
560 244 898 284 377.-LA1JRE†0
929 244 970 282 12
998 243 1105 292 MAJI
1133 245 1223 282 1560
1329 277 1335 283 .
1595 243 1663 280 643

95 347 225 397 Quod
248 363 351 388 sane
375 349 583 388 effectum
607 354 673 387 est
696 349 825 387 etiam
842 348 962 386 hisce
986 348 1143 398 elapsis
1166 347 1401 392 mensibus,
1421 346 1609 383 maxime
1626 346 1710 383 hoc

91 421 283 471 paschali
304 426 520 472 tempore,
545 419 716 470 quando
747 432 824 470 pro
847 431 970 457 more
1002 419 1251 456 exultantes
1272 417 1603 468 peregrinorum
1625 422 1710 452 tur-

92 492 168 530 bas
190 493 458 543 excepimus,
483 492 727 541 auditisque
747 503 899 529 eorum
917 490 1267 528 confessionibus
1289 501 1339 526 ac
1360 487 1554 525 refectos
1576 488 1711 524 celes-

92 563 123 600 ti
145 564 349 602 alimonia
384 563 436 601 ad
471 564 622 613 propia
655 563 913 601 remisimus.
939 563 1047 601 Cum
1084 559 1331 598 huiusmodi
1361 564 1507 596 autem
1539 564 1583 595 et
1604 556 1710 603 aliis,

92 635 163 685 qui
185 635 403 673 turmatim
425 632 636 685 quotidie,
660 634 792 671 immo
817 639 859 671 et
882 632 1061 683 singulis
1091 632 1185 670 fere
1207 631 1340 677 horis,
1365 629 1419 668 ad
1441 628 1711 667 inuisendum

91 707 177 744 hoc
212 709 538 744 sacrosanctum
560 712 577 730 a
599 704 806 742 sacellum
840 705 1036 750 veniunt,
1077 714 1189 753 quae
1221 715 1295 752 per
1318 707 1492 739 nostros
1515 700 1713 737 effecerit

94 778 226 822 Deus,
250 777 342 826 ipse
365 777 483 814 solus
504 776 627 813 novit
649 776 721 826 qui
742 775 868 812 finxit
885 773 1105 825 sigillatim
1128 772 1261 810 corda
1281 771 1503 809 hominum
1527 777 1570 807 et
1591 770 1714 807 intel-

92 848 186 899 ligit
209 848 351 885 omnia
386 860 520 897 opera
542 859 694 885 eorum
719 852 742 884 ¹.
768 846 868 884 Mihi
905 858 1007 883 sane
1030 846 1101 882 hic
1130 844 1327 895 quotidie
1363 843 1481 892 loqui
1512 841 1714 879 videntur

93 919 213 965 muti,
247 917 365 956 surdi
395 918 561 965 audire,
600 917 741 955 claudi
775 917 1012 963 ambulare,
1051 907 1214 966 leprosi
1250 913 1462 959 mundari,
1500 912 1629 950 immo
1672 918 1715 949 et

92 990 253 1028 mortui
273 988 476 1028 suscitari
496 992 523 1036 ²,
549 1001 646 1027 cum
668 988 836 1026 efficaci
858 993 1231 1026 sacramentorum
1263 986 1426 1023 virtute
1456 990 1499 1022 et
1520 984 1715 1021 beatissi-

95 1074 190 1098 mae
213 1061 402 1112 Virginis
424 1061 743 1098 intercessione
765 1060 919 1097 similia
939 1060 981 1097 in
1002 1060 1237 1096 multorum
1260 1057 1411 1094 animis
1433 1055 1528 1093 fieri
1549 1055 1716 1105 conspi-

94 1132 218 1179 ciam,
243 1145 326 1182 que
351 1132 453 1169 olim
474 1132 516 1169 in
539 1131 796 1182 corporibus
820 1131 1082 1181 operabatur
1116 1129 1341 1167 Dominus.
1376 1127 1549 1164 Crescit
1569 1126 1714 1175 itaque

92 1202 134 1240 in
155 1203 248 1241 dies
279 1203 405 1240 huius
441 1203 551 1240 sacri
581 1201 732 1253 templi
762 1201 943 1240 deuotio
983 1206 1027 1238 et
1061 1206 1208 1238 tantae
1241 1199 1416 1249 pietatis
1447 1197 1713 1235 obseruatio,

94 1276 202 1313 Cum
223 1275 482 1325 praesertim
503 1275 644 1312 nullus
667 1274 735 1321 sit,
759 1274 831 1324 qui
852 1274 952 1311 hinc
973 1273 1119 1310 valeat
1141 1271 1372 1309 discedere
1390 1269 1482 1307 sine
1505 1273 1626 1306 certo
1645 1268 1715 1305 ali-

92 1359 176 1396 quo
200 1346 438 1384 diuinitatis
460 1347 658 1397 pignore,
684 1345 920 1384 dummodo
944 1357 992 1383 se
1014 1344 1067 1382 ad
1089 1345 1174 1382 hoc
1196 1344 1266 1381 vel
1289 1342 1571 1380 mediocriter
1592 1352 1716 1391 prae-

95 1419 328 1468 parauerit.
354 1419 399 1456 In
430 1418 504 1455 tali
533 1417 731 1455 nimirum
763 1417 879 1463 loco,
910 1418 952 1454 in
974 1429 1060 1466 quo
1084 1414 1347 1464 complacuit
1371 1413 1487 1450 Patri
1518 1411 1619 1448 dare
1641 1423 1716 1447 no-

93 1490 159 1527 bis
180 1490 451 1540 vnigenitum
473 1490 625 1527 Filium
649 1496 692 1527 et
714 1488 935 1526 dominum
958 1489 1117 1526 Iesum.
1143 1487 1231 1524 Cur
1248 1486 1377 1536 igitur
1400 1496 1495 1521 cum
1518 1484 1590 1520 illo
1615 1490 1659 1519 et
1675 1483 1716 1519 in

94 1560 253 1598 eodem
275 1561 374 1599 loco
397 1574 483 1598 non
507 1561 637 1598 etiam
662 1560 805 1597 omnia
826 1559 1027 1597 donabit?
1043 1562 1056 1580 ³
1079 1558 1167 1597 Sed
1190 1570 1242 1595 ex
1266 1557 1426 1601 multis,
1460 1567 1569 1604 quae
1592 1554 1717 1592 nobis

93 1632 146 1669 ab
181 1631 351 1678 iisdem,
384 1632 456 1681 qui
486 1630 588 1669 talia
619 1632 788 1681 experti
819 1636 932 1677 sunt,
966 1631 1247 1667 innotescere
1282 1632 1537 1678 potuerunt,
1579 1637 1715 1676 pauca

94 1703 248 1741 saltem
269 1715 595 1741 recenseamus

147 1785 184 1813 2.
242 1775 339 1812 Fuit
373 1775 438 1812 vir
461 1775 637 1825 quidem
667 1775 838 1812 foelicis
859 1774 1078 1819 fortunae,
1113 1771 1191 1811 sed
1228 1785 1396 1809 morum
1429 1769 1715 1808 infoelicitate

95 1857 202 1883 vere
224 1846 370 1892 miser,
394 1846 466 1896 qui
486 1852 717 1896 postquam
749 1858 825 1896 per
847 1846 1007 1883 multos
1037 1856 1172 1881 annos
1205 1854 1347 1880 coeno
1378 1840 1637 1891 nephandae
1659 1840 1718 1876 lu-

100 1917 248 1955 xuriae
271 1918 405 1955 vitam
429 1930 548 1955 suam
572 1918 951 1963 commaculasset,
984 1915 1173 1954 necdum
1194 1927 1326 1965 puros
1361 1914 1512 1951 oculos
1534 1911 1588 1949 ad
1620 1923 1718 1949 coe-

94 1989 180 2026 lum
204 1988 450 2033 extulisset,
477 1989 677 2026 confiteri
697 1994 843 2027 tamen
866 1989 1061 2038 cupiens,
1085 1986 1137 2024 ad
1160 1999 1291 2022 vnum
1313 1997 1367 2022 ex
1389 1984 1551 2021 nostris
1573 1994 1719 2020 acces-

94 2060 164 2106 sit,
184 2072 208 2097 a
224 2072 308 2108 quo
329 2060 624 2110 reprehensus
645 2072 696 2097 ac
712 2059 991 2110 postmodum
1014 2058 1251 2096 instructus
1273 2054 1375 2106 quid
1392 2055 1508 2092 facto
1530 2067 1636 2104 opus
1656 2066 1718 2090 es-

100 2136 184 2177 set,
209 2129 322 2168 sanis
345 2131 536 2168 consiliis
557 2131 696 2168 noluit
731 2131 1037 2180 acquiescere,
1069 2128 1146 2166 sed
1177 2127 1322 2178 potius
1346 2132 1548 2175 tanquam
1580 2123 1720 2160 furriis

94 2207 233 2249 actus,
258 2202 403 2252 coepit
424 2202 478 2239 ad
501 2201 774 2240 excusandas
798 2201 1110 2240 excusationes
1132 2200 1172 2237 in
1194 2198 1389 2249 peccatis
1410 2198 1422 2215 ⁴
1441 2195 1718 2246 eloquentiae

97 2272 213 2310 vires
235 2272 460 2319 adhibere,
485 2284 535 2310 ac
554 2271 800 2322 procaciter
822 2272 1038 2310 affirmare
1062 2268 1268 2320 simplicis
1298 2266 1598 2305 fornicationis
1621 2278 1721 2302 con-

98 2344 291 2382 cubitum
311 2356 399 2381 non
422 2355 519 2380 esse
541 2348 771 2393 peccatum
796 2343 994 2388 mortale,
1020 2354 1070 2379 ac
1098 2339 1280 2391 proinde
1303 2351 1435 2388 posse
1468 2349 1514 2375 se
1538 2349 1592 2373 ex
1615 2336 1718 2373 mul-

97 2415 151 2453 tis
171 2415 438 2461 mulieribus,
462 2426 642 2465 quarum
665 2413 984 2451 consuetudine
1006 2411 1079 2450 diu
1102 2425 1203 2450 vsus
1224 2411 1382 2455 fuerat,
1414 2421 1541 2446 Vnam
1564 2409 1716 2445 saltem

107 2486 224 2524 domi
245 2487 436 2524 retinere
473 2498 527 2524 ex
562 2498 645 2536 qua
677 2486 788 2523 filios
824 2484 1104 2534 suscepisset.
1142 2483 1342 2532 Cumque
1364 2494 1388 2518 a
1418 2486 1538 2517 tanto
1572 2490 1719 2517 errore

96 2559 212 2596 nulla
232 2558 401 2596 ratione
424 2557 580 2595 abduci
601 2562 768 2608 posset,
788 2556 842 2594 ad
878 2568 1047 2597 sacrum
1069 2554 1260 2605 Virginis
1283 2553 1492 2590 sacellum
1516 2551 1716 2595 mittitur,

143 2717 162 2736 ²²
212 2711 306 2764 seq.
327 2717 410 2754 del.
431 2723 675 2754 sacrosanct.

208 2869 280 2906 Ps.
303 2867 481 2912 XXXII,
504 2868 559 2905 15.

210 2927 274 2965 Cf.
294 2927 491 2969 MATTH.‚
512 2926 585 2972 XI,
605 2927 640 2964 5,

211 2986 333 3031 Rom,
356 2986 467 3030 VIII,
487 2985 547 3024 32.

210 3047 276 3084 Ps.
299 3045 432 3092 CXL,
451 3047 485 3083 4.

146 2870 161 3067 *abb*
