2038 3400
530 341 876 380 237.-Lm121⁴:'r0
907 343 918 378 l
950 340 1050 379 Fssss.
1085 341 1172 381 1539
1573 342 1619 380 65

39 448 266 499 quicquam
303 446 420 497 loqui
454 446 637 485 auderet
672 452 744 485 aut
776 446 988 497 cogitare.
1025 446 1230 495 Quinimo
1253 447 1379 485 diuisi
1401 447 1513 485 inter
1544 460 1590 484 se
1621 453 1663 483 et

41 518 238 569 propriae
260 518 408 556 salutis
432 516 568 565 obliti,
592 518 695 555 nihil
718 517 833 556 aliud
855 530 981 568 quam
1012 517 1065 555 de
1098 516 1256 555 mutuis
1288 517 1470 556 cedibus
1502 518 1667 565 cogita-

42 591 156 627 bant.
184 590 276 626 Nec
298 596 470 639 poterat
492 590 620 627 Rsmss
643 589 828 627 Marciae
852 589 1120 636 gubernator
1142 589 1272 626 tantis
1294 587 1415 626 malis
1436 596 1454 612 a
1491 587 1664 625 modum

41 661 226 709 aliquem
263 665 430 698 certum
473 660 745 709 excogitarez
782 661 835 698 ab
872 673 925 697 eo
962 660 1191 710 presertim
1229 666 1429 709 tempore
1467 671 1551 709 quo
1590 660 1668 696 sul»

42 731 172 781 ipsius
194 729 279 767 fide
310 730 535 780 primarius
556 729 729 780 quidam
762 736 805 767 et
836 729 988 768 vnicus
1015 730 1125 780 patri
1147 730 1424 776 adolescens,
1448 729 1549 767 dum
1573 743 1670 779 sup-

42 802 137 851 plex
173 806 214 840 et
239 800 434 839 vestibus
457 807 615 839 exutus
639 801 809 839 veniam
831 802 884 838 ab
906 801 1158 840 aduersario
1190 802 1450 852 postularet,
1474 800 1553 838 fuit
1577 813 1670 838 cru-

42 872 260 910 delissime
283 872 555 910 interfectus.
575 872 684 909 Cum
707 877 852 910 autem
871 872 1032 921 placuit
1049 873 1263 909 bonorum
1285 872 1475 909 omnium
1497 871 1669 909 authori

42 944 171 981 tantis
201 943 322 981 malis
352 943 482 981 finem
513 943 755 993 imponere,
780 943 931 980 nescio
967 956 1051 994 qua
1084 942 1149 980 via
1182 956 1236 980 eo
1269 940 1452 993 pellexit
1474 946 1671 979 nostrum

46 1016 88 1052 Ν.
116 1016 160 1053 P.
185 1020 406 1052 rectorem
430 1021 473 1052 et
495 1015 625 1052 alium
649 1027 703 1052 ex
734 1015 752 1038 b
783 1014 1105 1061 sacerdotibus,
1139 1027 1321 1064 quorum
1357 1013 1540 1064 publicis
1572 1025 1673 1051 con-

43 1085 232 1123 tionibus
268 1091 311 1123 et
346 1085 524 1136 priuatis
561 1084 910 1124 exortationibus
943 1087 1233 1123 vehementer
1271 1092 1519 1123 commotus
1554 1089 1674 1122 totus

43 1158 112 1194 ille
135 1157 335 1207 populus,
359 1156 496 1206 primo
520 1169 631 1206 quae
653 1156 771 1206 pacis
794 1169 845 1195 ac
866 1157 1040 1207 pietatis
1058 1162 1157 1194 sunt
1175 1157 1291 1207 cepit
1315 1156 1529 1207 cogitare,
1554 1154 1674 1193 dein-

44 1225 98 1266 ‹le
128 1233 224 1278 post
261 1229 420 1266 inultos
456 1229 645 1274 labores,
668 1228 842 1278 publico
876 1240 1109 1271 consensu,
1138 1240 1271 1278 paces
1303 1228 1489 1274 firmant,
1520 1238 1671 1277 pacem

44 1313 119 1350 per
144 1301 263 1338 vicos
287 1300 534 1347 enunciant,
558 1313 609 1338 ac
631 1305 796 1338 certum
820 1299 1057 1338 firmandae
1089 1301 1207 1350 pacis
1239 1300 1382 1338 locum
1415 1298 1673 1337 decernunt.

46 1373 82 1408 [s
113 1372 190 1409 fuit
226 1372 445 1422 publicum
466 1373 677 1422 templum
709 1371 763 1409 ad
794 1371 912 1420 quod
944 1372 1111 1422 ingenti
1129 1372 1369 1409 animorum
1404 1371 1676 1409 exultatione

47 1455 199 1480 omnes
222 1443 460 1489 confluunt,
486 1448 528 1480 et
547 1442 781 1481 decantata
802 1443 1120 1481 solemnissima
1142 1443 1272 1481 missa
1293 1442 1348 1480 de
1372 1443 1534 1493 Spiritu
1557 1454 1678 1479 sanc-

46 1520 106 1557 to,
147 1527 298 1553 omnes
331 1513 371 1552 in
410 1519 559 1552 mutua
591 1514 739 1552 oscula
768 1514 1114 1565 frequentesque
1145 1515 1371 1564 amplexus
1401 1513 1583 1552 irruunt.
1616 1512 1678 1550 Ibi

47 1599 122 1636 pro
146 1584 354 1624 caedibus
375 1585 581 1635 gemitus,
605 1597 683 1635 pro
703 1584 908 1623 conuitiis
938 1585 1184 1632 lachrimas,
1208 1597 1286 1635 pro
1319 1584 1583 1623 vlctionibus
1604 1582 1678 1621 mi-

48 1670 115 1694 ras
145 1655 304 1694 amoris
334 1655 678 1706 significationes
711 1656 910 1694 vidisses.
945 1657 997 1693 Et
1027 1656 1152 1706 pueri
1184 1655 1256 1706 qui
1287 1662 1417 1694 antea
1446 1654 1680 1693 arundines

48 1734 196 1766 acutas
218 1727 271 1765 ad
293 1740 464 1765 manum
483 1732 710 1777 portantes
730 1727 979 1774 vindictam,
999 1727 1236 1766 vindictam
1261 1727 1556 1774 clamitabant,
1575 1731 1678 1764 tum=

49 1812 216 1850 pacem,
239 1811 392 1849 pacem
423 1811 500 1848 per
533 1797 737 1849 oppidum
767 1797 1065 1836 discurrentes
1098 1799 1346 1846 enunciant,
1374 1803 1418 1836 vt
1450 1798 1676 1848 expulsum

49 1870 280 1907 demonem
305 1874 348 1907 et
370 1870 599 1907 authorem
631 1868 748 1919 pacis
779 1869 1012 1907 aduenisse
1045 1869 1176 1907 etiam
1210 1881 1285 1906 ore
1318 1869 1543 1907 infantium
1576 1882 1681 1906 nun-

50 1942 252 1978 ciaretur.
290 1940 505 1978 Praedicti
534 1941 682 1991 itaque
717 1942 866 1978 Patres
897 1941 1078 1978 firmatis
1109 1940 1160 1978 iis
1191 1953 1302 1992 quae
1338 1941 1390 1978 ad
1422 1946 1678 1991 perpetuam

52 2024 201 2062 pacem
225 2016 439 2061 spectant,
463 2010 709 2062 auditisque
738 2012 973 2049 multorum
1006 2012 1375 2058 confessionibus,
1410 2010 1568 2049 eodem
1602 2012 1682 2061 spi-

52 2083 133 2121 ritu
165 2083 246 2121 Dei
275 2082 377 2120 inde
404 2083 606 2133 profecti,
631 2083 684 2121 ad
707 2083 901 2122 Montem
924 2084 1131 2121 Sanctum
1155 2085 1433 2134 appulerunt,
1459 2083 1531 2121 vbi
1561 2083 1682 2120 nobi-

52 2154 135 2191 lem
166 2153 382 2204 quendam
413 2153 759 2201 adolescentem,
784 2152 906 2191 cuius
927 2158 1050 2204 pater
1070 2154 1217 2203 inique
1239 2153 1381 2191 fuerat
1406 2153 1680 2196 interfectus,

53 2230 370 2267 conuenerunt,
387 2225 514 2275 eique
528 2225 702 2276 spiritus
718 2226 799 2263 Dei
823 2226 982 2264 virtute
999 2231 1313 2276 persuaserunt
1332 2231 1376 2264 vt
1394 2224 1568 2264 inimico
1590 2238 1684 2275 par-

54 2302 175 2334 ceret
208 2302 250 2334 et
278 2296 331 2334 ad
352 2297 552 2347 proprios
572 2298 686 2335 lares
707 2296 922 2336 redeundi
942 2297 1105 2336 aditum
1129 2296 1336 2348 aperiret.
1355 2297 1685 2348 Impediebatur

54 2366 210 2404 nobilis
233 2373 277 2404 et
298 2380 406 2405 vere
428 2367 686 2406 christianus
706 2368 778 2406 ille
801 2367 1063 2407 adolescens
1080 2368 1223 2405 fratris
1240 2368 1330 2419 (qui
1348 2368 1574 2406 Bononiae
1592 2368 1686 2405 lite-

57 2439 112 2475 ris
136 2450 312 2489 operam
334 2438 426 2487 dat)
447 2439 660 2486 absentia,
681 2444 725 2477 et
739 2451 794 2477 ne
812 2439 912 2489 quid
932 2438 1157 2477 omitteret
1173 2439 1291 2489 quod
1310 2452 1482 2477 suarum
1502 2437 1684 2489 partium

58 2521 155 2546 esse
189 2508 426 2556 videretur,
469 2510 643 2560 publico
674 2509 925 2548 iusiurando
957 2516 1059 2548 ante
1092 2509 1410 2548 sanctissimum
1443 2522 1686 2548 sacramen-

58 2586 145 2617 tnm
171 2580 329 2617 emisso
352 2580 550 2629 promisit
570 2580 870 2630 profecturum
899 2594 945 2618 se
977 2581 1219 2619 Bononiam
1243 2585 1599 2630 curaturumque,
1626 2584 1685 2625 vt,

59 2651 206 2689 habito
242 2650 384 2689 fratris
419 2663 652 2699 consensu,
685 2658 836 2702 posset
871 2651 1069 2690 inimicus
1105 2652 1145 2689 in
1180 2651 1362 2701 patriam
1393 2650 1572 2689 reuerti.
1612 2650 1688 2689 His

59 2722 260 2772 peractis,
286 2735 381 2761 cum
405 2735 452 2761 se
479 2721 659 2774 it[in]eri
680 2730 696 2748 0
730 2723 1029 2774 accingerent,
1055 2735 1161 2761 ecce
1193 2723 1427 2761 multorum
1452 2721 1687 2760 sollicitan-

60 2800 143 2836 tur,
167 2794 296 2832 immo
322 2794 450 2832 etiam
474 2800 688 2845 coguntur
705 2795 925 2844 precibus,
944 2794 1106 2832 ibidem
1124 2794 1435 2844 aliquantulum
1457 2793 1687 2842 quiescere

64 2871 107 2903 vt
131 2865 253 2903 verbi
284 2863 364 2903 Dei
393 2864 694 2914 predicatione
718 2868 761 2902 et
783 2871 1156 2903 sacramentorum
1180 2877 1257 2902 vsu
1283 2863 1504 2918 famelicas
1527 2863 1690 2901 animas

64 2936 313 2978 reficerent;
344 2935 460 2986 quod
493 2939 536 2972 et
566 2936 781 2979 fecerunt,
805 2949 890 2973 non
924 2936 1016 2973 sine
1047 2936 1213 2986 ingenti
1236 2926 1468 2973 multorum
1495 2935 1691 2972 consola-

113 3106 130 3122 ί*
175 3098 375 3134 curandis.
431 3098 494 3122 -1‘
535 3096 693 3134 nostris.
750 3105 811 3122 —0
846 3097 1036 3133 itm-ines.

210 3180 244 3206 L«
255 3187 372 3205 ιἽΊςιηιτ.
392 3179 798 3212 Ωοιυιιικιετικε.-Τοκ.
823 3179 874 3205 VI.
