<?xml version="1.0" encoding="UTF-8"?>
<!DOCTYPE html PUBLIC "-//W3C//DTD XHTML 1.0 Transitional//EN"
    "http://www.w3.org/TR/xhtml1/DTD/xhtml1-transitional.dtd">
<html xmlns="http://www.w3.org/1999/xhtml" xml:lang="en" lang="en">
 <head>
  <title>
</title>
<meta http-equiv="Content-Type" content="text/html;charset=utf-8" />
  <meta name='ocr-system' content='tesseract 3.04.00' />
  <meta name='ocr-capabilities' content='ocr_page ocr_carea ocr_par ocr_line ocrx_word'/>
</head>
<body>
  <div class='ocr_page' id='page_1' title='image "./litteraequadrime18lain_0434.png"; bbox 0 0 2038 3400; ppageno 0'>
   <div class='ocr_carea' id='block_1_1' title="bbox 369 228 1468 276">
    <p class='ocr_par' dir='ltr' id='par_1_1' title="bbox 369 228 1468 276">
     <span class='ocr_line' id='line_1_1' title="bbox 369 228 1468 276; baseline 0.001 -10"><span class='ocrx_word' id='word_1_1' title='bbox 369 228 440 267; x_wconf 78' lang='grc'>416</span> <span class='ocrx_word' id='word_1_2' title='bbox 860 229 1080 269; x_wconf 71' lang='lat' dir='ltr'><strong>LITTERAE</strong></span> <span class='ocrx_word' id='word_1_3' title='bbox 1107 230 1468 276; x_wconf 75' lang='lat' dir='ltr'>QUADRmesTRES</span> 
     </span>
    </p>
   </div>
   <div class='ocr_carea' id='block_1_2' title="bbox 322 333 1958 2461">
    <p class='ocr_par' dir='ltr' id='par_1_2' title="bbox 323 333 1954 525">
     <span class='ocr_line' id='line_1_2' title="bbox 323 333 1953 384; baseline 0.001 -13"><span class='ocrx_word' id='word_1_4' title='bbox 323 345 494 384; x_wconf 84' lang='lat' dir='ltr'>quaque</span> <span class='ocrx_word' id='word_1_5' title='bbox 528 333 809 373; x_wconf 89' lang='lat' dir='ltr'>hebdomada</span> <span class='ocrx_word' id='word_1_6' title='bbox 844 339 1117 373; x_wconf 86' lang='lat' dir='ltr'>sacramenta</span> <span class='ocrx_word' id='word_1_7' title='bbox 1147 333 1460 381; x_wconf 80' lang='lat' dir='ltr'>ministrantur,</span> <span class='ocrx_word' id='word_1_8' title='bbox 1485 333 1776 372; x_wconf 90' lang='lat' dir='ltr'>ducentorum</span> <span class='ocrx_word' id='word_1_9' title='bbox 1806 347 1953 373; x_wconf 90' lang='lat' dir='ltr'>nume-</span> 
     </span>
     <span class='ocr_line' id='line_1_3' title="bbox 324 405 1954 456; baseline 0.002 -15"><span class='ocrx_word' id='word_1_10' title='bbox 324 417 417 442; x_wconf 88' lang='lat' dir='ltr'>rum</span> <span class='ocrx_word' id='word_1_11' title='bbox 441 405 677 444; x_wconf 82' lang='lat' dir='ltr'>excedunt.</span> <span class='ocrx_word' id='word_1_12' title='bbox 703 407 790 444; x_wconf 86' lang='lat' dir='ltr'>Eos</span> <span class='ocrx_word' id='word_1_13' title='bbox 814 406 944 444; x_wconf 90' lang='lat' dir='ltr'>etiam</span> <span class='ocrx_word' id='word_1_14' title='bbox 967 406 1039 456; x_wconf 89' lang='lat' dir='ltr'>qui</span> <span class='ocrx_word' id='word_1_15' title='bbox 1061 405 1311 444; x_wconf 76' lang='lat' dir='ltr'>carceribus</span> <span class='ocrx_word' id='word_1_16' title='bbox 1334 405 1601 452; x_wconf 81' lang='lat' dir='ltr'>detinentur,</span> <span class='ocrx_word' id='word_1_17' title='bbox 1636 405 1770 454; x_wconf 87' lang='lat' dir='ltr'>ijdem</span> <span class='ocrx_word' id='word_1_18' title='bbox 1802 407 1954 444; x_wconf 89' lang='lat' dir='ltr'>Patres</span> 
     </span>
     <span class='ocr_line' id='line_1_4' title="bbox 324 476 1258 525; baseline 0.001 -12"><span class='ocrx_word' id='word_1_19' title='bbox 324 476 531 525; x_wconf 74' lang='lat' dir='ltr'>inuisum,</span> <span class='ocrx_word' id='word_1_20' title='bbox 557 483 601 515; x_wconf 93' lang='lat' dir='ltr'>et</span> <span class='ocrx_word' id='word_1_21' title='bbox 621 478 640 496; x_wconf 67' lang='lat' dir='ltr'>a</span> <span class='ocrx_word' id='word_1_22' title='bbox 662 477 1014 516; x_wconf 80' lang='lat' dir='ltr'>confessionibus</span> <span class='ocrx_word' id='word_1_23' title='bbox 1036 477 1258 515; x_wconf 88' lang='lat' dir='ltr'>adiuuant.</span> 
     </span>
    </p>

    <p class='ocr_par' dir='ltr' id='par_1_3' title="bbox 325 548 1958 1301">
     <span class='ocr_line' id='line_1_5' title="bbox 379 548 1955 609; baseline 0 -23"><span class='ocrx_word' id='word_1_24' title='bbox 379 558 416 586; x_wconf 87' lang='lat'>2.</span> <span class='ocrx_word' id='word_1_25' title='bbox 477 549 706 588; x_wconf 71' lang='lat' dir='ltr'>Habemus</span> <span class='ocrx_word' id='word_1_26' title='bbox 731 548 777 588; x_wconf 80' lang='lat' dir='ltr'>in</span> <span class='ocrx_word' id='word_1_27' title='bbox 798 548 952 588; x_wconf 71' lang='lat' dir='ltr'>edibus</span> <span class='ocrx_word' id='word_1_28' title='bbox 973 548 1138 588; x_wconf 78' lang='lat' dir='ltr'>nostris</span> <span class='ocrx_word' id='word_1_29' title='bbox 1168 548 1280 586; x_wconf 78' lang='lat' dir='ltr'>duas</span> <span class='ocrx_word' id='word_1_30' title='bbox 1309 548 1329 572; x_wconf 75' lang='lat' dir='ltr'>b</span> <span class='ocrx_word' id='word_1_31' title='bbox 1351 548 1608 595; x_wconf 88' lang='lat' dir='ltr'>societates;</span> <span class='ocrx_word' id='word_1_32' title='bbox 1641 561 1772 609; x_wconf 68' lang='lat' dir='ltr'>vpam</span> <span class='ocrx_word' id='word_1_33' title='bbox 1804 560 1955 586; x_wconf 90' lang='lat' dir='ltr'>eorum</span> 
     </span>
     <span class='ocr_line' id='line_1_6' title="bbox 325 617 1955 671; baseline 0 -14"><span class='ocrx_word' id='word_1_34' title='bbox 325 620 398 670; x_wconf 92' lang='lat' dir='ltr'>qui</span> <span class='ocrx_word' id='word_1_35' title='bbox 419 625 518 658; x_wconf 87' lang='lat' dir='ltr'>sunt</span> <span class='ocrx_word' id='word_1_36' title='bbox 538 620 798 671; x_wconf 82' lang='lat' dir='ltr'>grandiores</span> <span class='ocrx_word' id='word_1_37' title='bbox 819 625 935 668; x_wconf 89' lang='lat' dir='ltr'>natu,</span> <span class='ocrx_word' id='word_1_38' title='bbox 964 621 1034 671; x_wconf 91' lang='lat' dir='ltr'>qui</span> <span class='ocrx_word' id='word_1_39' title='bbox 1066 632 1232 658; x_wconf 86' lang='lat' dir='ltr'>summa</span> <span class='ocrx_word' id='word_1_40' title='bbox 1263 632 1361 657; x_wconf 82' lang='lat' dir='ltr'>Cum</span> <span class='ocrx_word' id='word_1_41' title='bbox 1392 618 1558 670; x_wconf 87' lang='lat' dir='ltr'>pietate</span> <span class='ocrx_word' id='word_1_42' title='bbox 1592 619 1771 670; x_wconf 88' lang='lat' dir='ltr'>singulis</span> <span class='ocrx_word' id='word_1_43' title='bbox 1801 617 1955 657; x_wconf 89' lang='lat' dir='ltr'>diebus</span> 
     </span>
     <span class='ocr_line' id='line_1_7' title="bbox 325 689 1956 742; baseline 0 -14"><span class='ocrx_word' id='word_1_44' title='bbox 325 690 465 738; x_wconf 86' lang='lat' dir='ltr'>festis,</span> <span class='ocrx_word' id='word_1_45' title='bbox 504 704 631 729; x_wconf 86' lang='lat' dir='ltr'>mane</span> <span class='ocrx_word' id='word_1_46' title='bbox 674 696 716 729; x_wconf 91' lang='lat' dir='ltr'>et</span> <span class='ocrx_word' id='word_1_47' title='bbox 757 692 948 742; x_wconf 80' lang='lat' dir='ltr'>vesperi,</span> <span class='ocrx_word' id='word_1_48' title='bbox 987 690 1263 730; x_wconf 66' lang='lat' dir='ltr'>conueniunt</span> <span class='ocrx_word' id='word_1_49' title='bbox 1299 697 1315 715; x_wconf 78' lang='lat'>0</span> <span class='ocrx_word' id='word_1_50' title='bbox 1350 690 1403 728; x_wconf 92' lang='lat' dir='ltr'>ad</span> <span class='ocrx_word' id='word_1_51' title='bbox 1440 689 1727 729; x_wconf 81' lang='lat' dir='ltr'>Beatissimae</span> <span class='ocrx_word' id='word_1_52' title='bbox 1766 691 1956 741; x_wconf 84' lang='lat' dir='ltr'>Virginis</span> 
     </span>
     <span class='ocr_line' id='line_1_8' title="bbox 325 761 1958 814; baseline 0 -15"><span class='ocrx_word' id='word_1_53' title='bbox 325 762 456 800; x_wconf 89' lang='lat' dir='ltr'>horas</span> <span class='ocrx_word' id='word_1_54' title='bbox 479 762 788 810; x_wconf 77' lang='lat' dir='ltr'>concinandaS‚</span> <span class='ocrx_word' id='word_1_55' title='bbox 814 763 984 814; x_wconf 85' lang='lat' dir='ltr'>aliaque</span> <span class='ocrx_word' id='word_1_56' title='bbox 1016 762 1161 800; x_wconf 90' lang='lat' dir='ltr'>munia</span> <span class='ocrx_word' id='word_1_57' title='bbox 1190 762 1245 800; x_wconf 92' lang='lat' dir='ltr'>ad</span> <span class='ocrx_word' id='word_1_58' title='bbox 1275 761 1445 800; x_wconf 89' lang='lat' dir='ltr'>animae</span> <span class='ocrx_word' id='word_1_59' title='bbox 1476 762 1662 800; x_wconf 90' lang='lat' dir='ltr'>salutem</span> <span class='ocrx_word' id='word_1_60' title='bbox 1692 761 1958 812; x_wconf 82' lang='lat' dir='ltr'>pertinentia</span> 
     </span>
     <span class='ocr_line' id='line_1_9' title="bbox 328 833 1956 885; baseline -0.001 -14"><span class='ocrx_word' id='word_1_61' title='bbox 328 833 546 872; x_wconf 88' lang='lat' dir='ltr'>obeunda.</span> <span class='ocrx_word' id='word_1_62' title='bbox 571 834 715 885; x_wconf 81' lang='lat' dir='ltr'>Atque</span> <span class='ocrx_word' id='word_1_63' title='bbox 738 835 849 872; x_wconf 89' lang='lat' dir='ltr'>haec</span> <span class='ocrx_word' id='word_1_64' title='bbox 879 835 1070 872; x_wconf 90' lang='lat' dir='ltr'>societas</span> <span class='ocrx_word' id='word_1_65' title='bbox 1101 834 1160 871; x_wconf 88' lang='lat' dir='ltr'>ita</span> <span class='ocrx_word' id='word_1_66' title='bbox 1182 834 1422 871; x_wconf 88' lang='lat' dir='ltr'>constituta</span> <span class='ocrx_word' id='word_1_67' title='bbox 1444 838 1528 883; x_wconf 83' lang='lat' dir='ltr'>est,</span> <span class='ocrx_word' id='word_1_68' title='bbox 1551 845 1602 871; x_wconf 91' lang='lat' dir='ltr'>ac</span> <span class='ocrx_word' id='word_1_69' title='bbox 1623 838 1710 871; x_wconf 90' lang='lat' dir='ltr'>tam</span> <span class='ocrx_word' id='word_1_70' title='bbox 1731 833 1956 883; x_wconf 90' lang='lat' dir='ltr'>praeclare</span> 
     </span>
     <span class='ocr_line' id='line_1_10' title="bbox 327 903 1956 955; baseline -0.001 -13"><span class='ocrx_word' id='word_1_71' title='bbox 327 905 368 942; x_wconf 92' lang='lat' dir='ltr'>in</span> <span class='ocrx_word' id='word_1_72' title='bbox 391 904 537 955; x_wconf 90' lang='lat' dir='ltr'>legem</span> <span class='ocrx_word' id='word_1_73' title='bbox 559 904 733 943; x_wconf 88' lang='lat' dir='ltr'>Domini</span> <span class='ocrx_word' id='word_1_74' title='bbox 755 905 931 953; x_wconf 84' lang='lat' dir='ltr'>affecta,</span> <span class='ocrx_word' id='word_1_75' title='bbox 955 911 1001 942; x_wconf 91' lang='lat' dir='ltr'>ut</span> <span class='ocrx_word' id='word_1_76' title='bbox 1024 905 1141 942; x_wconf 86' lang='lat' dir='ltr'>uitae</span> <span class='ocrx_word' id='word_1_77' title='bbox 1165 904 1368 954; x_wconf 82' lang='lat' dir='ltr'>exemplo</span> <span class='ocrx_word' id='word_1_78' title='bbox 1392 916 1444 941; x_wconf 90' lang='lat' dir='ltr'>ac</span> <span class='ocrx_word' id='word_1_79' title='bbox 1474 903 1699 954; x_wconf 83' lang='lat' dir='ltr'>religionis</span> <span class='ocrx_word' id='word_1_80' title='bbox 1722 903 1956 942; x_wconf 87' lang='lat' dir='ltr'>obseruan-</span> 
     </span>
     <span class='ocr_line' id='line_1_11' title="bbox 325 974 1956 1025; baseline -0.001 -11"><span class='ocrx_word' id='word_1_81' title='bbox 325 976 385 1014; x_wconf 89' lang='lat' dir='ltr'>tia</span> <span class='ocrx_word' id='word_1_82' title='bbox 406 976 514 1014; x_wconf 90' lang='lat' dir='ltr'>alios</span> <span class='ocrx_word' id='word_1_83' title='bbox 539 977 721 1023; x_wconf 81' lang='lat' dir='ltr'>excitet,</span> <span class='ocrx_word' id='word_1_84' title='bbox 747 981 790 1014; x_wconf 90' lang='lat' dir='ltr'>et</span> <span class='ocrx_word' id='word_1_85' title='bbox 812 977 966 1014; x_wconf 88' lang='lat' dir='ltr'>mirum</span> <span class='ocrx_word' id='word_1_86' title='bbox 988 976 1029 1014; x_wconf 91' lang='lat' dir='ltr'>in</span> <span class='ocrx_word' id='word_1_87' title='bbox 1051 974 1229 1013; x_wconf 88' lang='lat' dir='ltr'>modum</span> <span class='ocrx_word' id='word_1_88' title='bbox 1251 974 1425 1013; x_wconf 86' lang='lat' dir='ltr'>alliciat.</span> <span class='ocrx_word' id='word_1_89' title='bbox 1451 974 1603 1012; x_wconf 88' lang='lat' dir='ltr'>Altera</span> <span class='ocrx_word' id='word_1_90' title='bbox 1626 978 1691 1012; x_wconf 90' lang='lat' dir='ltr'>est</span> <span class='ocrx_word' id='word_1_91' title='bbox 1720 987 1956 1025; x_wconf 91' lang='lat' dir='ltr'>puerorum</span> 
     </span>
     <span class='ocr_line' id='line_1_12' title="bbox 327 1045 1957 1098; baseline 0 -14"><span class='ocrx_word' id='word_1_92' title='bbox 327 1047 533 1095; x_wconf 84' lang='lat' dir='ltr'>societas,</span> <span class='ocrx_word' id='word_1_93' title='bbox 557 1060 741 1098; x_wconf 89' lang='lat' dir='ltr'>quorum</span> <span class='ocrx_word' id='word_1_94' title='bbox 763 1048 893 1085; x_wconf 89' lang='lat' dir='ltr'>animi</span> <span class='ocrx_word' id='word_1_95' title='bbox 914 1047 1076 1085; x_wconf 89' lang='lat' dir='ltr'>sanctis</span> <span class='ocrx_word' id='word_1_96' title='bbox 1097 1045 1332 1085; x_wconf 78' lang='lat' dir='ltr'>virtutibus</span> <span class='ocrx_word' id='word_1_97' title='bbox 1362 1045 1489 1085; x_wconf 88' lang='lat' dir='ltr'>facile</span> <span class='ocrx_word' id='word_1_98' title='bbox 1511 1045 1776 1093; x_wconf 84' lang='lat' dir='ltr'>imbuuntur,</span> <span class='ocrx_word' id='word_1_99' title='bbox 1812 1058 1864 1084; x_wconf 90' lang='lat' dir='ltr'>ac</span> <span class='ocrx_word' id='word_1_100' title='bbox 1893 1059 1957 1084; x_wconf 89' lang='lat' dir='ltr'>sa-</span> 
     </span>
     <span class='ocr_line' id='line_1_13' title="bbox 327 1118 1957 1169; baseline 0 -12"><span class='ocrx_word' id='word_1_101' title='bbox 327 1119 561 1157; x_wconf 90' lang='lat' dir='ltr'>cramentis</span> <span class='ocrx_word' id='word_1_102' title='bbox 591 1119 922 1169; x_wconf 78' lang='lat' dir='ltr'>frequentandis</span> <span class='ocrx_word' id='word_1_103' title='bbox 953 1124 1226 1157; x_wconf 85' lang='lat' dir='ltr'>assuescunt.</span> <span class='ocrx_word' id='word_1_104' title='bbox 1252 1119 1308 1156; x_wconf 93' lang='lat' dir='ltr'>Hi</span> <span class='ocrx_word' id='word_1_105' title='bbox 1332 1119 1463 1157; x_wconf 89' lang='lat' dir='ltr'>etiam</span> <span class='ocrx_word' id='word_1_106' title='bbox 1485 1119 1608 1157; x_wconf 87' lang='lat' dir='ltr'>festis</span> <span class='ocrx_word' id='word_1_107' title='bbox 1630 1118 1786 1157; x_wconf 89' lang='lat' dir='ltr'>diebus</span> <span class='ocrx_word' id='word_1_108' title='bbox 1807 1118 1849 1156; x_wconf 89' lang='lat' dir='ltr'>in</span> <span class='ocrx_word' id='word_1_109' title='bbox 1871 1118 1957 1157; x_wconf 91' lang='lat' dir='ltr'>Do-</span> 
     </span>
     <span class='ocr_line' id='line_1_14' title="bbox 326 1189 1957 1242; baseline -0.001 -13"><span class='ocrx_word' id='word_1_110' title='bbox 326 1190 428 1229; x_wconf 89' lang='lat' dir='ltr'>mini</span> <span class='ocrx_word' id='word_1_111' title='bbox 449 1190 587 1229; x_wconf 85' lang='lat' dir='ltr'>nostri</span> <span class='ocrx_word' id='word_1_112' title='bbox 610 1191 789 1242; x_wconf 90' lang='lat' dir='ltr'>eiusque</span> <span class='ocrx_word' id='word_1_113' title='bbox 813 1190 1002 1242; x_wconf 86' lang='lat' dir='ltr'>Virginis</span> <span class='ocrx_word' id='word_1_114' title='bbox 1024 1190 1173 1229; x_wconf 87' lang='lat' dir='ltr'>matris</span> <span class='ocrx_word' id='word_1_115' title='bbox 1201 1189 1369 1229; x_wconf 88' lang='lat' dir='ltr'>diuinas</span> <span class='ocrx_word' id='word_1_116' title='bbox 1400 1190 1553 1229; x_wconf 89' lang='lat' dir='ltr'>laudes</span> <span class='ocrx_word' id='word_1_117' title='bbox 1585 1189 1882 1229; x_wconf 86' lang='lat' dir='ltr'>decantandas</span> <span class='ocrx_word' id='word_1_118' title='bbox 1912 1189 1957 1228; x_wconf 92' lang='lat' dir='ltr'>li-</span> 
     </span>
     <span class='ocr_line' id='line_1_15' title="bbox 326 1262 821 1301; baseline 0 -1"><span class='ocrx_word' id='word_1_119' title='bbox 326 1262 483 1300; x_wconf 89' lang='lat' dir='ltr'>benter</span> <span class='ocrx_word' id='word_1_120' title='bbox 504 1263 775 1301; x_wconf 89' lang='lat' dir='ltr'>incumbunt.</span> <span class='ocrx_word' id='word_1_121' title='bbox 797 1266 821 1300; x_wconf 76' lang='lat'>¹.</span> 
     </span>
    </p>

    <p class='ocr_par' dir='ltr' id='par_1_4' title="bbox 322 1334 1958 2461">
     <span class='ocr_line' id='line_1_16' title="bbox 379 1334 1957 1385; baseline 0 -13"><span class='ocrx_word' id='word_1_122' title='bbox 379 1344 416 1381; x_wconf 85' lang='lat'>3.</span> <span class='ocrx_word' id='word_1_123' title='bbox 477 1334 689 1373; x_wconf 86' lang='lat' dir='ltr'>Doctrina</span> <span class='ocrx_word' id='word_1_124' title='bbox 710 1334 944 1372; x_wconf 85' lang='lat' dir='ltr'>christiana</span> <span class='ocrx_word' id='word_1_125' title='bbox 965 1348 988 1372; x_wconf 87' lang='lat' dir='ltr'>a</span> <span class='ocrx_word' id='word_1_126' title='bbox 1010 1336 1140 1372; x_wconf 86' lang='lat' dir='ltr'>Patre</span> <span class='ocrx_word' id='word_1_127' title='bbox 1163 1339 1339 1373; x_wconf 86' lang='lat' dir='ltr'>rectore</span> <span class='ocrx_word' id='word_1_128' title='bbox 1357 1334 1544 1372; x_wconf 88' lang='lat' dir='ltr'>antehac</span> <span class='ocrx_word' id='word_1_129' title='bbox 1565 1334 1607 1372; x_wconf 92' lang='lat' dir='ltr'>in</span> <span class='ocrx_word' id='word_1_130' title='bbox 1628 1334 1792 1384; x_wconf 86' lang='lat' dir='ltr'>templo</span> <span class='ocrx_word' id='word_1_131' title='bbox 1810 1334 1957 1385; x_wconf 89' lang='lat' dir='ltr'>pueris</span> 
     </span>
     <span class='ocr_line' id='line_1_17' title="bbox 329 1406 1958 1457; baseline 0 -14"><span class='ocrx_word' id='word_1_132' title='bbox 329 1407 560 1457; x_wconf 85' lang='lat' dir='ltr'>explanata</span> <span class='ocrx_word' id='word_1_133' title='bbox 592 1411 673 1453; x_wconf 89' lang='lat' dir='ltr'>est,</span> <span class='ocrx_word' id='word_1_134' title='bbox 707 1419 818 1456; x_wconf 91' lang='lat' dir='ltr'>quos</span> <span class='ocrx_word' id='word_1_135' title='bbox 848 1406 1005 1444; x_wconf 89' lang='lat' dir='ltr'>fratres</span> <span class='ocrx_word' id='word_1_136' title='bbox 1036 1407 1174 1445; x_wconf 89' lang='lat' dir='ltr'>nostri</span> <span class='ocrx_word' id='word_1_137' title='bbox 1204 1407 1246 1444; x_wconf 93' lang='lat' dir='ltr'>in</span> <span class='ocrx_word' id='word_1_138' title='bbox 1276 1406 1432 1457; x_wconf 85' lang='lat' dir='ltr'>plateis</span> <span class='ocrx_word' id='word_1_139' title='bbox 1463 1406 1634 1457; x_wconf 87' lang='lat' dir='ltr'>uijsque</span> <span class='ocrx_word' id='word_1_140' title='bbox 1664 1409 1845 1444; x_wconf 90' lang='lat' dir='ltr'>coactos</span> <span class='ocrx_word' id='word_1_141' title='bbox 1872 1406 1958 1443; x_wconf 91' lang='lat' dir='ltr'>huc</span> 
     </span>
     <span class='ocr_line' id='line_1_18' title="bbox 326 1477 1957 1529; baseline 0 -14"><span class='ocrx_word' id='word_1_142' title='bbox 326 1477 622 1525; x_wconf 80' lang='lat' dir='ltr'>deducebant3</span> <span class='ocrx_word' id='word_1_143' title='bbox 647 1478 724 1516; x_wconf 90' lang='lat' dir='ltr'>sed</span> <span class='ocrx_word' id='word_1_144' title='bbox 751 1479 837 1516; x_wconf 94' lang='lat' dir='ltr'>hoc</span> <span class='ocrx_word' id='word_1_145' title='bbox 859 1478 1053 1516; x_wconf 89' lang='lat' dir='ltr'>aduentu</span> <span class='ocrx_word' id='word_1_146' title='bbox 1084 1491 1161 1529; x_wconf 86' lang='lat' dir='ltr'>pro</span> <span class='ocrx_word' id='word_1_147' title='bbox 1194 1478 1394 1516; x_wconf 89' lang='lat' dir='ltr'>doctrina</span> <span class='ocrx_word' id='word_1_148' title='bbox 1415 1491 1439 1516; x_wconf 89' lang='lat' dir='ltr'>a</span> <span class='ocrx_word' id='word_1_149' title='bbox 1470 1478 1516 1516; x_wconf 97' lang='lat' dir='ltr'>P.</span> <span class='ocrx_word' id='word_1_150' title='bbox 1541 1477 1725 1516; x_wconf 90' lang='lat' dir='ltr'>Camillo</span> <span class='ocrx_word' id='word_1_151' title='bbox 1750 1479 1760 1497; x_wconf 80' lang='lat'><strong>²</strong></span> <span class='ocrx_word' id='word_1_152' title='bbox 1783 1477 1957 1516; x_wconf 89' lang='lat' dir='ltr'>concio-</span> 
     </span>
     <span class='ocr_line' id='line_1_19' title="bbox 324 1548 1956 1600; baseline 0 -14"><span class='ocrx_word' id='word_1_153' title='bbox 324 1561 404 1586; x_wconf 89' lang='lat' dir='ltr'>nes</span> <span class='ocrx_word' id='word_1_154' title='bbox 438 1549 653 1587; x_wconf 87' lang='lat' dir='ltr'>habentur</span> <span class='ocrx_word' id='word_1_155' title='bbox 688 1562 775 1587; x_wconf 92' lang='lat' dir='ltr'>non</span> <span class='ocrx_word' id='word_1_156' title='bbox 809 1550 902 1587; x_wconf 88' lang='lat' dir='ltr'>sine</span> <span class='ocrx_word' id='word_1_157' title='bbox 938 1549 1186 1588; x_wconf 89' lang='lat' dir='ltr'>auditorum</span> <span class='ocrx_word' id='word_1_158' title='bbox 1217 1549 1376 1596; x_wconf 83' lang='lat' dir='ltr'>fructu,</span> <span class='ocrx_word' id='word_1_159' title='bbox 1414 1548 1544 1600; x_wconf 92' lang='lat' dir='ltr'>idque</span> <span class='ocrx_word' id='word_1_160' title='bbox 1575 1561 1600 1587; x_wconf 89' lang='lat' dir='ltr'>a</span> <span class='ocrx_word' id='word_1_161' title='bbox 1628 1548 1826 1599; x_wconf 87' lang='lat' dir='ltr'>prandio,</span> <span class='ocrx_word' id='word_1_162' title='bbox 1858 1561 1956 1586; x_wconf 91' lang='lat' dir='ltr'>nam</span> 
     </span>
     <span class='ocr_line' id='line_1_20' title="bbox 325 1619 1957 1672; baseline -0.001 -14"><span class='ocrx_word' id='word_1_163' title='bbox 325 1633 451 1658; x_wconf 89' lang='lat' dir='ltr'>mane</span> <span class='ocrx_word' id='word_1_164' title='bbox 481 1620 523 1658; x_wconf 93' lang='lat' dir='ltr'>in</span> <span class='ocrx_word' id='word_1_165' title='bbox 554 1621 699 1659; x_wconf 91' lang='lat' dir='ltr'>multis</span> <span class='ocrx_word' id='word_1_166' title='bbox 730 1621 902 1671; x_wconf 89' lang='lat' dir='ltr'>templis</span> <span class='ocrx_word' id='word_1_167' title='bbox 932 1634 1019 1658; x_wconf 91' lang='lat' dir='ltr'>non</span> <span class='ocrx_word' id='word_1_168' title='bbox 1050 1622 1182 1672; x_wconf 92' lang='lat' dir='ltr'>longe</span> <span class='ocrx_word' id='word_1_169' title='bbox 1214 1634 1238 1659; x_wconf 89' lang='lat' dir='ltr'>a</span> <span class='ocrx_word' id='word_1_170' title='bbox 1267 1626 1419 1660; x_wconf 88' lang='lat' dir='ltr'>nostro</span> <span class='ocrx_word' id='word_1_171' title='bbox 1451 1619 1520 1669; x_wconf 91' lang='lat' dir='ltr'>alij</span> <span class='ocrx_word' id='word_1_172' title='bbox 1555 1619 1685 1658; x_wconf 89' lang='lat' dir='ltr'>etiam</span> <span class='ocrx_word' id='word_1_173' title='bbox 1715 1620 1782 1657; x_wconf 90' lang='lat' dir='ltr'>his</span> <span class='ocrx_word' id='word_1_174' title='bbox 1803 1619 1957 1658; x_wconf 90' lang='lat' dir='ltr'>diebus</span> 
     </span>
     <span class='ocr_line' id='line_1_21' title="bbox 325 1690 1956 1743; baseline -0.001 -13"><span class='ocrx_word' id='word_1_175' title='bbox 325 1693 655 1730; x_wconf 88' lang='lat' dir='ltr'>concionantur.</span> <span class='ocrx_word' id='word_1_176' title='bbox 681 1692 801 1730; x_wconf 85' lang='lat' dir='ltr'>Idem</span> <span class='ocrx_word' id='word_1_177' title='bbox 827 1694 871 1731; x_wconf 89' lang='lat' dir='ltr'>P.</span> <span class='ocrx_word' id='word_1_178' title='bbox 898 1698 1045 1731; x_wconf 89' lang='lat' dir='ltr'>rector</span> <span class='ocrx_word' id='word_1_179' title='bbox 1068 1693 1313 1731; x_wconf 87' lang='lat' dir='ltr'>doctrinam</span> <span class='ocrx_word' id='word_1_180' title='bbox 1336 1692 1355 1717; x_wconf 77' lang='lat' dir='ltr'>d</span> <span class='ocrx_word' id='word_1_181' title='bbox 1379 1692 1570 1742; x_wconf 83' lang='lat' dir='ltr'>explicat</span> <span class='ocrx_word' id='word_1_182' title='bbox 1599 1691 1641 1729; x_wconf 92' lang='lat' dir='ltr'>in</span> <span class='ocrx_word' id='word_1_183' title='bbox 1671 1690 1862 1743; x_wconf 90' lang='lat' dir='ltr'>hospitio</span> <span class='ocrx_word' id='word_1_184' title='bbox 1887 1691 1956 1728; x_wconf 91' lang='lat' dir='ltr'>ubi</span> 
     </span>
     <span class='ocr_line' id='line_1_22' title="bbox 325 1762 1954 1815; baseline -0.001 -14"><span class='ocrx_word' id='word_1_185' title='bbox 325 1770 511 1815; x_wconf 89' lang='lat' dir='ltr'>egentes</span> <span class='ocrx_word' id='word_1_186' title='bbox 539 1765 712 1815; x_wconf 89' lang='lat' dir='ltr'>puellae</span> <span class='ocrx_word' id='word_1_187' title='bbox 748 1777 799 1803; x_wconf 89' lang='lat' dir='ltr'>ac</span> <span class='ocrx_word' id='word_1_188' title='bbox 832 1771 1061 1814; x_wconf 89' lang='lat' dir='ltr'>parentum</span> <span class='ocrx_word' id='word_1_189' title='bbox 1100 1763 1197 1803; x_wconf 74' lang='grc' dir='ltr'>ιιὶέα</span> <span class='ocrx_word' id='word_1_190' title='bbox 1227 1764 1536 1815; x_wconf 76' lang='lat' dir='ltr'>praesidioque</span> <span class='ocrx_word' id='word_1_191' title='bbox 1568 1764 1748 1802; x_wconf 88' lang='lat' dir='ltr'>orbatae</span> <span class='ocrx_word' id='word_1_192' title='bbox 1772 1762 1954 1814; x_wconf 86' lang='lat' dir='ltr'>degunt,</span> 
     </span>
     <span class='ocr_line' id='line_1_23' title="bbox 323 1834 1956 1887; baseline -0.001 -13"><span class='ocrx_word' id='word_1_193' title='bbox 323 1849 434 1887; x_wconf 89' lang='lat' dir='ltr'>quae</span> <span class='ocrx_word' id='word_1_194' title='bbox 456 1841 543 1874; x_wconf 88' lang='lat' dir='ltr'>tam</span> <span class='ocrx_word' id='word_1_195' title='bbox 567 1837 749 1887; x_wconf 88' lang='lat' dir='ltr'>egregie</span> <span class='ocrx_word' id='word_1_196' title='bbox 772 1836 1016 1874; x_wconf 80' lang='lat' dir='ltr'>christianis</span> <span class='ocrx_word' id='word_1_197' title='bbox 1037 1837 1286 1887; x_wconf 85' lang='lat' dir='ltr'>praeceptis</span> <span class='ocrx_word' id='word_1_198' title='bbox 1307 1836 1608 1883; x_wconf 88' lang='lat' dir='ltr'>instituuntur,</span> <span class='ocrx_word' id='word_1_199' title='bbox 1632 1840 1680 1872; x_wconf 90' lang='lat' dir='ltr'>ut</span> <span class='ocrx_word' id='word_1_200' title='bbox 1707 1834 1808 1872; x_wconf 92' lang='lat' dir='ltr'>dum</span> <span class='ocrx_word' id='word_1_201' title='bbox 1840 1835 1956 1872; x_wconf 90' lang='lat' dir='ltr'>Patri</span> 
     </span>
     <span class='ocr_line' id='line_1_24' title="bbox 324 1906 1954 1953; baseline -0.001 -8"><span class='ocrx_word' id='word_1_202' title='bbox 324 1913 475 1946; x_wconf 87' lang='lat' dir='ltr'>nostro</span> <span class='ocrx_word' id='word_1_203' title='bbox 498 1908 599 1946; x_wconf 91' lang='lat' dir='ltr'>illuc</span> <span class='ocrx_word' id='word_1_204' title='bbox 620 1907 853 1946; x_wconf 89' lang='lat' dir='ltr'>accedenti</span> <span class='ocrx_word' id='word_1_205' title='bbox 874 1907 1117 1946; x_wconf 89' lang='lat' dir='ltr'>doctrinam</span> <span class='ocrx_word' id='word_1_206' title='bbox 1143 1921 1295 1946; x_wconf 89' lang='lat' dir='ltr'>omnes</span> <span class='ocrx_word' id='word_1_207' title='bbox 1318 1908 1443 1946; x_wconf 88' lang='lat' dir='ltr'>simul</span> <span class='ocrx_word' id='word_1_208' title='bbox 1465 1906 1721 1946; x_wconf 88' lang='lat' dir='ltr'>memoriter</span> <span class='ocrx_word' id='word_1_209' title='bbox 1752 1906 1954 1953; x_wconf 81' lang='lat' dir='ltr'>recitant,</span> 
     </span>
     <span class='ocr_line' id='line_1_25' title="bbox 324 1977 1956 2031; baseline 0 -15"><span class='ocrx_word' id='word_1_210' title='bbox 324 1985 411 2017; x_wconf 88' lang='lat' dir='ltr'>tam</span> <span class='ocrx_word' id='word_1_211' title='bbox 429 1979 551 2017; x_wconf 82' lang='lat' dir='ltr'>suani</span> <span class='ocrx_word' id='word_1_212' title='bbox 568 1991 815 2030; x_wconf 80' lang='lat' dir='ltr'>sonoraque</span> <span class='ocrx_word' id='word_1_213' title='bbox 834 1992 946 2018; x_wconf 83' lang='lat' dir='ltr'>uoce</span> <span class='ocrx_word' id='word_1_214' title='bbox 964 1980 1263 2031; x_wconf 86' lang='lat' dir='ltr'>pronuntient,</span> <span class='ocrx_word' id='word_1_215' title='bbox 1285 1985 1331 2017; x_wconf 91' lang='lat' dir='ltr'>ut</span> <span class='ocrx_word' id='word_1_216' title='bbox 1347 1977 1618 2017; x_wconf 89' lang='lat' dir='ltr'>audientium</span> <span class='ocrx_word' id='word_1_217' title='bbox 1636 1978 1766 2016; x_wconf 89' lang='lat' dir='ltr'>animi</span> <span class='ocrx_word' id='word_1_218' title='bbox 1788 1979 1956 2016; x_wconf 87' lang='lat' dir='ltr'>coeles-</span> 
     </span>
     <span class='ocr_line' id='line_1_26' title="bbox 324 2050 1956 2102; baseline -0.001 -14"><span class='ocrx_word' id='word_1_219' title='bbox 324 2052 353 2088; x_wconf 92' lang='lat' dir='ltr'>ti</span> <span class='ocrx_word' id='word_1_220' title='bbox 377 2050 562 2101; x_wconf 85' lang='lat' dir='ltr'>quadam</span> <span class='ocrx_word' id='word_1_221' title='bbox 583 2052 778 2089; x_wconf 86' lang='lat' dir='ltr'>armonia</span> <span class='ocrx_word' id='word_1_222' title='bbox 801 2052 1088 2099; x_wconf 83' lang='lat' dir='ltr'>commoneri,</span> <span class='ocrx_word' id='word_1_223' title='bbox 1120 2051 1442 2102; x_wconf 87' lang='lat' dir='ltr'>purissimoque</span> <span class='ocrx_word' id='word_1_224' title='bbox 1479 2051 1737 2102; x_wconf 87' lang='lat' dir='ltr'>angelorum</span> <span class='ocrx_word' id='word_1_225' title='bbox 1770 2062 1956 2088; x_wconf 91' lang='lat' dir='ltr'>concen-</span> 
     </span>
     <span class='ocr_line' id='line_1_27' title="bbox 322 2121 1954 2169; baseline -0.001 -10"><span class='ocrx_word' id='word_1_226' title='bbox 322 2127 369 2160; x_wconf 91' lang='lat' dir='ltr'>tu</span> <span class='ocrx_word' id='word_1_227' title='bbox 405 2122 592 2161; x_wconf 87' lang='lat' dir='ltr'>coelitus</span> <span class='ocrx_word' id='word_1_228' title='bbox 629 2122 843 2161; x_wconf 87' lang='lat' dir='ltr'>oblectari</span> <span class='ocrx_word' id='word_1_229' title='bbox 878 2123 1124 2162; x_wconf 88' lang='lat' dir='ltr'>uideantur.</span> <span class='ocrx_word' id='word_1_230' title='bbox 1162 2124 1256 2161; x_wconf 90' lang='lat' dir='ltr'>Vna</span> <span class='ocrx_word' id='word_1_231' title='bbox 1292 2135 1346 2161; x_wconf 81' lang='lat' dir='ltr'>ex</span> <span class='ocrx_word' id='word_1_232' title='bbox 1382 2123 1448 2160; x_wconf 89' lang='lat' dir='ltr'>his</span> <span class='ocrx_word' id='word_1_233' title='bbox 1483 2122 1567 2160; x_wconf 87' lang='lat' dir='ltr'>iam</span> <span class='ocrx_word' id='word_1_234' title='bbox 1608 2121 1954 2169; x_wconf 87' lang='lat' dir='ltr'>adolescentula,</span> 
     </span>
     <span class='ocr_line' id='line_1_28' title="bbox 322 2194 1956 2246; baseline -0.001 -14"><span class='ocrx_word' id='word_1_235' title='bbox 322 2195 580 2246; x_wconf 89' lang='lat' dir='ltr'>grauissime</span> <span class='ocrx_word' id='word_1_236' title='bbox 608 2195 649 2232; x_wconf 92' lang='lat' dir='ltr'>in</span> <span class='ocrx_word' id='word_1_237' title='bbox 680 2196 797 2233; x_wconf 89' lang='lat' dir='ltr'>lecto</span> <span class='ocrx_word' id='word_1_238' title='bbox 826 2202 1077 2246; x_wconf 83' lang='lat' dir='ltr'>aegrotans,</span> <span class='ocrx_word' id='word_1_239' title='bbox 1103 2209 1201 2234; x_wconf 92' lang='lat' dir='ltr'>cum</span> <span class='ocrx_word' id='word_1_240' title='bbox 1222 2207 1247 2233; x_wconf 92' lang='lat' dir='ltr'>a</span> <span class='ocrx_word' id='word_1_241' title='bbox 1269 2197 1399 2233; x_wconf 81' lang='lat' dir='ltr'>Patre</span> <span class='ocrx_word' id='word_1_242' title='bbox 1421 2194 1685 2232; x_wconf 88' lang='lat' dir='ltr'>inuiseretur</span> <span class='ocrx_word' id='word_1_243' title='bbox 1707 2194 1956 2244; x_wconf 88' lang='lat' dir='ltr'>sanctisque</span> 
     </span>
     <span class='ocr_line' id='line_1_29' title="bbox 323 2264 1956 2317; baseline -0.002 -11"><span class='ocrx_word' id='word_1_244' title='bbox 323 2267 699 2307; x_wconf 90' lang='lat' dir='ltr'>consolationibus</span> <span class='ocrx_word' id='word_1_245' title='bbox 730 2267 1052 2315; x_wconf 87' lang='lat' dir='ltr'>subleuaretur,</span> <span class='ocrx_word' id='word_1_246' title='bbox 1086 2266 1328 2306; x_wconf 88' lang='lat' dir='ltr'>admirabili</span> <span class='ocrx_word' id='word_1_247' title='bbox 1358 2265 1585 2317; x_wconf 84' lang='lat' dir='ltr'>patientia,</span> <span class='ocrx_word' id='word_1_248' title='bbox 1618 2264 1836 2316; x_wconf 88' lang='lat' dir='ltr'>animique</span> <span class='ocrx_word' id='word_1_249' title='bbox 1867 2277 1956 2303; x_wconf 91' lang='lat' dir='ltr'>mo-</span> 
     </span>
     <span class='ocr_line' id='line_1_30' title="bbox 322 2338 1956 2389; baseline -0.001 -13"><span class='ocrx_word' id='word_1_250' title='bbox 322 2338 551 2376; x_wconf 89' lang='lat' dir='ltr'>deratione</span> <span class='ocrx_word' id='word_1_251' title='bbox 583 2339 723 2376; x_wconf 91' lang='lat' dir='ltr'>morbi</span> <span class='ocrx_word' id='word_1_252' title='bbox 752 2339 1015 2389; x_wconf 86' lang='lat' dir='ltr'>grauitatem</span> <span class='ocrx_word' id='word_1_253' title='bbox 1047 2339 1281 2385; x_wconf 88' lang='lat' dir='ltr'>sustinens,</span> <span class='ocrx_word' id='word_1_254' title='bbox 1314 2338 1598 2376; x_wconf 87' lang='lat' dir='ltr'>laetissimam</span> <span class='ocrx_word' id='word_1_255' title='bbox 1629 2349 1676 2374; x_wconf 89' lang='lat' dir='ltr'>se</span> <span class='ocrx_word' id='word_1_256' title='bbox 1711 2342 1956 2375; x_wconf 83' lang='lat' dir='ltr'>extremum</span> 
     </span>
     <span class='ocr_line' id='line_1_31' title="bbox 322 2408 1955 2461; baseline -0.001 -13"><span class='ocrx_word' id='word_1_257' title='bbox 322 2409 438 2448; x_wconf 89' lang='lat' dir='ltr'>diem</span> <span class='ocrx_word' id='word_1_258' title='bbox 461 2409 600 2456; x_wconf 89' lang='lat' dir='ltr'>obire,</span> <span class='ocrx_word' id='word_1_259' title='bbox 625 2414 756 2460; x_wconf 90' lang='lat' dir='ltr'>atque</span> <span class='ocrx_word' id='word_1_260' title='bbox 780 2410 1067 2461; x_wconf 86' lang='lat' dir='ltr'>aegritudinis</span> <span class='ocrx_word' id='word_1_261' title='bbox 1090 2411 1177 2449; x_wconf 88' lang='lat' dir='ltr'>uim</span> <span class='ocrx_word' id='word_1_262' title='bbox 1201 2410 1492 2461; x_wconf 86' lang='lat' dir='ltr'>gratissimam</span> <span class='ocrx_word' id='word_1_263' title='bbox 1518 2408 1681 2446; x_wconf 87' lang='lat' dir='ltr'>habere</span> <span class='ocrx_word' id='word_1_264' title='bbox 1712 2408 1861 2458; x_wconf 87' lang='lat' dir='ltr'>sponsi</span> <span class='ocrx_word' id='word_1_265' title='bbox 1892 2409 1955 2446; x_wconf 90' lang='lat' dir='ltr'>sui</span> 
     </span>
    </p>
   </div>
   <div class='ocr_carea' id='block_1_3' title="bbox 325 2519 563 2523">
    <p class='ocr_par' dir='ltr' id='par_1_5' title="bbox 325 2519 563 2523">
     <span class='ocr_line' id='line_1_32' title="bbox 325 2519 563 2523; baseline 0 0"><span class='ocrx_word' id='word_1_266' title='bbox 325 2519 563 2523; x_wconf 95' lang='lat' dir='ltr'> </span> 
     </span>
    </p>
   </div>
   <div class='ocr_carea' id='block_1_4' title="bbox 368 2577 1956 2618">
    <p class='ocr_par' dir='ltr' id='par_1_6' title="bbox 368 2577 1956 2618">
     <span class='ocr_line' id='line_1_33' title="bbox 368 2577 1956 2618; baseline -0.002 -2"><span class='ocrx_word' id='word_1_267' title='bbox 368 2580 388 2599; x_wconf 73' lang='lat'>²²</span> <span class='ocrx_word' id='word_1_268' title='bbox 438 2580 491 2616; x_wconf 88' lang='lat' dir='ltr'>in.</span> <span class='ocrx_word' id='word_1_269' title='bbox 538 2581 601 2604; x_wconf 73' lang='lat' dir='ltr'>—b</span> <span class='ocrx_word' id='word_1_270' title='bbox 625 2579 885 2616; x_wconf 89' lang='lat' dir='ltr'>Conueniunt</span> <span class='ocrx_word' id='word_1_271' title='bbox 905 2580 943 2614; x_wconf 88' lang='lat' dir='ltr'>in</span> <span class='ocrx_word' id='word_1_272' title='bbox 960 2580 1081 2616; x_wconf 84' lang='lat' dir='ltr'>aedes</span> <span class='ocrx_word' id='word_1_273' title='bbox 1097 2586 1254 2616; x_wconf 85' lang='lat' dir='ltr'>nostras</span> <span class='ocrx_word' id='word_1_274' title='bbox 1273 2580 1392 2618; x_wconf 88' lang='lat' dir='ltr'>duae.</span> <span class='ocrx_word' id='word_1_275' title='bbox 1438 2585 1501 2604; x_wconf 81' lang='lat'>—0</span> <span class='ocrx_word' id='word_1_276' title='bbox 1521 2579 1732 2616; x_wconf 85' lang='lat' dir='ltr'>accedunt.</span> <span class='ocrx_word' id='word_1_277' title='bbox 1786 2577 1853 2603; x_wconf 75' lang='lat' dir='ltr'>—d</span> <span class='ocrx_word' id='word_1_278' title='bbox 1874 2577 1956 2613; x_wconf 83' lang='lat' dir='ltr'>xia-</span> 
     </span>
    </p>
   </div>
   <div class='ocr_carea' id='block_1_5' title="bbox 321 2652 427 2676">
    <p class='ocr_par' dir='ltr' id='par_1_7' title="bbox 321 2652 427 2676">
     <span class='ocr_line' id='line_1_34' title="bbox 321 2652 427 2676; baseline 0 0"><span class='ocrx_word' id='word_1_279' title='bbox 321 2652 427 2676; x_wconf 80' lang='lat' dir='ltr'>nam.</span> 
     </span>
    </p>
   </div>
   <div class='ocr_carea' id='block_1_6' title="bbox 321 2794 1956 3081">
    <p class='ocr_par' dir='ltr' id='par_1_8' title="bbox 321 2794 1953 2905">
     <span class='ocr_line' id='line_1_35' title="bbox 370 2794 1953 2843; baseline 0 -10"><span class='ocrx_word' id='word_1_280' title='bbox 370 2799 378 2818; x_wconf 86' lang='lat'>¹</span> <span class='ocrx_word' id='word_1_281' title='bbox 434 2796 540 2833; x_wconf 87' lang='lat' dir='ltr'>Vide</span> <span class='ocrx_word' id='word_1_282' title='bbox 559 2808 664 2843; x_wconf 90' lang='lat' dir='ltr'>quae</span> <span class='ocrx_word' id='word_1_283' title='bbox 684 2796 732 2832; x_wconf 86' lang='lat' dir='ltr'>de</span> <span class='ocrx_word' id='word_1_284' title='bbox 753 2796 872 2832; x_wconf 85' lang='lat' dir='ltr'>simili</span> <span class='ocrx_word' id='word_1_285' title='bbox 902 2796 1095 2833; x_wconf 81' lang='lat' dir='ltr'>societate</span> <span class='ocrx_word' id='word_1_286' title='bbox 1121 2795 1295 2833; x_wconf 85' lang='lat' dir='ltr'>Genuae</span> <span class='ocrx_word' id='word_1_287' title='bbox 1326 2796 1537 2833; x_wconf 81' lang='lat' dir='ltr'>exsistenti</span> <span class='ocrx_word' id='word_1_288' title='bbox 1564 2795 1753 2833; x_wconf 84' lang='lat' dir='ltr'>dicuntur</span> <span class='ocrx_word' id='word_1_289' title='bbox 1783 2795 1822 2831; x_wconf 90' lang='lat' dir='ltr'>in</span> <span class='ocrx_word' id='word_1_290' title='bbox 1850 2794 1953 2833; x_wconf 80' lang='lat' dir='ltr'>Lz‘tt.</span> 
     </span>
     <span class='ocr_line' id='line_1_36' title="bbox 321 2855 1162 2905; baseline -0.007 -9"><span class='ocrx_word' id='word_1_291' title='bbox 321 2857 571 2905; x_wconf 51' lang='lat' dir='ltr'>Quadrima,</span> <span class='ocrx_word' id='word_1_292' title='bbox 597 2855 647 2900; x_wconf 90' lang='lat' dir='ltr'>V,</span> <span class='ocrx_word' id='word_1_293' title='bbox 672 2855 751 2900; x_wconf 82' lang='lat'>127,</span> <span class='ocrx_word' id='word_1_294' title='bbox 772 2855 956 2900; x_wconf 79' lang='lat'>290-291,</span> <span class='ocrx_word' id='word_1_295' title='bbox 978 2855 1059 2900; x_wconf 69' lang='lat'>499,</span> <span class='ocrx_word' id='word_1_296' title='bbox 1078 2856 1162 2893; x_wconf 79' lang='lat'><strong>628.</strong></span> 
     </span>
    </p>

    <p class='ocr_par' dir='ltr' id='par_1_9' title="bbox 323 2913 1956 3081">
     <span class='ocr_line' id='line_1_37' title="bbox 369 2913 1956 2962; baseline -0.004 -8"><span class='ocrx_word' id='word_1_297' title='bbox 369 2919 382 2938; x_wconf 86' lang='lat'>²</span> <span class='ocrx_word' id='word_1_298' title='bbox 432 2916 477 2954; x_wconf 91' lang='lat' dir='ltr'>In</span> <span class='ocrx_word' id='word_1_299' title='bbox 496 2917 615 2954; x_wconf 88' lang='lat' dir='ltr'>catal.</span> <span class='ocrx_word' id='word_1_300' title='bbox 636 2916 727 2953; x_wconf 93' lang='lat' dir='ltr'>coll.</span> <span class='ocrx_word' id='word_1_301' title='bbox 749 2914 952 2952; x_wconf 86' lang='lat' dir='ltr'>florentini</span> <span class='ocrx_word' id='word_1_302' title='bbox 972 2916 1050 2952; x_wconf 92' lang='lat' dir='ltr'>diei</span> <span class='ocrx_word' id='word_1_303' title='bbox 1080 2917 1122 2952; x_wconf 80' lang='lat'>13</span> <span class='ocrx_word' id='word_1_304' title='bbox 1142 2916 1301 2962; x_wconf 86' lang='lat' dir='ltr'>Aprilis</span> <span class='ocrx_word' id='word_1_305' title='bbox 1323 2915 1413 2953; x_wconf 75' lang='lat'>1560</span> <span class='ocrx_word' id='word_1_306' title='bbox 1431 2920 1670 2953; x_wconf 87' lang='lat' dir='ltr'>numeratur</span> <span class='ocrx_word' id='word_1_307' title='bbox 1687 2914 1733 2952; x_wconf 90' lang='lat' dir='ltr'>P.</span> <span class='ocrx_word' id='word_1_308' title='bbox 1756 2913 1956 2951; x_wconf 79' lang='lat' dir='ltr'>Camillus</span> 
     </span>
     <span class='ocr_line' id='line_1_38' title="bbox 323 2974 1953 3023; baseline -0.004 -8"><span class='ocrx_word' id='word_1_309' title='bbox 323 2976 642 3021; x_wconf 88' lang='lat' dir='ltr'>Vannuzo(eod.</span> <span class='ocrx_word' id='word_1_310' title='bbox 666 2975 792 3012; x_wconf 82' lang='lat' dir='ltr'>Rom.</span> <span class='ocrx_word' id='word_1_311' title='bbox 827 2974 932 3017; x_wconf 70' lang='lat'>781³,</span> <span class='ocrx_word' id='word_1_312' title='bbox 966 2989 1002 3012; x_wconf 90' lang='lat' dir='ltr'>n.</span> <span class='ocrx_word' id='word_1_313' title='bbox 1036 2975 1131 3020; x_wconf 83' lang='lat'><strong>192).</strong></span> <span class='ocrx_word' id='word_1_314' title='bbox 1166 2974 1285 3012; x_wconf 89' lang='lat' dir='ltr'>Diem</span> <span class='ocrx_word' id='word_1_315' title='bbox 1317 2988 1552 3023; x_wconf 86' lang='lat' dir='ltr'>supremum</span> <span class='ocrx_word' id='word_1_316' title='bbox 1583 2975 1680 3012; x_wconf 87' lang='lat' dir='ltr'>obiit</span> <span class='ocrx_word' id='word_1_317' title='bbox 1711 2987 1817 3011; x_wconf 85' lang='lat' dir='ltr'>anno</span> <span class='ocrx_word' id='word_1_318' title='bbox 1849 2974 1953 3010; x_wconf 79' lang='lat'><strong>1564.</strong></span> 
     </span>
     <span class='ocr_line' id='line_1_39' title="bbox 323 3034 950 3081; baseline -0.006 -5"><span class='ocrx_word' id='word_1_319' title='bbox 323 3037 388 3076; x_wconf 78' lang='lat' dir='ltr'>Cf.</span> <span class='ocrx_word' id='word_1_320' title='bbox 411 3036 598 3074; x_wconf 82' lang='lat' dir='ltr'>Polcmci</span> <span class='ocrx_word' id='word_1_321' title='bbox 617 3036 796 3081; x_wconf 84' lang='lat' dir='ltr'>Compl.‚</span> <span class='ocrx_word' id='word_1_322' title='bbox 818 3034 847 3079; x_wconf 88' lang='grc' dir='ltr'>Ι,</span> <span class='ocrx_word' id='word_1_323' title='bbox 869 3035 950 3073; x_wconf 67' lang='lat'><strong>468.</strong></span> 
     </span>
    </p>
   </div>
  </div>
 </body>
</html>
