2038 3400
537 354 886 394 :zzz—Lixmzmo
918 356 930 392 l
965 352 1061 392 ΗΕΒ.
1098 355 1185 392 1559
1584 352 1629 392 67

51 459 272 500 abundent
295 459 684 505 consolationibus,
711 464 753 496 et
775 459 979 496 iuuentus
1001 464 1149 496 nostra
1171 456 1211 494 in
1236 457 1361 495 verbi
1384 456 1464 494 Dei
1487 455 1678 495 ministe-

53 534 114 571 rio
146 536 422 570 exerceatur.

104 606 142 642 8.
203 602 355 641 Studia
376 602 506 640 etiam
528 601 719 639 literaria
750 600 982 639 commode
1013 599 1319 651 foeliciterque
1348 599 1612 649 procedunt3
1637 604 1681 637 et

52 674 247 724 quamuis
278 672 585 724 grammaticos
623 677 665 710 et
701 673 975 710 humanistas
996 676 1195 710 atantum
1232 673 1318 709 hoc
1349 683 1461 709 anno
1494 670 1680 707 retinea-

53 759 161 791 mus,
185 757 403 795 nemoque
426 744 480 781 sit
510 745 575 791 (vt
596 744 744 789 antea)
765 744 838 793 qui
866 743 1050 794 publicis
1082 742 1476 781 declamationibus
1497 741 1606 778 alios
1628 740 1681 777 ad

53 816 295 854 studiorum
317 816 539 853 feruorem
571 815 711 853 soleat
743 815 1024 855 inflammare,
1060 828 1113 852 ex
1145 827 1192 852 se
1223 820 1369 851 tamen
1404 825 1556 850 omnes
1579 810 1682 848 satis

53 887 233 934 alacres,
265 892 308 924 et
336 885 389 923 ad
420 885 584 923 maiora
614 884 835 923 literarum
866 885 1138 923 incrementa
1164 884 1459 935 promptiores
1486 882 1682 933 quotidie

55 957 343 1009 reperiuntur.
378 957 532 995 Solent
564 956 693 994 etiam
725 955 982 994 sacerdotes
1013 955 1139 994 huius
1170 955 1345 1007 collegii
1375 968 1421 993 sc
1449 955 1491 991 in
1513 954 1685 991 casibus

55 1027 352 1067 conscientiae
374 1027 548 1078 publice
583 1027 871 1078 priuatimque
904 1039 1132 1065 exercere.
1158 1028 1212 1064 Vt
1245 1027 1358 1064 enim
1390 1026 1430 1063 in
1459 1024 1685 1075 poeniten-

56 1099 205 1137 tiariae
228 1100 357 1149 (quae
381 1104 448 1136 est
471 1098 661 1136 omnium
687 1098 993 1146 celeberrima)
1025 1097 1277 1135 muneribus
1309 1096 1523 1134 obeundis
1555 1107 1686 1145 expe-

57 1171 238 1209 ditiores
255 1170 543 1221 reperiantur,
564 1174 775 1207 statutum
793 1175 861 1207 est
879 1176 925 1207 vt
940 1176 1156 1220 proponat
1174 1169 1371 1220 quotidie
1389 1166 1686 1218 vnusquisquc

58 1256 202 1280 casum
227 1255 358 1279 vnum
380 1247 453 1279 aut
471 1242 670 1288 alterum,
692 1239 814 1279 cuius
836 1241 1102 1278 solutionem
1121 1253 1175 1278 ex
1195 1239 1512 1279 celebrioribus
1535 1238 1687 1276 autho-

58 1314 175 1352 ribus
197 1313 472 1363 desumptam
495 1312 705 1351 memoria
725 1316 892 1359 teneat,
917 1317 963 1350 vt
994 1317 1224 1362 postquam
1254 1311 1297 1349 in
1329 1310 1543 1360 emicyclo
1568 1320 1689 1347 suam

58 1385 240 1435 quisque
263 1383 423 1422 dixerit
444 1383 722 1430 Sententiam,
746 1383 956 1430 resoluat,
981 1383 1053 1433 qui
1087 1382 1330 1434 proposuit,
1365 1394 1461 1419 cum
1493 1380 1689 1419 doctoris

61 1456 125 1493 sui
160 1455 431 1500 testimonio,
463 1454 613 1504 sicque
645 1453 797 1492 mirum
820 1457 886 1491 est
909 1453 1027 1491 dictu
1049 1459 1257 1504 quantum
1288 1452 1413 1490 breui
1443 1451 1687 1502 proficiant,

62 1540 157 1565 cum
179 1526 437 1577 praesertim
459 1526 666 1564 continuo
691 1525 1017 1564 confessionum
1042 1525 1255 1563 exercitio
1279 1524 1376 1562 talis
1407 1523 1607 1562 theorica
1636 1520 1690 1560 ad

63 1610 209 1635 veram
232 1597 397 1648 praxim
420 1597 670 1635 reducatur.
695 1596 820 1634 Vnde
838 1596 886 1633 fit
902 1602 949 1634 vt
970 1595 1109 1634 nostri
1125 1596 1167 1633 in
1189 1597 1270 1634 hac
1291 1600 1414 1645 parte
1439 1600 1482 1632 et
1505 1592 1625 1631 docti
1649 1598 1692 1630 et

63 1668 255 1719 expediti
282 1668 540 1706 habeantur.
574 1669 817 1719 Propterea
847 1667 991 1706 solent
1017 1666 1202 1718 plebani
1229 1668 1248 1691 b
1281 1670 1323 1704 et
1354 1665 1425 1704 alii
1455 1665 1692 1703 animarum

61 1745 259 1791 pastores
281 1753 361 1778 nos
382 1740 636 1790 frequenter
655 1740 902 1785 consulere,
926 1744 968 1776 et
985 1738 1020 1776 si
1036 1752 1145 1789 quos
1168 1739 1359 1777 habeant
1376 1735 1693 1775 difficilioribus

63 1811 233 1849 casibus
255 1809 450 1856 irrititos,
476 1810 529 1848 ad
550 1823 631 1847 nos
653 1810 964 1848 transmittere.
991 1809 1129 1848 Huius
1150 1809 1279 1847 etiam
1303 1807 1367 1846 rei
1383 1807 1523 1859 gratia
1544 1806 1596 1845 ad
1614 1819 1694 1844 nos

64 1884 285 1921 confluunt
318 1882 439 1919 multi
470 1881 541 1931 qui
574 1880 884 1920 ecclesiasticis
917 1881 1112 1919 censuris
1144 1880 1340 1931 impliciti
1370 1878 1693 1918 absolutionem

65 1954 320 2005 importunis
350 1953 553 2003 precibus
585 1952 843 2003 efflagitant:
876 1954 915 1990 in
947 1953 1102 2003 quibus
1135 1951 1291 2002 siquid
1323 1949 1694 2002 deprehendimus

65 2038 162 2064 esse
195 2025 235 2063 in
262 2024 378 2062 sedis
399 2024 669 2075 apostolicae
692 2028 764 2062 aut
787 2024 1124 2062 diocesanorum
1152 2022 1481 2074 praeiudicium,
1507 2023 1599 2060 sine
1623 2033 1696 2058 ex-

64 2109 214 2146 pressa
243 2094 413 2135 illorum
447 2095 656 2133 facultate
686 2108 773 2132 non
803 2095 1084 2141 absoluimus,
1118 2095 1316 2145 quamuis
1346 2106 1424 2144 pro
1456 2091 1696 2143 priuilegiis

65 2167 189 2205 nobis
225 2166 401 2205 indultis
432 2165 661 2216 aliquando
697 2166 930 2216 possimus.
970 2167 1032 2204 Ex
1069 2178 1155 2217 quo
1192 2166 1374 2204 multum
1411 2164 1697 2203 aedificantur

69 2238 195 2277 vicini
218 2238 427 2288 episcopi,
453 2236 601 2275 vicarii
621 2242 664 2275 et
676 2237 861 2288 plebani
875 2244 910 2285 0,
936 2242 978 2275 et
1000 2238 1126 2276 nobis
1148 2238 1263 2275 vltro
1287 2250 1387 2275 suas
1407 2236 1527 2274 vices
1545 2235 1698 2273 autho-

67 2311 327 2360 ritatemque
350 2307 640 2350 committunt,
674 2309 805 2347 immo
838 2309 1071 2347 obsecrant
1103 2314 1148 2347 vt
1179 2308 1220 2346 in
1251 2308 1303 2346 iis
1333 2320 1445 2359 quae
1474 2306 1526 2345 ad
1551 2318 1698 2344 curam

68 2380 306 2419 animarum
328 2384 542 2431 spectant,
567 2385 884 2431 cooperatores
906 2379 1009 2431 ipsis
1032 2392 1131 2417 esse
1155 2380 1358 2417 velimus.

119 2466 157 2499 o.
218 2452 543 2489 Maceratenses
563 2450 820 2501 importunis
841 2450 1045 2502 precibus
1074 2450 1315 2501 efflagitant
1336 2455 1586 2488 nostrorum
1605 2460 1699 2498 pre-

70 2523 267 2567 sentiam,
304 2521 429 2561 nobis
470 2528 634 2561 certam
669 2534 791 2574 spem
831 2521 986 2561 dantes
1016 2523 1112 2560 fore
1155 2528 1199 2560 vt
1229 2522 1355 2560 breui
1376 2521 1504 2572 ampli
1534 2520 1701 2558 reditus

69 2596 109 2633 in
132 2608 261 2633 vnum
284 2595 548 2633 reducantur
569 2594 623 2632 ad
644 2594 748 2632 noui
770 2594 947 2645 collegii
969 2594 1256 2641 erectionem,
1282 2598 1326 2631 et
1347 2593 1388 2630 in
1426 2605 1478 2629 eo
1502 2591 1623 2629 multi
1647 2603 1699 2628 ex

70 2667 211 2704 animo
236 2666 462 2704 elaborant
486 2666 509 2703 ¹.
535 2667 765 2704 Enituntur
788 2666 959 2703 interim
981 2666 1328 2715 quibuscumque
1352 2664 1492 2703 modis
1520 2667 1703 2714 possunt

73 2740 184 2775 bene
216 2737 375 2775 mereri
396 2736 450 2774 de
473 2737 714 2775 Societate.
742 2736 835 2774 Fuit
858 2736 969 2786 apud
1001 2736 1118 2786 ipsos
1148 2735 1320 2782 nobilis,
1345 2735 1502 2773 doctus
1535 2739 1578 2771 et
1609 2733 1704 2782 pius

122 2917 139 2934 a
172 2908 454 2945 humaniorum
475 2908 686 2944 literarum
704 2908 916 2945 studiosos.
972 2910 1035 2932 -ὓ
1069 2909 1269 2944 curione-s.
1326 2929 1333 2932 -
1373 2916 1388 2931 ¹*
1434 2906 1634 2942 curiones.

125 3050 128 3066 ¹
189 3047 329 3082 Nlense
366 3046 476 3094 Majo
507 3047 600 3083 anni
636 3048 719 3083 1501
753 3047 971 3091 collegium
1008 3046 1048 3083 ς.
1079 3046 1113 3092 ΚΙ.
1154 3047 1315 3082 missum
1346 3051 1404 3081 est
1443 3045 1705 3081 maceranum.

80 3104 143 3143 Cf.
171 3105 320 3142 latinii
341 3106 548 3147 Monum.,
575 3105 623 3149 V,
644 3106 727 3148 505,
746 3104 829 3149 5¹22,
849 3105 919 3141 52⁵¹
