2038 3400
331 223 400 260 314
799 223 1018 260 Llr‘ffluAE
1045 224 1405 269 QUADRmEsTREs

286 328 417 375 saepe
441 326 558 364 inter
589 327 772 376 pueros)
794 334 812 350 ἃ
834 326 1123 377 reperiuntur.
1151 326 1338 364 Maiores
1360 326 1572 365 hactenus
1594 327 1635 365 in
1666 327 1910 377 grammati-

287 410 436 436 corum
470 397 640 449 legibus
672 403 850 436 strenue
881 397 984 436 satis
1014 399 1280 445 laborarunt,
1317 411 1432 436 nunc
1463 412 1568 437 uero
1604 397 1658 437 ad
1690 404 1912 437 oratorum

286 473 523 520 praecepta
544 482 644 507 sese
667 469 917 520 disponunt,
941 471 1012 520 quj
1036 482 1140 508 sane
1162 476 1356 508 nostram
1380 471 1735 521 expectationem
1756 471 1798 508 in
1819 471 1912 508 lite-

285 541 342 579 ris
376 541 573 591 quotidie
609 546 829 592 superant.
868 540 1013 580 Pietas
1044 547 1190 580 autern
1225 540 1265 579 in
1300 540 1402 592 ipsis
1439 542 1509 580 uel
1543 542 1585 580 in
1606 542 1692 580 hoc
1726 541 1913 580 maxime

284 611 558 662 perspicitur,
583 612 701 663 quod
732 626 809 651 sua
838 619 995 664 sponte
1027 625 1183 664 magna
1214 625 1310 651 cum
1333 612 1574 651 deuotione
1596 613 1753 652 diuinis
1783 614 1914 651 rebus

285 683 481 735 quotidie
503 682 734 723 intersunt.
768 685 976 724 Libenter
997 687 1017 711 b
1047 687 1086 725 el‘
1108 685 1355 724 catechesis
1384 685 1622 724 lectionem
1652 698 1749 724 cum
1786 697 1914 723 euan-

284 756 428 807 gelica
455 756 731 806 expositione
766 757 962 804 audiunt,
996 757 1347 808 confitenturque
1379 757 1601 795 mensibus
1632 757 1828 808 singulis3
1861 769 1913 794 ex

285 828 440 879 quibus
461 832 669 879 quantum
690 828 857 867 fructus
881 830 1127 880 colligatur,
1160 829 1264 867 satis
1296 829 1411 867 clare
1428 829 1729 879 perspicimus
1750 836 1780 868 0.
1805 828 1914 866 Nam

285 899 364 950 ipsi
386 899 460 949 (de
483 900 719 938 maioribus
741 900 914 950 loquor)
944 906 1118 951 praeter
1154 901 1236 938 alia
1266 900 1328 938 sic
1360 912 1523 938 exosos
1553 901 1715 938 habent
1738 905 1915 938 sanctae

288 971 504 1009 ecclesiae
525 971 818 1019 aduersarios,
844 977 888 1010 ut
911 984 1055 1023 neque
1079 984 1157 1010 eos
1178 971 1344 1019 audire,
1362 984 1506 1023 neque
1531 984 1680 1010 eorum
1704 971 1836 1009 libros
1859 971 1916 1008 le-

286 1056 393 1094 gere
417 1043 564 1082 uelint.
588 1043 785 1092 Quorum
813 1044 1007 1093 nonnullj
1030 1050 1315 1095 posteaquam
1338 1043 1651 1081 intellexerunt
1673 1042 1916 1080 haeretico-

287 1128 379 1153 rum
401 1115 561 1167 scripta
595 1115 711 1154 nulla
733 1116 903 1154 ratione
925 1115 1115 1167 legenda
1137 1128 1251 1162 esse,
1276 1115 1431 1166 partim
1466 1115 1592 1153 nobis
1614 1120 1659 1152 ut
1683 1127 1735 1152 ea
1755 1115 1917 1153 lacera-

287 1200 433 1226 remus
454 1186 489 1235 d,
512 1187 667 1238 partim
692 1189 822 1226 etiam
843 1188 1019 1239 ipsimet
1040 1200 1198 1239 magna
1215 1199 1312 1225 cum
1335 1187 1561 1226 alacritate
1579 1188 1914 1226 conbusserunt:

290 1261 420 1298 tanta
442 1261 505 1299 est
528 1259 575 1298 in
600 1259 827 1298 nonnullis
843 1259 1002 1310 pueris
1023 1260 1173 1298 cordis
1191 1260 1409 1310 puerlzffas.

340 1342 378 1369 2.
438 1331 606 1383 Elapsis
624 1331 778 1369 diebus
813 1332 1004 1381 «Euripb
1027 1332 1188 1382 populo
1209 1330 1450 1369 exhibuere
1468 1330 1741 1382 tragoediam
1763 1335 1786 1378 ¹,
1806 1344 1917 1382 quae

288 1403 322 1442 si
352 1404 440 1442 ulla
469 1404 566 1450 alia,
599 1404 710 1442 haec
740 1416 844 1442 sane
876 1409 1013 1441 totam
1044 1402 1162 1441 uitae
1189 1404 1405 1441 humanae
1435 1402 1650 1442 rationem
1671 1404 1852 1455 pulchre
1875 1409 1919 1441 et

289 1476 517 1526 eleganter
541 1475 758 1526 exprimit.
783 1477 908 1513 Haec
924 1475 1040 1513 actio
1061 1475 1200 1526 primo
1223 1474 1398 1526 quidem
1416 1488 1584 1513 summo
1609 1488 1705 1514 cum
1729 1474 1918 1513 omnium

287 1548 496 1599 applausu
529 1553 572 1586 et
606 1548 736 1586 laude
767 1554 947 1599 peracta
979 1554 1062 1595 est3
1095 1548 1292 1587 secunda
1316 1554 1333 1572 e
1363 1554 1510 1586 autem
1545 1548 1637 1587 uice
1670 1553 1790 1586 tanta
1821 1560 1918 1586 cum

289 1620 479 1658 omnium
516 1620 819 1667 admiratione,
854 1624 899 1658 ut
920 1620 1124 1671 permulti
1159 1625 1311 1670 aperte
1343 1620 1353 1644 f
1383 1620 1581 1658 dicerent
1612 1633 1659 1658 se
1680 1632 1767 1658 non
1788 1632 1919 1670 posse

287 1692 407 1739 satis,
432 1697 522 1730 tum
545 1692 780 1740 actionem,
804 1697 895 1730 tum
925 1698 1102 1730 actores
1123 1691 1242 1743 ipsos
1265 1692 1593 1739 commendare,
1622 1692 1783 1743 placuit
1806 1692 1919 1729 enim

288 1764 426 1814 magis
448 1777 575 1814 quam
598 1768 742 1811 antea,
768 1769 812 1802 et
834 1777 963 1815 supra
984 1777 1110 1814 quam
1134 1764 1219 1802 dici
1240 1769 1404 1814 potest.
1429 1765 1542 1802 Hinc
1568 1777 1656 1802 non
1677 1771 1699 1795 Ξ
1719 1764 1846 1814 pauci
1867 1761 1920 1801 ad

287 1836 498 1886 pietatem
528 1836 730 1887 permoti,
766 1836 835 1885 alij
873 1835 927 1874 ad
961 1836 1279 1886 poenitentiam
1316 1841 1359 1873 et
1394 1836 1511 1874 uitae
1548 1834 1917 1881 emendationem,

289 1907 477 1945 maxime
498 1912 677 1958 propter
712 1907 827 1945 illam
849 1907 1177 1945 teterrimorum
1200 1906 1463 1945 daemonum
1487 1913 1708 1946 cateruam
1731 1906 1831 1945 illuc
1861 1906 1918 1944 in-

288 1979 610 2026 troductorum,
643 1979 714 2029 quj
753 1979 937 2017 animam
973 1978 1121 2030 Euripi
1155 1978 1366 2017 factitiam
1401 1992 1420 2018 e
1447 1978 1671 2030 faucibus
1704 1980 1917 2029 ereptam,

290 2050 527 2089 crudeliter
550 2050 810 2088 dilaniarunt
833 2055 877 2088 et
907 2050 1090 2088 flammis
1120 2050 1408 2088 tradiderunt.
1442 2050 1744 2088 Intelleximus
1774 2056 1919 2088 autem

289 2122 521 2161 nonnullos
542 2122 583 2160 in
606 2120 853 2171 huiusmodj
877 2122 957 2172 piis
980 2121 1426 2172 contemplationibus
1447 2120 1540 2159 dies
1571 2122 1735 2172 aliquot
1756 2127 1920 2159 transe-

288 2195 421 2245 gisse.
447 2195 571 2232 Hanc
591 2199 786 2232 nostram
808 2195 1028 2232 actionem
1050 2206 1127 2237 sua
1152 2194 1402 2244 praesentia
1424 2193 1699 2232 decorarunt
1721 2194 1739 2218 ¹¹
1762 2193 1810 2232 in
1826 2193 1921 2244 pri-

291 2265 375 2304 mis
405 2271 551 2304 rector
583 2265 894 2312 uniuersitatis,
920 2265 983 2302 vir
1013 2264 1215 2315 apprime
1250 2264 1406 2303 nobilis
1427 2269 1454 2312 2,
1490 2278 1572 2303 una
1603 2277 1699 2303 cum
1731 2265 1920 2303 cuiusuis

289 2338 507 2376 facultatis
543 2337 815 2383 doctoribus,
852 2338 861 2362 i
902 2337 1058 2375 artium
1094 2337 1336 2375 liberalium
1381 2337 1614 2388 magistris,
1656 2336 1667 2368 J‘
1714 2336 1922 2374 studiosis

290 2422 417 2461 quam
438 2410 647 2460 plurimis,
672 2422 723 2448 ac
745 2421 903 2460 magna
931 2415 1055 2460 parte
1087 2409 1223 2459 uulgi3
1245 2409 1317 2460 qui
1340 2421 1493 2447 omnes
1514 2421 1592 2460 per
1613 2413 1799 2460 quatuor
1821 2421 1922 2447 con-

337 2584 356 2603 a
407 2596 510 2632 quae
532 2585 667 2630 pueris
686 2583 903 2621 familiaria
922 2595 1011 2620 esse
1030 2584 1176 2620 solent.
1243 2584 1307 2608 ——b
1330 2589 1369 2620 et
1388 2583 1575 2620 libenter.
1643 2589 1706 2608 —0
1727 2581 1923 2629 intelligi·

292 2656 392 2682 muS.
453 2644 513 2669 —d
534 2644 801 2681 tradiderunt.
866 2652 932 2671 ..e
953 2643 1131 2682 secundo
1159 2642 1337 2681 exhibita
1364 2649 1436 2680 est.
1503 2643 1561 2668 —f
1589 2643 1680 2689 Seq.
1701 2642 1784 2680 del.
1820 2641 1922 2679 diee-

291 2708 393 2742 rent.
445 2711 515 2737 -ξ
535 2716 613 2741 non
634 2708 771 2751 supra
787 2714 895 2741 vers.
951 2706 1017 2730 —11
1039 2703 1260 2741 decorauit.
1313 2704 1370 2729 —i
1398 2708 1448 2740 et.
1504 2703 1559 2735 —J'
1588 2715 1647 2740 ac.

341 2874 348 2892 ¹
404 2871 466 2909 Cf.
506 2871 605 2908 Lz'tt.
642 2871 892 2918 Quadam„
924 2871 977 2912 V,
1015 2870 1096 2916 314;
1134 2869 1491 2911 BRAUNSBERGER‚
1528 2869 1582 2906 Β.
1608 2868 1733 2907 Petri
1761 2870 1927 2907 Canisiz'

293 2932 429 2978 episi„
457 2930 508 2974 ΙΙ,
530 2930 612 2967 877.

340 2991 353 3010 ²
404 2988 618 3027 Ernfridus
638 3002 773 3026 comes
792 2991 842 3026 ab
863 2989 1127 3036 Ortemburg.
1151 2989 1213 3027 Cf,
1240 2989 1471 3031 MEDERER,
1502 2988 1697 3025 Annales
1723 2987 1924 3033 ingolsta-

297 3051 464 3089 diensis
482 3049 762 3095 Academiae,
782 3049 812 3093 Ι,
832 3049 915 3087 256.
