2038 3400
538 286 876 324 338—PAN0RM0
904 286 948 323 15
969 285 1170 332 JANUARH
1199 285 1290 323 1560
1616 288 1685 325 493

115 389 294 439 singulis
315 387 468 426 diebus
487 389 603 437 jouis
625 388 1029 434 declamationibus,
1065 394 1107 426 et
1137 388 1232 436 alijs
1268 389 1397 426 etiam
1432 388 1736 427 hebdomadae

115 457 269 497 diebus
304 442 398 508 alijs
434 459 823 497 exercitationibus
859 460 1134 497 excoluntur.
1176 460 1370 497 Numero
1411 465 1556 497 autem
1597 462 1738 498 exteri

117 530 313 580 discipuli
349 536 448 567 sunt
483 530 656 568 circiter
688 530 866 568 ducenti
897 536 940 568 et
970 530 1162 580 triginta:
1195 543 1270 568 sex
1292 542 1401 569 uero
1423 532 1666 576 nostrates;
1688 545 1739 570 ex

116 601 277 651 quibas
298 601 384 639 duo
406 609 424 626 a
446 602 487 639 in
508 603 797 640 renouatione
829 601 1068 639 studiorum
1101 601 1206 639 duas
1241 602 1283 639 in
1319 603 1481 651 templo
1519 603 1739 640 orationes

116 672 375 720 habuerunt,
398 686 485 711 non
507 674 674 724 uulgari
696 673 871 724 quidem
894 686 991 711 cum
1027 674 1216 711 omnium
1251 673 1497 711 auditorum
1532 673 1657 711 laude
1696 679 1740 711 et

115 744 446 795 approbatione.
480 745 605 795 Legit
636 745 810 795 insuper
838 746 961 783 Pater
978 745 1194 782 Antonius
1217 745 1470 791 Soldeuilla,
1494 750 1593 795 post
1616 745 1740 782 disci-

115 817 314 866 pulorum
336 816 647 862 dimissionem,
672 830 750 855 eos
785 830 894 867 quos
932 817 1073 867 uulgo
1111 829 1236 854 casus
1272 817 1570 854 conscientiae
1606 817 1740 853 nomi-

115 892 232 934 nant,
257 888 398 938 amplo
422 900 524 926 sane
549 900 645 925 cum
667 888 936 926 audientium
956 887 1100 926 fructu
1123 894 1167 926 et
1189 887 1587 925 commendatione.

196 959 319 997 Haec
339 959 431 997 fere
454 959 600 1005 habui,
625 959 832 997 Reuer.de
855 960 999 1006 Pater,
1024 958 1078 996 de
1101 959 1285 996 minimis
1305 959 1467 996 nostris
1496 958 1741 996 actionibus

116 1041 225 1079 quae
248 1028 456 1076 dicerem,
479 1042 589 1079 quae
611 1029 786 1080 quidem
807 1030 901 1068 fore
924 1035 970 1067 ut
991 1030 1033 1067 in
1054 1035 1279 1080 posterum
1303 1035 1347 1067 et
1369 1029 1453 1067 tuis
1485 1033 1528 1068 et
1564 1035 1741 1067 cuncto-

116 1113 210 1138 rum
232 1101 406 1138 Patrum
427 1100 694 1151 fratrumque
715 1107 965 1139 nostrorum
986 1100 1067 1151 pijs
1090 1101 1313 1149 sacrificijs
1346 1106 1389 1138 et
1418 1100 1622 1151 precibus
1658 1114 1741 1138 ma-

116 1172 182 1224 gis
217 1185 267 1210 ac
300 1172 436 1223 magis
457 1178 714 1223 augeantur,
739 1186 830 1211 non
851 1174 984 1211 modo
1007 1186 1097 1210 non
1119 1172 1396 1219 dubitamus,
1425 1185 1584 1211 ueram
1605 1172 1742 1211 etiam

114 1244 357 1281 firmissime
397 1244 836 1294 constantissimeque
877 1257 1114 1294 speramus.
1154 1244 1275 1282 Vale.
1318 1244 1505 1294 Neapoli
1542 1244 1562 1268 ἲ)
1601 1243 1743 1281 idibus

112 1314 324 1366 Januarijs
350 1315 463 1363 1560.
484 1315 611 1365 Jussu
648 1316 806 1352 Reuer.
831 1315 938 1353 Fris,
965 1315 1208 1364 Praepositi
1231 1315 1516 1353 Prouincialis
1554 1314 1578 1353 ¹.
1610 1316 1740 1353 Vrae.

119 1387 276 1424 Reuer.
302 1386 495 1424 Patentis
512 1386 711 1423 minimus
733 1391 777 1423 et
799 1385 1001 1436 indignus
1023 1386 1064 1423 in
1085 1386 1160 1423 Xf)
1183 1399 1351 1424 seruus.
1707 1379 1713 1385 ’

1006 1477 1256 1514 LEONARDUS
1289 1477 1525 1515 FERRARIUS
1555 1478 1582 1515 ².

200 1563 391 1603 Polanci
413 1577 566 1603 manu.
592 1564 847 1603 Emendata.

879 1778 990 1829 338

312 1913 936 1960 BARTHOLOMAEUS
980 1913 1562 1971 SQUARCIALUPUS

598 2037 793 2064 PANORMO
826 2028 867 2063 15
892 2038 1086 2074 JANUARH
1116 2028 1206 2065 1560
1233 2030 1259 2065 ³.

117 2128 194 2168 1-3.
222 2128 480 2167 Concursus
502 2130 561 2166 ad
582 2128 825 2167 contiones,
850 2129 1048 2167 Fructus
1070 2128 1171 2168 inde
1201 2131 1579 2170 emanantes.-4.
1604 2131 1747 2171 Femi-

200 2207 284 2233 nae
317 2193 638 2244 spiritualibus
672 2194 900 2233 exercitiis
934 2195 1246 2234 excultae—5.
1281 2197 1330 2234 P.
1367 2196 1666 2236 Carminatae
1702 2197 1748 2235 in

199 2258 505 2298 contionando
538 2257 800 2297 ardon—6.
838 2258 1146 2310 Confessionis
1175 2262 1214 2299 et
1249 2260 1557 2301 eucharistiae
1591 2274 1748 2300 sacra-

198 2326 348 2363 menta
379 2323 885 2375 freqztentantttr.—7.
930 2325 978 2363 P.
1011 2325 1252 2373 juvenalis
1291 2339 1416 2365 mors
1454 2329 1494 2366 et
1525 2327 1750 2378 fanus.—

199 2390 239 2428 8.
265 2389 514 2429 Doctrinae
549 2390 831 2429 christianae
861 2390 1119 2440 explicatio.
1154 2392 1202 2430 P.
1241 2392 1447 2431 Rectoris
1478 2393 1748 2432 domesticae

172 2551 191 2569 a
212 2556 260 2580 ex
278 2544 438 2580 nostris.
496 2544 558 2569 „b
581 2544 671 2590 Seq.
691 2543 772 2580 del.
795 2549 879 2580 octa
889 2556 953 2580 uo.

171 2671 179 2690 ¹
233 2668 278 2705 P.
300 2669 535 2715 Alphonsus
554 2669 785 2706 Salmeron.

169 2729 182 2748 ²
232 2728 297 2766 Cf.
320 2729 454 2774 Epist.
479 2729 529 2766 P.
551 2730 832 2771 Salmerom's,
854 2729 883 2771 I,
904 2729 985 2766 301.
1015 2729 1150 2767 Catal.
1180 2732 1275 2767 anni
1312 2731 1399 2768 1560
1429 2731 1530 2775 (cod.
1563 2732 1644 2769 Sic.
1678 2732 1748 2775 59,

123 2800 162 2824 n.
195 2787 251 2832 18)
281 2788 382 2824 haee
407 2787 515 2824 dicit:
551 2788 674 2825 «Μτο.
706 2787 921 2824 Leonardo
939 2789 1164 2834 calabreoe,
1187 2793 1208 2826 e
1227 2790 1265 2826 di
1286 2793 1353 2826 eta
1371 2790 1408 2826 di
1429 2792 1525 2838 annj
1544 2790 1602 2832 21,
1624 2791 1675 2827 ha
1694 2791 1750 2827 in-

123 2851 293 2893 segnato
312 2852 473 2893 quattro
492 2846 592 2883 mesi
610 2848 721 2883 nella
740 2847 799 2883 3.st
817 2849 947 2884 classe
968 2853 1006 2884 et
1026 2848 1092 2896 duj
1126 2851 1234 2886 nella
1264 2850 1326 2896 pfl
1356 2850 1460 2886 doue
1491 2850 1530 2886 al
1562 2855 1750 2897 presente

124 2906 294 2952 insegna
325 2906 365 2941 in
390 2907 506 2942 luoco
533 2907 599 2942 del
618 2906 710 2943 Pre.
733 2906 926 2953 Gioseph,
948 2907 1096 2954 perche
1116 2908 1244 2945 insino
1263 2912 1287 2945 a
1305 2913 1448 2955 questo
1467 2914 1602 2955 tempo
1621 2909 1648 2945 il
1670 2923 1751 2946 me-

124 2964 275 3001 desimo
294 2977 391 3001 mro.
412 2964 594 3012 Gioseph
613 2966 663 3002 ha
683 2967 781 3002 letto
800 2967 911 3003 nella
930 2966 991 3012 pa
1009 2968 1137 3004 classe
1157 2972 1197 3004 et
1215 2968 1383 3005 insieme
1403 2969 1442 3004 la
1461 2968 1690 3005 reum-ica.»

172 3024 185 3043 ³
235 3023 297 3060 Ex
316 3029 488 3071 autogr.,
510 3030 553 3062 ut
574 3025 743 3069 videtur,
763 3025 803 3061 in
822 3026 906 3062 cod.
930 3026 1011 3063 Sic.
1033 3026 1121 3071 181,
1144 3027 1186 3064 ff.
1212 3028 1276 3064 173
1294 3049 1304 3053 -
1324 3027 1401 3071 176;
1424 3027 1534 3073 prius
1552 3027 1623 3064 265
1641 3048 1653 3053 -
1667 3027 1747 3064 268.

127 3084 165 3119 in
185 3084 366 3131 pluribus
385 3085 482 3121 locis
501 3098 523 3121 a
544 3084 719 3121 Polanco
737 3085 953 3122 emendata
973 3093 1045 3130 est,
1068 3093 1109 3123 ut
1129 3087 1167 3123 in
1188 3094 1323 3124 annot.
1344 3088 1569 3134 apparebit.
