2038 3400
382 256 451 293 694
851 257 1072 296 LlTTERAE
1100 259 1455 304 QUADR1MESTRES

335 359 418 398 illis
440 362 745 400 communibus
769 368 813 399 et
836 362 969 400 toties
991 361 1160 400 iteratis
1192 363 1388 402 laborum
1410 364 1637 412 fructibus,
1671 380 1780 417 quos
1810 367 1965 405 hucus-

334 444 419 482 que
443 431 671 471 demetere
696 437 951 484 potuerunt.
977 433 1133 483 Neque
1156 434 1312 472 iniuria
1342 448 1463 483 saneg
1495 437 1590 487 quis
1612 450 1698 475 non
1720 436 1773 475 ad
1804 437 1968 476 maiora

334 502 620 555 dignioraque
645 505 916 555 cogitatione
942 510 985 542 et
1009 505 1173 543 uiribus
1195 506 1373 556 rapitur,
1399 507 1432 544 si
1450 513 1571 545 certa
1593 522 1693 559 spes
1711 509 1841 547 adsit?
1860 511 1967 559 Quis

332 575 374 613 in
392 588 548 627 magna
564 575 634 614 illa
653 577 912 615 celebritate
932 576 1147 615 Graeciae
1167 578 1447 625 constitutus,
1468 584 1692 630 spectator
1710 582 1847 618 solum
1868 595 1966 619 esse

334 647 426 684 uult
449 652 493 685 et
514 661 601 686 non
622 649 768 698 potius
791 647 886 696 alijs
908 648 1179 698 permisceri,
1204 653 1248 686 ut
1277 650 1476 700 gloriam,
1500 656 1545 688 ut
1575 664 1775 699 coronas,
1808 657 1854 690 ut
1881 665 1966 690 am-

332 719 524 768 plissima
544 721 769 770 proposita
800 733 981 758 munera
1012 727 1274 759 concertans
1296 724 1513 772 reportet?
1535 723 1730 762 Gloriam
1758 724 1967 775 (inquam)

333 790 494 829 Christi
516 797 559 830 et
581 792 774 842 praemia
804 792 923 830 uitae
952 791 1110 830 beatae
1133 793 1173 830 in
1204 794 1503 843 proximorum
1530 795 1737 833 auxilium
1770 801 1813 833 et
1849 796 1967 834 edifi-

335 862 555 901 cationem
585 869 708 914 parta
729 871 761 901 ὃ.

384 945 421 982 4.
481 934 647 986 Accipe
671 934 817 986 igitur,
844 936 891 973 R.
918 936 964 973 P.
990 935 1101 974 haec
1124 942 1289 983 nostra,
1324 942 1369 974 ut
1401 938 1533 985 soles,
1558 951 1699 989 aequo
1731 940 1890 987 animo,
1925 947 1968 979 et

332 1005 432 1044 dum
455 1006 621 1045 maiora
641 1007 713 1045 illa
744 1006 961 1054 molimur,
994 1006 1193 1045 accensis
1225 1007 1305 1046 illis
1328 1009 1411 1046 tuis
1441 1009 1666 1059 sacrificijs
1690 1016 1734 1049 et
1763 1012 1968 1062 precibus

330 1083 436 1116 uota
469 1084 621 1117 nostra
642 1079 747 1118 foue
771 1084 815 1117 et
836 1079 890 1117 ad
914 1080 1058 1117 exitus
1088 1080 1288 1130 prouehe
1312 1085 1503 1131 optatos.
1524 1082 1697 1120 Fratres
1722 1096 1873 1122 omnes
1896 1096 1968 1122 ex-

330 1149 590 1200 peditissimi
611 1151 665 1189 ad
688 1151 875 1189 uirtutes
896 1151 938 1188 in
965 1151 1232 1197 obedientia,
1256 1151 1500 1190 humilitate
1525 1159 1567 1190 et
1591 1154 1653 1191 sui
1673 1154 1967 1206 abnegatione

330 1221 467 1272 magis
489 1234 540 1260 ac
562 1222 699 1273 magis
721 1222 1058 1270 inflammantur,
1082 1235 1253 1261 necnon
1287 1223 1493 1275 singulari
1521 1225 1649 1263 animi
1681 1228 1967 1266 contentione

329 1299 373 1331 et
395 1297 546 1332 sancta
567 1295 864 1333 aemulatione
886 1295 929 1334 in
952 1296 1055 1345 ipsis
1076 1308 1360 1346 progressum
1378 1296 1593 1347 insignem
1616 1298 1795 1346 faciunt3
1819 1299 1897 1338 sed
1921 1306 1965 1338 et

329 1365 473 1404 studia
494 1366 661 1417 reliqua
681 1379 769 1404 non
792 1367 948 1405 minori
967 1367 1278 1414 sollicitudine,
1304 1381 1421 1415 cura,
1448 1374 1492 1407 et
1521 1369 1664 1408 fructu
1699 1383 1967 1423 persequun-

330 1442 412 1475 tur.
448 1438 494 1475 R.
531 1438 576 1474 P.
612 1437 874 1476 Paschasius
907 1438 932 1485 ¹,
959 1444 1005 1476 ut
1027 1438 1157 1486 solet,
1183 1439 1412 1478 coniectos
1434 1440 1475 1478 in
1498 1452 1716 1488 carceres,
1741 1448 1965 1493 aegrotos,

330 1509 519 1547 afflictos
542 1522 730 1560 corpore
754 1515 798 1548 et
822 1515 986 1556 mente,
1023 1510 1210 1549 sollicite
1247 1511 1409 1558 uisitat,
1442 1511 1561 1550 iuuat
1596 1525 1647 1551 ac
1682 1515 1846 1552 solatur
1882 1516 1968 1553 suis

330 1581 490 1618 sanctis
508 1579 833 1619 hortationibus
854 1586 898 1619 et
922 1581 1130 1630 consilijs.
1157 1582 1312 1620 Multas
1331 1583 1461 1620 etiam
1484 1588 1778 1623 matronarum
1798 1586 1968 1624 confes-

328 1650 476 1690 siones
497 1651 618 1690 audit
640 1652 822 1703 singulis
841 1652 1012 1699 diebus,
1038 1658 1082 1691 et
1104 1652 1228 1690 festis
1249 1653 1538 1703 potissimum,
1563 1656 1676 1706 apud
1695 1655 1841 1695 diuum
1860 1658 1967 1698 Ger-

329 1736 501 1762 manum
524 1737 621 1763 cum
643 1724 822 1775 reliquis
842 1724 1057 1772 Patribus,
1078 1726 1211 1763 multa
1234 1737 1331 1763 cum
1353 1726 1540 1765 utilitate
1565 1733 1609 1765 et
1627 1729 1863 1767 commodo
1882 1731 1968 1768 ani-

328 1807 508 1833 marum.
535 1795 581 1833 R.
608 1796 655 1834 P.
681 1795 863 1834 Pontius
885 1798 897 1815 ²
918 1796 1128 1846 profestis
1159 1795 1313 1834 diebus
1345 1802 1465 1835 totus
1501 1799 1739 1855 Societatis
1769 1800 1975 1852 negoci‘s‘

329 1864 561 1905 deuinctus
599 1872 681 1913 est,
704 1867 746 1905 in
769 1868 926 1918 quibus
949 1867 1013 1917 (ut
1036 1867 1142 1917 dixi)
1165 1867 1545 1919 diligentissimum
1578 1884 1675 1909 sese
1706 1878 1901 1921 praestat
1925 1880 1968 1912 et

326 1939 685 1977 amantissimum:
707 1938 852 1977 omnia
870 1939 1068 1977 manibus
1084 1938 1358 1990 pedibusque
1383 1940 1543 1979 obnixe
1561 1941 1770 1991 facturus,
1795 1950 1841 1982 ut
1863 1945 1966 1984 libe-

329 2022 375 2046 re
399 2009 603 2048 Societas
623 2009 895 2057 admittatur,
923 2015 965 2048 et
988 2011 1187 2061 superior
1209 2011 1228 2035 b
1251 2011 1426 2050 euadat.
1451 2013 1577 2051 Faxit
1594 2013 1740 2053 diuina
1762 2016 1902 2066 gratia
1924 2022 1967 2056 et

328 2081 515 2129 bonitas,
542 2088 587 2120 ut
612 2083 756 2121 omnia
776 2096 854 2134 pro
880 2088 986 2121 uoto
1010 2081 1251 2121 succedant
1273 2082 1326 2121 ad
1349 2084 1559 2122 maiorem
1591 2098 1696 2124 suae
1728 2085 1966 2127 Maiestatis

328 2153 511 2203 gloriam
549 2159 592 2191 et
627 2154 970 2205 beneplacitum.
1006 2154 1060 2192 Hi
1095 2153 1189 2192 fere
1226 2160 1325 2192 sunt
1360 2156 1680 2206 quadrimestes
1716 2171 1966 2208 successus,

327 2236 511 2274 quorum
543 2237 658 2263 nunc
692 2238 745 2263 ex
781 2225 1055 2275 praescripto
1088 2230 1266 2263 sanctae
1299 2225 1580 2266 obedientiae
1604 2229 1650 2267 R.
1675 2230 1720 2268 P.
1746 2231 1795 2269 T.
1817 2231 1963 2271 facere

328 2295 564 2334 certiorem
587 2296 834 2335 debuimus.
856 2297 1015 2335 Valeto
1039 2297 1171 2348 igitur
1195 2298 1235 2334 in
1255 2297 1430 2336 Christo
1445 2299 1563 2349 Jesu,
1591 2301 1794 2339 obser.me
1819 2304 1962 2351 Pater,

327 2372 543 2417 perpetuo
567 2382 735 2406 mernor
757 2369 944 2406 filiorum
968 2367 1272 2407 Paternitatz‘s
1294 2370 1398 2408 tuae
1420 2376 1436 2394 0
1457 2370 1498 2407 in
1522 2372 1721 2410 omnibus
1759 2373 1962 2413 orationi-

328 2439 407 2477 bus
439 2440 539 2478 tuis.
576 2441 778 2479 Lutetiae
817 2441 907 2480 Cal.
939 2440 1036 2492 Julij
1075 2440 1188 2488 1560.
1228 2441 1293 2478 De
1326 2441 1531 2481 mandato
1564 2444 1608 2481 R.
1641 2445 1688 2482 P.
1723 2446 1960 2497 Paschasij.

326 2509 492 2548 Seruus
514 2511 742 2562 indigniss.

1220 2566 1405 2616 JOANNES
1436 2567 1742 2608 BENEUOLUTUS
1771 2574 1798 2608 ³.

400 2652 565 2705 Stgillz'
585 2653 847 2706 vestigium.

372 2814 392 2834 ²
443 2815 535 2861 Seq.
553 2815 677 2852 delet.
696 2817 945 2863 intelligunt.
1000 2820 1061 2845 —b
1083 2825 1165 2856 tam
1181 2819 1319 2856 multis
1334 2817 1650 2856 difficultatibus.
1699 2828 1762 2845 —0
1784 2825 1957 2858 tuorum.

374 2961 383 2980 ¹
436 2959 481 2997 P.
502 2958 744 2997 Paschasius
764 2958 890 2997 Broet
909 2960 1074 2998 Galliae
1093 2961 1365 3008 provincialis.

373 3018 385 3038 ²
436 3018 481 3055 P.
503 3018 672 3056 Pontius
693 3018 975 3064 Cogordanus.

373 3077 386 3098 ⁸
436 3076 545 3115 Vide
563 3089 601 3126 p.
621 3076 703 3115 375.
