2038 3400
538 232 900 270 325.-ΜοΝΑ6Η10
930 233 944 268 1
969 232 1169 279 JANUARH
1200 233 1289 269 1560
1597 237 1665 271 445

93 346 200 383 opus
222 333 336 370 istud
358 332 627 383 indiligentia
662 346 756 371 Cum
792 334 1018 379 artificum,
1043 339 1133 370 111111
1163 334 1501 371 architectorum
1537 337 1572 371 in
1606 349 1710 373 [ein-

92 417 170 453 pus
206 404 308 441 satis
343 404 519 451 longum
555 406 738 451 extrahi,
777 405 1064 455 significatum
1095 409 1162 441 est
1192 417 1268 453 per
1300 405 1554 442 schaedulas
1579 408 1712 443 ualuis

92 474 374 511 ecclesiarum
409 475 559 511 affixas
595 475 810 514 dominica
844 477 977 525 prima
1011 475 1226 512 aduentus
1261 481 1435 512 nostros
1470 477 1637 514 interea
1672 479 1710 514 111

91 545 345 595 quibusdam
380 546 474 594 alijs
511 547 616 583 locis
652 548 778 585 liuius
813 547 1063 595 monasterij
1102 546 1312 583 docturos
1348 560 1463 593 esscg
1495 557 1623 597 atquc
1656 550 1712 585 1111

90 617 293 665 paulatini
324 629 529 654 numerus
560 617 867 668 discipulorum
895 617 948 655 ad
975 618 1067 655 fere
1092 627 1141 666 50
1162 618 1373 655 hactenus
1396 619 1608 656 exercuit.
1637 621 1711 657 Vbi

90 695 235 726 autem
258 690 298 726 in
321 691 492 728 scholas
513 702 649 726 nouas=
671 690 934 733 transierint,
956 695 999 726 et
1021 689 1165 726 denuo
1184 690 1354 739 publice
1380 703 1530 727 omncs
1550 691 1712 728 inuitati

90 759 264 803 fuerint.
289 760 841 811 nostrispraeceptoribus
863 760 952 808 (ιιίί
969 761 1224 810 speranms)
1253 761 1304 798 ol)
1339 761 1712 800 multituficlinem

90 829 176 868 erit
207 831 529 878 laborandzmz,
563 834 602 870 et
627 831 835 882 profecto
857 832 1143 870 memendmn
1165 833 1227 869 est
1250 831 1452 880 ipsorum
1476 831 1712 877 dehilifatz',

90 900 182 939 nisi
202 902 251 940 P.
287 903 328 940 V.
353 903 490 941 misso
514 902 668 952 aliquo
691 901 940 941 rhetorices
961 902 1074 940 bono
1097 903 1260 941 lectore
1282 904 1406 952 opem
1420 902 1551 952 ferat
1571 904 1602 939 ²¹.
1628 903 1715 940 Sed

90 972 144 1010 de
188 974 253 1010 his
297 975 400 1012 alias
438 974 627 1012 fortasse
673 974 971 1024 opportunum,
1020 974 1130 1011 sicut
1172 980 1215 1011 et
1254 973 1308 1011 de
1350 973 1714 1013 confessionibus.

91 1043 263 1082 Obnixe
294 1058 498 1095 rogamus
530 1047 577 1082 R.
603 1046 649 1082 P.
674 1046 723 1082 T.
748 1051 793 1082 ut
815 1057 891 1095 per
923 1057 969 1082 se
999 1049 1042 1082 et
1064 1058 1166 1082 suos
1189 1045 1458 1082 domesticos
1480 1057 1559 1082 nos
1583 1048 1624 1082 et
1648 1057 1716 1081 res

88 1120 260 1154 nostras
282 1116 435 1155 sedulo
458 1118 500 1155 in
524 1116 793 1154 orationibus
816 1122 860 1154 et
887 1116 1113 1164 sacrifici-is
1146 1118 1255 1154 Dno.
1291 1117 1386 1153 Deo
1420 1115 1713 1154 commendet.

90 1186 243 1225 Amen.
288 1187 502 1236 Monaehij
550 1186 662 1237 apud
707 1187 865 1224 fratres
919 1187 1268 1238 augustinianos,
1324 1186 1516 1224 calendis
1565 1188 1715 1237 Janua-

91 1257 165 1306 rijs
192 1257 304 1305 1560.
330 1259 376 1296 R.
404 1259 449 1296 P.
475 1259 523 1296 T.
548 1257 589 1295 in
612 1259 722 1296 Dno.
749 1270 902 1296 seruus
924 1270 975 1295 ac
996 1258 1109 1295 filius
1131 1258 1173 1295 111
1192 1258 1323 1296 Chro.
1349 1256 1563 1304 minimus,

1104 1347 1317 1384 NICOLAUS
1348 1346 1545 1384 LANOYUS
1578 1349 1603 1383 ¹.

168 1446 361 1486 Polanci
381 1460 538 1485 manu.
562 1446 818 1484 Emendata.

167 1517 276 1556 Alia
296 1531 450 1557 manu.
477 1517 677 1556 Mandata
707 1530 731 1555 a
751 1518 925 1568 Spagna
946 1528 984 1565 4,
1010 1518 1137 1563 Forli,
1166 1522 1250 1555 etc.
1282 1528 1313 1563 1,
1340 1518 1526 1556 Genoua
1558 1524 1642 1555 616.
1682 1529 1714 1556 1:

89 1589 245 1640 Napoli
271 1601 304 1636 I,
328 1590 507 1628 Francia
533 1600 565 1627 Ι.

135 1749 154 1769 a
206 1749 273 1786 Sic
292 1750 338 1786 in
357 1760 453 1793 ms,
475 1749 600 1785 nulla
621 1748 712 1785 alia
731 1759 774 1785 re
791 1749 964 1785 addita.

138 1908 146 1926 ¹
200 1906 263 1943 De
282 1918 360 1952 quo
379 1906 479 1942 haec
498 1905 620 1942 habet
641 1905 899 1941 «Instructio
919 1905 974 1941 de
994 1906 1207 1951 personis,
1238 1905 1292 1941 de
1317 1905 1552 1950 defunctis,
1581 1906 1718 1952 deque

88 1966 209 2002 inItio
240 1970 278 2002 et
305 1969 539 2010 augmento
567 1965 736 2010 colleg-iz·
752 1965 1003 2001 viennensis
1022 1975 1159 2010 usque
1177 1964 1237 2000 ad
1256 1975 1428 2001 annum
1451 1964 1653 2001 M-DLX
1665 1964 1714 2000 V›

87 2025 146 2070 (in
160 2026 244 2062 cod.
262 2025 406 2062 Austr.
427 2024 520 2067 122,
541 2024 567 2061 f.
592 2024 637 2069 1):
661 2024 801 2060 ‹R.<¹¹1⁵
822 2024 867 2060 Ρ.
890 2022 1083 2060 Nicolaus
1102 2022 1296 2070 Lanoyus
1314 2024 1437 2070 belga
1456 2030 1574 2061 natus
1595 2024 1716 2061 Blan-

88 2084 183 2132 dinij
204 2086 243 2121 in
263 2083 466 2120 territorio
484 2084 725 2125 tornacensi,
747 2096 837 2120 611111
853 2088 959 2120 esset
978 2084 1179 2127 sacerdos,
1200 2083 1430 2126 canonieus,
1450 2089 1489 2120 et
1509 2096 1637 2130 magr.
1655 2097 1718 2120 ar-

88 2144 187 2180 tium
218 2144 350 2185 simul,
381 2149 420 2179 et
450 2143 627 2180 theol.ae
658 2143 948 2179 baccalaureus
979 2142 1173 2178 formatus
1204 2143 1438 2179 academiae
1470 2143 1716 2180 louaniensis

89 2204 151 2247 (in
185 2205 403 2249 margine:
441 2204 597 2239 Romae
634 2215 732 2239 uero
768 2203 807 2239 in
842 2202 1047 2239 Societate
1075 2203 1124 2238 ad
1151 2202 1324 2239 doctoris
1358 2203 1529 2248 gradum
1560 2215 1715 2249 promo-

88 2268 152 2299 tus
173 2262 290 2308 1549),
308 2262 415 2299 dedit
435 2275 578 2299 nomen
599 2261 794 2299 societati
807 2261 908 2308 Jesu
923 2263 1080 2298 Romae
1096 2274 1234 2298 mense
1251 2261 1417 2298 Octobri
1437 2262 1537 2298 1548.
1556 2262 1715 2299 Deinde

89 2322 282 2359 absolutis
300 2322 541 2368 quibusdam
569 2321 843 2369 experientijs,
872 2323 928 2357 sic
947 2320 1187 2366 disponente
1214 2323 1284 2357 sta
1315 2321 1558 2365 obedientia,
1588 2321 1715 2358 officio

89 2383 188 2425 (sic)
207 2380 417 2428 ministerii
434 2381 573 2417 domus
591 2380 793 2424 sustinuit,
815 2393 893 2427 quo
911 2379 1147 2427 perfunctus
1163 2384 1236 2423 est,
1255 2381 1381 2417 donec
1400 2380 1486 2427 ipse
1501 2393 1591 2416 cum
1611 2393 1714 2417 nouo

87 2440 260 2486 collegio
278 2439 482 2487 profectus
501 2446 561 2476 est
580 2440 823 2476 Panormum
844 2452 948 2475 anno
973 2439 1074 2483 1519,
1097 2451 1235 2476 mense
1256 2439 1502 2485 Septembri;
1524 2440 1589 2475 vbi
1608 2440 1714 2476 simi-

89 2500 182 2536 liter
200 2499 426 2536 ministrum
446 2499 544 2545 egit,
565 2500 691 2535 donec
724 2498 895 2534 Romam
927 2504 1143 2535 reuocatus
1174 2503 1294 2535 esset.
1327 2498 1424 2535 Inde
1455 2510 1594 2535 rursus
1625 2511 1713 2535 curn

87 2559 205 2606 socijs
224 2559 367 2595 missus
384 2558 457 2595 fuit
472 2558 678 2595 Viennam
697 2564 861 2605 propter
879 2557 1098 2604 collegium
1117 2559 1222 2605 quod
1242 2557 1334 2594 Rex
1352 2559 1471 2595 Rom.
1491 2557 1714 2594 Ferdinan-

88 2619 160 2654 dus
179 2619 219 2654 in
238 2630 287 2654 ea
306 2618 470 2655 ciuitate
497 2619 742 2655 constituere
770 2618 848 2654 iarn
876 2618 1128 2654 decreuerat.
1162 2617 1219 2654 Ibi
1246 2630 1386 2654 rursus
1416 2617 1626 2654 commissa
1654 2617 1714 2653 illi

88 2678 163 2715 fuit
189 2689 299 2722 cura,
319 2690 423 2724 quae
443 2678 567 2724 prius,
587 2677 660 2715 sub
680 2677 722 2714 Ρ.
746 2676 919 2714 Claudio
948 2677 1046 2722 Jaio,
1078 2690 1155 2724 quo
1187 2677 1270 2714 uita
1307 2677 1441 2714 functo
1472 2689 1577 2713 anno
1612 2677 1711 2720 1552,

87 2736 244 2774 infesto
259 2736 646 2783 Transfigurationis
662 2736 743 2781 Xfi,
760 2737 936 2783 perstitit
952 2741 1084 2773 rector
1097 2737 1190 2773 dicti
1207 2737 1371 2784 collegij
1387 2737 1428 2772 in
1441 2749 1591 2772 annum
1610 2736 1711 2778 1558,

87 2796 247 2843 quando
275 2801 442 2833 uocatus
474 2795 646 2832 Romam
678 2800 840 2842 propter
871 2796 1112 2832 electionem
1140 2796 1233 2833 noui
1253 2795 1471 2842 praepositi
1490 2795 1710 2841 generali83

88 2868 165 2902 quo
193 2856 336 2900 electo,
365 2856 551 2892 decretus
582 2855 656 2892 fuit
682 2854 835 2892 Rector
852 2855 1016 2903 collegij
1047 2855 1392 2901 ingolstadiensis.
1413 2854 1596 2890 Tandem
1615 2867 1712 2890 uero

89 2927 192 2951 anno
225 2913 315 2950 1563
344 2927 483 2951 mense
505 2913 604 2960 Julii
634 2915 744 2951 iussu
779 2920 944 2951 sanctae
979 2913 1233 2951 obedientiae
1270 2914 1428 2961 transijt
1464 2912 1711 2959 Ingolstadio

92 2974 292 3012 Viennam
328 2972 485 3010 futurus
516 2973 782 3010 Prouincialis
815 2973 1029 3011 Societatis
1057 2973 1154 3020 Jesu
1186 2974 1226 3009 in
1257 2972 1462 3019 prouincia
1498 2972 1709 3009 Austriae.

90 3033 212 3070 Anno
242 3038 379 3069 autem
411 3032 500 3069 1553
530 3032 821 3080 professionem
851 3033 945 3070 fecit
965 3032 1154 3070 Viennae
1175 3033 1214 3069 in
1241 3032 1423 3069 manibus
1443 3030 1533 3067 R.d1
1553 3031 1605 3069 D.
1628 3031 1709 3067 Ab·
