2038 3400
345 256 414 294 248
809 258 1030 296 LITTERAE
1065 259 1421 304 QUADfflMESTRES

295 359 336 396 in
358 360 577 410 publicum
603 361 740 412 magis
762 375 812 399 ac
835 362 972 412 magis
996 362 1236 401 educimur.
1262 363 1495 401 Suollanus
1515 370 1680 414 pastor,
1706 366 1768 403 uir
1790 365 1929 403 bonus

296 435 339 468 et
361 432 549 479 zelosus,
575 432 729 470 diebus
753 433 1051 484 superioribus
1079 435 1224 472 multis
1256 434 1484 473 nobiscum
1517 436 1607 486 egit
1637 435 1692 474 de
1724 449 1828 474 suae
1861 450 1929 475 ec-

294 503 455 541 clesiae
485 509 617 551 statu3
650 503 856 542 auxilium
888 511 1085 543 nostrum
1113 505 1376 556 implorauit,
1404 507 1669 545 sacellanum
1690 506 1832 558 petijt,
1857 507 1928 546 ali-

293 587 422 624 quem
445 575 683 614 Societatis
705 587 809 613 suos
832 576 1023 614 inuisere
1042 576 1449 627 uellet;·hospitium
1471 578 1634 617 bonum
1656 579 1770 629 apud
1790 579 1927 630 ipsum

292 659 379 684 non
401 646 596 685 deesset.
622 647 797 685 Vtinam
819 646 1058 685 Societatis
1079 647 1232 699 aliquis
1260 648 1500 687 uicinarum
1532 650 1756 688 ciuitatum
1785 656 1929 701 pasto-

293 730 362 755 res
394 718 578 756 subinde
617 718 830 756 inuiseret
862 724 906 756 et
935 719 977 756 in
1007 719 1126 757 bono
1159 719 1454 767 confirmaret,
1479 721 1756 772 animumque
1778 727 1931 760 contra

292 789 479 827 aduersa
513 788 712 827 adderet.
753 789 973 841 Optimam
1010 790 1226 829 ecclesiae
1262 791 1297 829 is
1334 803 1512 842 operam
1551 798 1747 831 nauaret.
1785 793 1929 844 Saepe

293 860 407 899 enim
429 861 749 912 angustiantur,
775 861 875 900 dum
899 875 1007 900 oues
1030 862 1181 901 uident
1202 863 1530 902 haereticorum
1552 864 1671 902 libris
1695 870 1739 902 et
1765 877 1929 903 sermo-

290 931 416 970 nibus
447 932 604 983 decipi,
640 938 685 971 et
716 946 764 971 se
799 945 824 970 a
859 934 1159 984 superioribus
1194 932 1388 973 destitui.
1429 935 1657 984 Quaerunt
1691 936 1929 976 Societatis

290 1002 539 1050 amicitiam,
574 1009 621 1041 ut
651 1004 820 1042 animus
852 1016 1005 1043 eorum
1037 1005 1221 1044 subinde
1258 1004 1473 1053 deiectus,
1510 1012 1761 1046 nostrorum
1790 1008 1928 1047 literis

290 1080 363 1113 aut
385 1075 663 1114 sermonibus
686 1075 882 1114 nonnihil
905 1076 1113 1127 erigatur.
1148 1077 1200 1115 D.
1233 1067 1510 1116 Hermannus
1539 1077 1807 1127 Schilderus,
1842 1093 1928 1118 em-

289 1145 502 1185 bricensis
533 1146 743 1194 decanus,
781 1147 905 1186 breui
936 1147 1077 1187 missis
1107 1147 1161 1186 ad
1183 1148 1399 1198 quendam
1422 1149 1574 1197 literis,
1600 1151 1764 1202 cupiuit
1786 1151 1928 1191 studia

291 1224 335 1256 et
356 1219 473 1257 uires
494 1219 724 1257 nobiscum
748 1220 1020 1271 coniungere
1043 1219 1097 1258 ad
1118 1219 1445 1259 haereticorum
1466 1220 1662 1260 iniuriam
1687 1228 1730 1261 et
1763 1223 1927 1262 uiolen-

289 1291 393 1329 tiam
414 1291 790 1342 propugnandam.

348 1373 407 1411 13.
475 1363 573 1401 Pari
612 1362 744 1402 modo
787 1363 917 1402 uicini
958 1364 1108 1403 rustici
1147 1370 1398 1404 nostrorum
1438 1365 1645 1404 auxilium
1685 1367 1924 1418 requirunt,

289 1449 424 1488 quare
447 1450 556 1474 unus
575 1435 731 1474 diebus
753 1435 846 1474 istis
869 1435 923 1474 ad
944 1449 1104 1487 pagum
1121 1436 1339 1488 quendam
1358 1438 1667 1477 concionatum
1687 1439 1780 1478 ibit.
1801 1439 1926 1478 Adsit

287 1509 366 1559 ipsi
389 1509 524 1555 Deus,
549 1522 633 1559 quo
657 1512 744 1546 tam
767 1513 962 1558 paratam
985 1521 1174 1547 messem
1196 1509 1405 1557 inueniat,
1435 1516 1483 1548 ut
1513 1511 1673 1548 multos
1704 1511 1758 1549 ad
1788 1512 1926 1551 simile

286 1580 329 1618 in
351 1581 527 1631 reliquis
550 1580 808 1619 tentandum
830 1581 953 1632 pagis
976 1580 1220 1619 extimulet.

345 1662 405 1701 14.
466 1652 759 1702 Pauperiores
790 1651 930 1690 nostri
960 1651 1159 1703 discipuli
1195 1654 1412 1692 bonorum
1447 1655 1639 1694 uirorum
1675 1655 1926 1695 liberalitati

286 1722 542 1773 frequenter
572 1723 951 1762 commendantur.
982 1724 1139 1775 Neque
1166 1725 1339 1764 frustra.
1365 1725 1486 1765 Alius
1510 1728 1624 1766 enim
1647 1741 1793 1776 unum,
1818 1728 1926 1767 alius

286 1795 432 1846 plures
469 1795 678 1834 clientum
713 1796 813 1834 albo
850 1795 1070 1843 asscribit,
1109 1796 1278 1846 illisque
1314 1796 1369 1835 ad
1404 1798 1521 1836 uitae
1557 1799 1925 1838 sustentationem

287 1866 540 1917 septimanis
580 1866 760 1918 singulis
800 1867 996 1905 nonnihil
1035 1867 1201 1906 tribuit.
1240 1869 1360 1907 Vnus
1400 1869 1526 1908 nobis
1560 1871 1790 1921 pecuniam
1824 1871 1926 1922 ipsis

286 1937 633 1977 distribuendam
664 1938 810 1986 tradit,
845 1939 953 1977 alius
984 1940 1077 1990 ipse
1114 1939 1288 1978 confert
1319 1941 1648 1990 eleemosinam,
1687 1942 1765 1981 sed
1798 1950 1928 1994 prout

286 2023 366 2049 nos
397 2011 699 2049 testimonium
733 2010 788 2048 de
820 2010 1034 2062 discipulo
1067 2010 1233 2050 damus.
1269 2012 1457 2062 Quidam
1488 2013 1674 2052 Ioannes
1707 2014 1924 2062 Sutorius,

288 2083 339 2120 D.
365 2082 568 2120 Seuerini
590 2083 842 2130 canonicus,
869 2088 1038 2120 certum
1062 2082 1280 2122 redditum
1303 2096 1461 2123 annum
1484 2085 1544 2123 ita
1573 2086 1616 2124 in
1647 2091 1793 2137 partes
1820 2086 1927 2126 duas

286 2153 519 2202 distribuit,
544 2159 591 2192 ut
613 2166 742 2192 unam
766 2152 847 2192 sibi
868 2160 1190 2201 reseruaturus,
1209 2155 1391 2193 alteram
1409 2156 1600 2208 collegio
1623 2158 1665 2195 in
1686 2170 1925 2208 pauperum

287 2238 390 2263 usus
412 2224 593 2263 daturus
616 2225 684 2263 sit.

343 2305 403 2345 15.
464 2296 908 2335 Senatusconsultum
931 2296 1086 2334 diebus
1108 2297 1200 2335 istis
1232 2297 1393 2336 factum
1427 2304 1494 2337 est
1527 2304 1570 2337 et
1600 2299 1924 2350 parrochiarum

287 2367 477 2406 omnium
499 2367 750 2419 pastoribus
772 2373 904 2418 atque
926 2366 1140 2406 aedilibus
1168 2368 1434 2417 mandatum,
1469 2376 1514 2408 ut
1546 2370 1780 2421 diligenter
1811 2371 1925 2422 apud

284 2451 387 2477 suos
417 2439 649 2490 inquirant,
684 2452 786 2477 num
808 2439 976 2489 uspiam
997 2440 1209 2478 haeretici
1232 2441 1411 2480 lateant.
1438 2443 1598 2480 Rumor
1620 2454 1808 2493 namque
1832 2448 1925 2481 erat

284 2510 499 2561 quaedam
522 2511 576 2549 ab
598 2511 649 2560 ijs
672 2510 935 2549 clancularia
964 2511 1059 2549 fieri
1090 2513 1414 2551 conuenticula.
1449 2513 1575 2551 Adsit
1605 2514 1705 2552 huic
1735 2518 1823 2552 tam
1853 2514 1923 2565 pio

284 2582 466 2630 negotio
499 2582 634 2629 Deus,
670 2587 712 2619 et
744 2582 796 2619 ab
831 2581 948 2619 omni
978 2582 1219 2621 haereseos
1250 2584 1347 2622 labe
1380 2596 1500 2622 suam
1533 2590 1771 2623 conseruet
1793 2585 1925 2624 Colo-

283 2654 411 2691 niam.

336 2724 396 2762 16.
444 2724 574 2762 Plura
591 2737 702 2774 quae
720 2726 806 2764 hoc
824 2738 975 2764 mense
994 2726 1195 2773 scribam,
1215 2740 1302 2765 non
1320 2728 1463 2765 habeo
1479 2739 1486 2774 3
1505 2728 1583 2765 sed
1601 2729 1648 2766 R.
1669 2729 1716 2767 P.
1737 2729 1786 2766 T.
1805 2741 1925 2767 sanc-

285 2797 338 2834 tis
360 2795 564 2847 precibus
587 2796 857 2848 aliorumque
883 2799 1059 2836 Patrum
1082 2811 1133 2836 ac
1153 2798 1334 2837 fratrum
1358 2800 1633 2838 orationibus
1663 2813 1743 2838 nos
1774 2800 1924 2838 humil-

285 2869 386 2906 lime
410 2867 786 2916 commendamus,
811 2882 896 2919 quo
920 2870 963 2907 in
993 2870 1239 2920 proximum
1270 2883 1466 2909 mensem
1499 2857 1666 2910 fructus
1697 2871 1925 2910 uberiores

283 2940 534 2978 afferamus.
560 2940 757 2978 Salutant
782 2942 826 2979 P.
852 2942 900 2979 T.
936 2942 987 2980 D.
1023 2941 1294 2989 Leonardus,
1331 2942 1385 2980 M.
1423 2943 1640 2982 Henricus
1672 2943 1922 2993 Dionysius,

285 3012 339 3049 M.
364 3012 623 3049 Franciscus
645 3011 874 3059 Costerus,
901 3013 954 3050 M.
982 3012 1222 3050 Balduinus
1252 3013 1463 3063 Angelus,
1495 3014 1549 3052 M.
1583 3013 1781 3052 Andreas
1814 3015 1923 3053 Boc-

285 3083 437 3131 catius,
473 3083 527 3122 M.
563 3083 750 3122 Ioannes
782 3084 1027 3133 Berkelius,
1061 3085 1116 3122 M.
1152 3084 1396 3136 Gregorius
1426 3085 1600 3132 Fabius,
1626 3085 1680 3126 M.
1707 3085 1922 3125 Henricus
