2038 3400
355 256 424 293 952
815 253 1035 290 LITTERAE
1066 253 1420 298 QUADmMEs‘rREs

308 358 386 396 nisi
418 360 680 397 haereticus.
715 359 907 396 Tandem
940 358 1080 393 bonus
1101 356 1173 393 ille
1205 356 1334 392 Pater
1364 355 1660 394 innocentiam
1696 369 1815 394 suam
1847 357 1932 395 hoc

308 431 492 468 maxime
523 435 782 480 argumento
806 428 1002 466 defendit
1031 440 1081 466 ac
1104 426 1400 473 conseruauit,
1423 428 1541 478 quod
1572 440 1721 466 secum
1748 428 1932 466 haberet

308 503 461 539 multas
494 502 703 552 imagines
736 506 1000 546 sanctorum,
1035 498 1198 537 rosaria
1231 503 1275 536 et
1307 503 1488 536 coetera
1518 499 1559 536 id
1595 512 1744 549 genus,
1777 499 1931 549 quibus

306 572 521 610 lutherani
541 586 628 610 non
651 573 883 610 admodum
909 571 1078 609 onerari
1102 571 1246 608 solent
1269 570 1309 607 in
1333 570 1547 608 obeundis
1568 570 1796 608 itineribus
1827 572 1929 610 suis.

307 646 420 683 Octo
443 650 586 682 tamen
616 644 709 681 dies
732 644 920 681 inclusus
952 643 1008 691 11)]Ι
1034 640 1282 692 permansit,
1304 647 1378 679 aut
1408 641 1604 692 amplius,
1628 642 1799 680 illorum
1828 656 1931 694 poe-

306 729 381 753 nas
403 716 589 754 fortasse
620 715 796 759 luendo,
821 715 891 764 qui
913 727 1000 752 non
1027 714 1086 751 ita
1115 714 1252 751 multo
1274 718 1374 751 ante
1397 713 1558 751 ibidem
1580 713 1755 764 impune
1778 716 1932 752 tumul-

305 791 395 824 tum
436 787 752 824 excitauerant.
791 784 985 823 Tandem
1027 783 1255 822 exordium
1294 796 1439 822 rerum
1478 789 1725 822 nostrarum
1765 785 1807 823 in
1847 785 1933 824 hoc

308 856 465 909 oppido
489 858 664 896 ductum
689 862 755 895 est
777 870 801 895 a
822 856 1108 895 concionibus
1131 855 1270 894 Patris
1287 856 1354 907 Jo.
1379 854 1602 905 Peletarij‚
1627 856 1813 894 rectoris
1834 869 1932 894 nos-

307 929 376 978 trj,
400 929 471 979 qui
494 929 629 967 multo
653 934 752 967 aute
775 928 884 966 alios
914 928 1178 978 praemissus
1209 940 1233 965 a
1253 932 1297 965 te
1319 927 1476 973 fuerat,
1503 927 1764 966 Reuerende
1787 928 1931 965 Pater:

306 1001 404 1039 illae
426 1014 532 1039 uero
556 1000 794 1039 conciones
819 999 960 1048 obuijs
983 999 1093 1037 ulnis
1115 1005 1332 1049 exceptae
1355 1005 1454 1037 sunt
1475 1012 1500 1038 a
1519 1000 1680 1050 populo
1702 1000 1830 1050 plane
1852 1000 1934 1038 iam

305 1077 486 1110 nutante
509 1073 742 1123 multisque
767 1072 1044 1123 opinionibus
1066 1071 1275 1109 distracto
1298 1083 1350 1109 ac
1372 1077 1548 1109 uexato.
1570 1071 1669 1109 Non
1701 1071 1934 1110 defuerunt

306 1144 477 1182 interim
499 1144 569 1194 qui
592 1144 725 1182 diuini
748 1144 872 1182 verbi
894 1156 945 1182 ac
966 1143 1165 1181 veritatis
1187 1143 1432 1182 catholicae
1454 1143 1710 1194 integritate
1745 1143 1934 1194 permoti

307 1228 479 1253 errores
502 1215 815 1265 deposuerunt.
837 1215 1115 1265 animumque
1138 1215 1191 1253 ad
1222 1215 1339 1253 uitae
1370 1213 1557 1266 purioris
1590 1215 1735 1253 officia
1764 1215 1935 1253 adiece-

307 1292 418 1325 runt.
442 1288 551 1326 Hinc
575 1292 618 1325 et
641 1289 737 1325 Deo
768 1288 910 1325 honor
931 1294 964 1331 a,
990 1293 1034 1325 et
1056 1287 1387 1338 SocietatiJesu
1410 1287 1576 1338 gratiae
1598 1286 1797 1325 redditae
1819 1293 1933 1326 sunt.

307 1359 341 1397 A
359 1359 606 1410 plaerisque
628 1359 801 1398 interim
824 1359 1044 1399 uariorum
1069 1359 1267 1398 ordinum
1298 1359 1522 1397 monachis
1550 1359 1692 1397 acrius
1722 1360 1936 1410 populari-

306 1433 385 1469 bus
403 1432 623 1470 erroribus
639 1432 863 1483 prouideri
880 1437 1087 1482 coeptum
1107 1437 1189 1470 est.
1211 1430 1497 1471 Collaudatus
1516 1431 1646 1469 etiam
1664 1432 1717 1470 ab
1737 1432 1937 1470 omnibus

1060 1503 1085 1550 ¹,
1118 1503 1190 1554 qui
1224 1501 1265 1541 in
1296 1515 1416 1540 suam
1439 1502 1637 1542 diocesin
1666 1503 1686 1528 b
1722 1502 1937 1542 eiusmodi

307 1503 570 1554 amplissime
606 1508 758 1541 noster
790 1503 1023 1555 episcopus

307 1575 531 1625 operarios
554 1575 830 1613 destinasset.
854 1576 1019 1614 Omnes
1040 1588 1240 1626 magnam
1263 1587 1385 1625 spem
1407 1574 1491 1613 iam
1514 1574 1614 1613 inde
1637 1579 1937 1626 conceperunt

305 1647 625 1697 propulsandae
646 1647 885 1685 haereseos
918 1661 971 1685 ex
1003 1646 1085 1685 ista
1106 1646 1366 1697 Aquitaniae
1396 1651 1520 1698 parte
1545 1659 1677 1697 opera
1698 1647 1938 1698 laboreque

307 1718 542 1756 Societatis
559 1719 677 1769 Jesu.
701 1718 811 1756 Cum
833 1732 940 1756 uero
963 1718 1032 1767 alij
1058 1718 1190 1756 etiam
1212 1719 1366 1756 Patres
1387 1718 1671 1769 appulissent,
1696 1718 1738 1756 in
1758 1718 1938 1756 finitima

306 1789 403 1827 loca
424 1789 714 1831 uehementer
745 1790 885 1840 rogati
907 1790 1094 1840 profecti
1126 1795 1239 1836 sunt,
1274 1789 1347 1827 ubi
1376 1802 1534 1840 magno
1556 1789 1773 1828 bonorum
1794 1790 1938 1828 fructu

307 1872 357 1898 ac
379 1861 683 1899 consolatione
715 1862 992 1913 euangelium
1015 1862 1367 1909 disseminarunt3
1393 1861 1534 1900 obiter
1552 1866 1698 1900 tamen
1729 1862 1771 1900 id
1792 1868 1937 1901 actum

309 1936 374 1969 est
397 1945 532 1983 usque
555 1933 608 1971 ad
631 1933 836 1971 calendas
857 1934 1139 1973 nouembres.

360 2014 396 2041 2.
457 2004 566 2042 Tum
590 2005 704 2042 enim
735 2005 908 2043 scholas
930 2006 1177 2057 aperuimus
1207 2007 1473 2058 publiceque
1505 2009 1706 2057 exposita
1727 2012 1795 2045 est
1825 2006 1936 2045 ratio

308 2087 458 2113 eorum
494 2088 605 2126 quae
641 2076 851 2127 explicari
886 2078 1159 2128 proponique
1196 2078 1413 2127 iuuentutj
1452 2078 1688 2117 debebant.
1727 2077 1792 2117 Ac
1825 2091 1879 2116 ne
1914 2091 1938 2116 a

307 2147 499 2184 coeteris
521 2147 682 2185 nostris
705 2148 907 2199 collegijs
929 2149 1316 2200 degeneraremus,
1341 2149 1609 2188 assertiones
1631 2150 1938 2201 proposuimus

306 2217 646 2269 philosophicas,
671 2220 885 2258 oratorias
907 2226 1036 2271 atque
1062 2222 1208 2269 etiam,
1234 2222 1265 2260 si
1289 2222 1448 2273 placet,
1473 2222 1794 2274 grammaticas,
1815 2227 1937 2260 tanto

307 2289 471 2338 plaebis
498 2301 548 2328 ac
571 2291 689 2341 uulgi
712 2302 943 2338 concursu,
969 2297 1014 2329 ut
1036 2292 1189 2330 mirum
1213 2299 1347 2339 esset,
1371 2298 1492 2331 tanta
1512 2293 1786 2331 literatorum
1806 2292 1938 2331 admi·

307 2353 492 2407 ratione,
526 2366 573 2399 vt
605 2373 756 2400 eorum
789 2375 919 2401 nemo
952 2364 1021 2401 uel
1053 2364 1244 2402 uoluerit
1275 2365 1345 2402 uel
1376 2377 1509 2403 ausus
1535 2364 1667 2403 fuerit
1698 2364 1935 2416 disputare.

306 2431 456 2481 Itaque
487 2446 540 2470 ne
572 2434 757 2484 populus
795 2447 971 2485 operam
1003 2449 1122 2474 suam
1143 2437 1407 2487 perdidisset
1430 2437 1754 2485 conueniendo,
1787 2437 1938 2475 habuit

310 2503 554 2542 orationem
589 2505 763 2543 latinam
803 2505 975 2556 quidam
1011 2507 1143 2545 frater
1178 2514 1344 2556 noster,
1386 2522 1473 2547 non
1513 2509 1809 2560 inelegantem
1850 2522 1937 2547 om-

307 2574 408 2612 nino
445 2588 587 2626 neque
621 2576 863 2624 indoctam,
901 2591 1012 2628 quac
1054 2579 1220 2618 maiore
1258 2581 1431 2619 silentio
1462 2585 1648 2631 excepta
1681 2586 1769 2628 est,
1810 2593 1937 2630 quam

307 2644 461 2683 fuisset
483 2646 764 2697 disputatum.
789 2650 979 2687 Ventum
1002 2656 1069 2688 est
1090 2650 1302 2701 postridie
1322 2652 1414 2690 eius
1432 2651 1520 2690 diei
1540 2652 1593 2690 ad
1614 2651 1832 2690 lectiones
1855 2650 1938 2689 dis-

308 2716 480 2754 tributis
510 2718 629 2756 libris
663 2719 703 2756 in
737 2733 839 2758 suos
872 2720 1064 2768 ordines3
1093 2722 1305 2773 initioque
1337 2736 1457 2762 suam
1479 2721 1752 2762 dialecticam
1782 2722 1938 2773 magis-

307 2792 373 2825 tcr
406 2788 621 2839 Rogerius
643 2791 835 2842 eleganti
859 2792 1057 2831 oratione
1087 2795 1272 2841 ornauit,
1304 2795 1584 2846 coeterisque
1606 2795 1691 2833 hoc
1723 2807 1832 2832 onus
1862 2793 1938 2832 ho-

354 2924 373 2944 a
423 2927 548 2963 honor
565 2932 704 2973 supra
723 2937 832 2965 vers.
891 2930 955 2955 -b
977 2929 1163 2967 Emend.
1185 2941 1237 2968 ex
1254 2930 1472 2969 dioecesin.

357 3074 365 3092 ¹
420 3072 627 3112 Robertus
645 3074 695 3111 de
715 3073 897 3112 Pelleve.
