2038 3400
487 238 869 277 317.-—FL0RENT1A
893 237 939 277 26
966 238 1208 277 DECEMssms
1238 240 1327 277 1559
1591 241 1658 278 417

91 355 234 391 causa,
267 344 389 382 hilari
420 357 471 382 ac
499 344 658 382 ridenti
688 344 810 383 uultu
840 344 1084 382 affirmauit.
1120 345 1195 382 Est
1219 350 1262 382 et
1293 344 1407 382 aliud
1439 344 1539 382 huic
1572 345 1708 382 simile

90 416 329 465 puellarum
351 415 600 465 hospitium,
624 428 729 465 quas
752 429 860 453 unus
893 428 947 453 ex
977 416 1137 453 nostris
1167 415 1371 452 fratribus
1402 415 1525 452 festis
1557 414 1710 453 (liebus

91 486 331 524 doctrinam
370 487 545 533 edocet,
585 499 838 538 summaque
874 500 970 525 cum
1007 487 1218 525 charitate
1255 486 1422 533 imbuit,
1460 500 1542 525 nec
1573 488 1710 525 minus

89 570 216 608 quam
238 559 488 608 superiores
518 559 559 596 in
590 560 690 609 lege
722 558 895 596 Domini
924 559 1174 609 proficiunt;
1207 557 1285 595 sed
1315 563 1547 608 antequam
1579 558 1710 596 trater

89 629 323 679 hospitium
345 630 628 681 ingrediatur,
653 631 694 668 in
718 631 810 668 eius
833 631 1055 676 sacellum,
1080 628 1247 680 Virgini
1268 629 1393 667 Matri
1415 642 1600 675 sacrum,
1624 642 1711 666 non

92 702 276 751 exiguus
298 702 538 751 puellarum
560 714 611 740 ac
632 714 867 752 puerorum
898 714 1007 752 grex
1040 713 1094 738 ex
1128 713 1179 738 ea
1201 701 1359 738 uicinia
1382 701 1616 747 concurrit,
1641 700 1712 750 qui

90 771 330 810 doctrinam
360 772 556 822 perbelle
589 779 632 810 et
665 772 863 810 ediscunt
887 777 929 810 et
957 772 1211 810 memoriter
1243 771 1444 818 recitant,
1478 784 1529 809 ac
1561 784 1710 809 eorum

91 843 296 889 omnium,
338 855 449 892 quae
488 855 513 880 a
546 843 678 881 fratre
718 848 1026 894 perceperunt,
1065 848 1230 881 certam
1270 842 1481 880 rationem
1524 842 1711 880 reddunt

90 927 246 963 magna
268 926 365 952 cum
386 914 634 953 auditorum
658 914 937 954 edificatione
955 921 987 953 a·

142 997 180 1034 4.
242 987 358 1024 Duas
393 986 463 1024 hic
497 987 708 1024 habemus
744 986 1055 1037 discipulorum
1092 987 1272 1033 classes3
1309 986 1351 1023 in
1377 985 1522 1036 priore
1544 985 1669 1035 pauci
1694 986 1712 1009 b

91 1063 203 1103 sunt,
227 1069 411 1107 quorum
432 1059 625 1096 nonnulii
648 1058 915 1108 praeclaram
945 1070 1048 1109 prae
1072 1070 1119 1095 se
1140 1057 1286 1095 ferunt
1308 1057 1480 1095 uirtutis
1501 1057 1710 1102 indolem3

88 1128 130 1166 in
147 1129 284 1166 altera
299 1131 404 1167 sunt
425 1129 609 1168 circiter
626 1129 967 1180 qninquaginta
991 1136 1023 1176 0,
1047 1129 1119 1179 qui
1140 1128 1386 1167 rudimenta
1405 1129 1713 1179 grammatices

91 1199 334 1238 addiscunt.

142 1280 178 1319 5.
238 1270 347 1309 Illud
381 1276 606 1322 postremo
641 1284 729 1310 non
753 1277 819 1310 est
854 1271 1026 1310 silentio
1062 1271 1448 1322 praetereundum,
1486 1270 1556 1308 hic
1591 1271 1712 1308 aleae

88 1341 235 1380 ludum
256 1342 316 1380 ita
336 1342 635 1392 frequentar[i]
661 1342 695 1390 d,
720 1348 765 1380 ut
787 1343 1029 1381 aleatorum
1052 1348 1259 1381 cateruae
1280 1342 1322 1380 in
1339 1342 1421 1391 vijs
1445 1342 1712 1392 conspician-

88 1418 173 1460 tur;
196 1425 306 1463 quos
327 1413 465 1451 nostri
495 1414 640 1452 solent
670 1414 989 1452 studiosissime
1018 1414 1059 1452 in
1089 1412 1292 1460 Domino,
1326 1419 1372 1451 ut
1403 1425 1473 1451 res
1503 1413 1709 1463 post=xlat,

88 1484 344 1532 admonere3
375 1499 460 1536 quo
491 1486 553 1533 fit,
587 1491 633 1524 ut
662 1487 856 1524 nonnulli
888 1499 912 1524 a
940 1499 1075 1536 prauo
1107 1486 1305 1524 instituto
1329 1485 1557 1532 desistant,
1581 1491 1712 1535 atque

87 1556 141 1594 ad
162 1558 321 1595 bonam
343 1557 514 1609 frugem
536 1558 736 1605 redeant3
760 1558 882 1596 multi
904 1559 945 1596 in
966 1558 1059 1608 ipso
1092 1557 1194 1596 ludo
1227 1557 1507 1608 deprehensi,
1541 1561 1711 1595 nostro-

87 1640 179 1665 rum
206 1628 380 1666 monitis
411 1628 625 1675 deterriti,
659 1629 722 1667 eis
752 1630 870 1667 aleas
899 1630 1140 1680 porrigant3
1174 1629 1342 1667 coeteri
1364 1629 1464 1666 dum
1489 1641 1566 1667 eos
1588 1628 1642 1666 ad
1665 1640 1710 1665 se

87 1697 318 1737 uenientes
338 1700 576 1747 intuentur,
602 1700 747 1738 statim
768 1700 947 1739 ludendi
968 1701 1098 1739 finem
1116 1700 1290 1747 faciant,
1314 1702 1354 1739 et
1383 1713 1410 1738 a
1432 1699 1712 1739 monitorum

83 1770 345 1820 praesentia
377 1771 625 1810 abhorrere
656 1772 916 1811 uideantur.
940 1773 1066 1810 Faxit
1087 1773 1222 1819 Deus,
1247 1778 1293 1810 ut
1315 1773 1566 1822 corruptela
1586 1772 1712 1809 huius

88 1842 226 1879 malae
249 1842 579 1880 consuetudinis
600 1841 642 1880 in
671 1849 918 1881 sanctarum
940 1843 1148 1881 uirtutum
1171 1842 1553 1889 exercitationem,
1579 1843 1710 1881 chris-

86 1912 278 1963 tianique
310 1914 451 1952 cultus
483 1914 807 1952 obseruantiam
836 1915 1009 1965 penitus
1044 1914 1311 1953 immutetur.
1349 1915 1522 1962 [Preces
1557 1916 1710 1964 postn-

88 1983 184 2032 zaza]
210 1984 459 2023 Florentiae
482 1992 499 2010 e
524 1985 602 2037 VIJ
624 1986 703 2024 cal.
723 1985 912 2038 Januarij
938 1986 1132 2024 MDLIX.

165 2055 229 2092 Ex
266 2056 573 2094 commissione
612 2057 718 2095 Pris.
756 2057 956 2095 rectoris.
996 2058 1275 2095 Paternitatis
1296 2058 1348 2095 V.
1386 2056 1710 2107 indignissimus

87 2137 240 2164 seruus
264 2131 307 2164 et
328 2125 440 2164 filius
461 2127 503 2164 in
526 2128 601 2166 X.O

1023 2182 1218 2220 CAROLUs
1250 2183 1543 2221 CARLANTINUS
1578 2187 1602 2220 ¹.

168 2268 470 2308 Desideratnr
494 2269 751 2321 inscriptio.

135 2441 154 2459 a
201 2434 450 2480 Quibusdam
469 2435 704 2472 monialium
722 2435 937 2479 coenobiis,
958 2448 1063 2483 quae
1082 2436 1232 2473 auxilio
1258 2437 1459 2483 spirituali
1496 2437 1711 2483 plurimum

88 2493 337 2540 indigebant,
373 2496 589 2542 perutilem
624 2508 789 2542 operam
823 2495 1141 2533 confessionibus
1176 2509 1315 2533 earum
1350 2496 1559 2533 audiendis
1591 2496 1714 2532 nostri

87 2553 318 2590 sacerdotes
344 2555 619 2591 contulerunt.
677 2556 742 2580 ——b
764 2555 988 2602 pauciores.
1053 2564 1116 2582 -Ο
1149 2557 1275 2593 multo
1307 2556 1455 2602 plures.
1523 2556 1588 2580 —d
1611 2554 1714 2591 Con-

88 2616 266 2658 sumpta
286 2613 440 2651 charta
458 2615 505 2651 in
524 2618 712 2652 extremo
731 2625 873 2652 versu.
928 2623 992 2641 —e
1021 2615 1112 2662 Seq.
1134 2615 1216 2652 del.
1237 2614 1334 2652 Idib.

139 2752 147 2770 ¹
199 2750 244 2786 In
262 2750 381 2786 catal.
402 2750 494 2786 coll.
514 2749 717 2787 florentini
736 2751 856 2797 paulo
876 2750 1062 2797 superius
1093 2751 1215 2789 citato
1246 2752 1347 2788 haec
1379 2750 1578 2787 dicuntur:
1612 2749 1713 2787 «Μ.Ο

91 2810 215 2848 Carlo
234 2810 473 2848 Carlantino
500 2810 549 2846 da
564 2809 703 2853 Terni,
733 2810 770 2846 di
798 2813 864 2847 eta
891 2810 928 2846 di
947 2810 993 2847 33
1011 2811 1105 2847 anni
1126 2811 1165 2847 in
1184 2812 1303 2855 circa,
1326 2814 1347 2846 ‘e
1367 2815 1470 2847 stato
1491 2811 1588 2846 mesi
1610 2822 1712 2845 noue

89 2870 200 2906 nella
220 2869 473 2916 compagnia
505 2869 729 2915 [ingressus
760 2876 820 2906 est
837 2869 860 2906 6
873 2869 972 2916 Julii
994 2869 1112 2915 1559}
1132 2870 1309 2916 Insegna
1328 2870 1549 2913 immanita,
1568 2870 1713 2905 huomo

91 2929 128 2965 di
148 2929 252 2966 buon
270 2929 450 2976 giuditio,
470 2928 577 2964 assai
594 2929 816 2974 risegnato,
836 2930 943 2966 buon
963 2929 1101 2976 spirito
1122 2934 1161 2966 et
1191 2930 1350 2973 denoto,
1383 2930 1455 2965 che
1483 2928 1615 2974 aspira
1647 2927 1713 2974 piu

91 2989 227 3026 auanti
247 2989 358 3025 nella
376 2989 442 3025 uia
461 2987 527 3024 del
546 2986 766 3034 Signore.»
788 2988 904 3026 Haec
924 2994 962 3025 et
981 2989 1063 3025 alia
1081 2990 1307 3026 cancellata
1327 2995 1418 3025 sunt
1439 2989 1477 3024 in
1506 2989 1577 3023 hoc
1609 2994 1715 3023 cata-

92 3048 197 3094 logo,
217 3053 261 3085 ut
279 3048 438 3085 videtur
455 3062 479 3085 a
499 3048 777 3095 Polancosqui
797 3060 986 3085 numeros
1006 3049 1045 3084 in
1065 3049 1251 3095 margine
1270 3048 1466 3094 apposuit.
1490 3052 1527 3081 et
1548 3048 1627 3081 alia
1648 3058 1713 3081 no«

236 3132 398 3157 LlTTERAR
418 3133 775 3165 QUADmMEs'ars.—T.
800 3133 849 3158 Vl.
