2038 3400
576 189 898 228 272.—B11„Lomo
928 190 1100 237 14J15N11
1130 191 1219 227 1559
1589 191 1658 228 ‘229

81 307 192 332 mam
214 295 427 332 rationem
449 293 703 330 habeamus.
729 290 854 339 Quae
875 293 978 337 duo,
1000 291 1091 330 Deo
1116 291 1316 339 ίιιιιιιηέε,
1340 305 1622 341 nequaqnam
1643 293 1704 343 ef-

73 365 241 416 ficient
260 366 306 402 ut
321 365 503 402 scholae
518 363 703 401 nostrae
722 361 1012 400 auditoribus
1028 361 1179 399 «minus
1192 362 1380 401 celebres
1396 362 1500 409 sinf,
1521 365 1601 401 αἰιιέ
1623 363 1706 401 aliz?

81 433 376 485 qnantmnmsss
405 432 680 472 eruditiores
712 431 838 471 nobis
869 431 916 470 in
937 433 1133 471 docendo
1166 434 1518 482 anteponanmcr.
1545 432 1666 480 Quos
1688 442 1705 458 ἃ

78 501 307 556 plurimum
323 510 476 542 nostro
496 504 698 554 exemplo
721 503 775 541 ad
797 516 950 541 munus
967 503 1157 541 docendi
1177 503 1485 553 praestandum
1507 504 1702 546 excitari,

79 590 240 615 nouum
261 576 379 627 quod
399 576 498 613 hinc
519 580 705 625 quatuor
728 573 963 612 miliaribus
987 573 1167 625 erigitur
1191 575 1478 625 gymnasium,
1503 574 1616 612 satis
1644 588 1705 612 ar-

79 654 288 699 gumento
311 647 562 697 indicioque
586 657 684 683 esse
705 649 869 696 potest.
894 645 960 683 Ab
982 644 1053 683 his
1077 657 1183 684 nero
1213 646 1233 670 b
1256 644 1482 695 diligentia
1513 647 1705 696 superari

80 721 174 757 tum
195 720 325 768 turpe
348 717 607 768 acfoedmn
630 715 851 763 ducimus,
882 723 897 740 ⁰
919 729 1056 766 quum
1077 716 1209 755 labor
1226 719 1312 766 pro
1336 717 1412 754 X.0
1433 730 1485 756 ex
1507 716 1706 755 obedien-

80 789 145 828 tia
167 789 421 839 insumptus
434 787 656 838 propriae
673 787 908 826 uolmzlaz‘fz‘
929 801 982 826 ac
999 787 1409 838 qn-estuz'prczestat.
1434 786 1569 836 Quid,
1590 790 1708 837 qnod

80 875 165 900 non
186 874 283 899 raro
306 861 406 899 hinc
426 859 603 910 triginta
625 865 699 897 aut
726 859 1039 910 quinquaginta
1060 859 1294 897 miliaribus
1324 872 1411 897 non
1432 860 1559 910 pauci
1587 873 1704 905 suos,

80 938 126 970 ut
147 945 171 970 a
190 932 316 970 nobis
338 931 633 976 instituantur,
658 930 711 967 ad
733 943 813 967 nos
834 929 1070 977 adducunt,
1090 943 1177 968 non
1200 930 1291 968 sine
1314 930 1532 968 lachrimis
1549 931 1707 968 hereti-

81 1015 230 1042 corum
257 1002 517 1053 prauitatem
549 1001 841 1047 detestantes,
866 1001 992 1039 nobis
1023 1014 1108 1039 uno
1143 1014 1218 1039 ore
1242 1000 1604 1052 congratulando,
1637 1003 1709 1052 qui

80 1072 196 1124 quod
217 1073 288 1112 isti
308 1074 351 1111 in
367 1073 623 1123 perniciem,
642 1085 722 1110 nos
739 1072 781 1110 in
799 1072 906 1123 reip.
928 1071 1188 1110 christianae
1211 1073 1396 1111 salutem
1418 1079 1706 1123 praestemus.

132 1156 169 1183 2.
232 1146 451 1195 Quantum
469 1157 576 1182 uero
600 1145 737 1182 nostri
758 1144 800 1182 in
817 1142 952 1182 literis
974 1149 1341 1194 promoueantur,
1367 1146 1576 1183 craebrae
1597 1158 1708 1196 quae

79 1216 132 1254 ab
153 1216 255 1266 ipsis
276 1216 492 1253 habentur
516 1216 738 1253 orationes
759 1215 913 1253 testari
932 1219 1129 1266 possunt.
1157 1216 1254 1265 Qua
1275 1216 1316 1253 in
1338 1228 1384 1254 re
1407 1215 1478 1267 qui
1498 1216 1710 1267 primarrii

80 1293 191 1334 sunt,
215 1288 444 1338 plurimum
466 1288 628 1334 ualent,
652 1287 725 1337 qui
754 1287 807 1324 ab
829 1287 930 1324 hinc
949 1287 1125 1325 biennio
1158 1288 1336 1326 alterius
1357 1294 1431 1326 aut
1463 1289 1593 1334 etiam
1623 1294 1709 1327 ter-

79 1358 165 1397 tiae
188 1359 336 1397 classis
360 1363 496 1396 erant.
532 1359 729 1408 Quorum
751 1371 861 1396 unus
893 1358 1113 1397 dominica
1133 1358 1518 1410 quinquagesimae
1551 1361 1709 1399 oratio-

78 1416 178 1468 nem
202 1430 450 1481 elegantem
472 1430 622 1467 habuit
643 1429 685 1467 in
712 1430 1006 1467 bacchanalia.
1032 1429 1237 1468 Eiusdem
1268 1444 1442 1482 quoque
1464 1432 1710 1483 argumenti

81 1502 273 1540 exhibita
295 1501 570 1540 comoediola
585 1501 680 1549 fuit,
705 1501 896 1539 carmine
911 1501 1097 1540 iambico
1121 1503 1383 1553 conscripta,
1403 1516 1487 1554 qua
1506 1517 1594 1542 non
1617 1503 1708 1542 sine

78 1573 222 1611 fructu
256 1573 460 1610 iuuentus
497 1572 736 1611 exhilarata
771 1578 852 1610 est.
886 1573 1021 1611 Cuius
1052 1573 1317 1612 lmz'usmodi
1345 1574 1625 1625 praecipuum
1665 1575 1710 1614 id

81 1649 173 1682 erat
195 1650 514 1695 argumentum,
540 1648 585 1682 ut
608 1644 754 1682 edicto
786 1657 811 1682 a
831 1657 1053 1695 praecone
1073 1646 1351 1696 promulgato
1376 1652 1549 1685 cautum
1573 1654 1706 1695 esset,

79 1730 133 1755 ne
164 1717 258 1767 quis
293 1717 483 1754 laruatus
519 1716 573 1754 ad
607 1715 967 1754 debaechandum
1001 1717 1044 1754 in
1072 1717 1293 1767 publicum
1327 1718 1539 1768 prodiret.
1579 1720 1709 1769 Quod

79 1788 283 1839 frangens
305 1788 598 1838 Obsophagus
619 1789 702 1826 hac
721 1800 866 1838 poena
882 1787 1115 1826 mulctatus
1136 1788 1230 1836 fuit,
1264 1794 1310 1826 ut
1332 1795 1405 1827 aut
1426 1789 1569 1828 triduo
1598 1803 1708 1842 pane

81 1861 175 1897 solo
199 1865 243 1898 et
264 1873 374 1910 aqua
395 1864 668 1906 uesceretur‚
693 1864 766 1897 aut
788 1871 864 1897 sua
883 1871 1008 1897 secus
1030 1859 1234 1898 admissa
1254 1860 1274 1885 ‘1
1295 1861 1517 1900 sacerdoti
1542 1875 1709 1914 sugge-

84 1933 214 1970 reret.
241 1937 258 1955 θ
286 1931 422 1968 Laeto
447 1935 595 1968 autem
625 1929 878 1981 tamdiuque
902 1935 1052 1981 optato
1085 1930 1140 1968 de
1161 1943 1269 1981 pace
1291 1932 1450 1971 nuncio
1473 1937 1656 1984 accepto
1684 1940 1707 1980 ¹,

82 2003 255 2040 minime
286 2001 520 2040 tacendum
542 2001 635 2040 fuit.
669 2001 825 2040 Statim
847 2002 902 2040 M.
936 2002 1155 2041 Robertus
1177 2003 1233 2041 de
1265 2003 1415 2054 Lanoy
1436 2004 1489 2042 ad
1519 2005 1709 2043 scriben-

81 2074 182 2112 dum
203 2074 402 2125 gallicam
425 2073 479 2111 de
502 2073 618 2111 bello
644 2079 687 2111 et
707 2085 815 2123 pace
839 2074 1114 2112 comoediam
1143 2075 1332 2113 animum
1354 2076 1565 2124 adiunxit,
1599 2089 1709 2127 quae

82 2158 165 2183 una
196 2158 292 2183 cum
325 2144 520 2183 eiusdem
552 2144 795 2184 materiam·
826 2145 838 2169 f
873 2146 1033 2197 egloga
1063 2146 1280 2185 dominica
1307 2153 1405 2198 post
1432 2149 1593 2198 pascha
1614 2154 1711 2187 acta

82 2221 162 2255 est.
186 2217 323 2255 Feriis
343 2222 576 2268 praeterea
596 2217 639 2255 S.
665 2217 816 2255 Crucis
839 2216 893 2254 de
920 2217 1170 2268 frugalitate
1199 2218 1252 2256 ab
1274 2219 1607 2258 adolescentulo
1639 2221 1710 2258 ha-

82 2288 171 2326 bita
193 2293 258 2326 est
282 2288 438 2335 oratio,
459 2300 586 2337 quam
608 2300 687 2326 suo
710 2293 848 2326 marte
869 2288 1052 2327 lecerat.
1078 2289 1173 2327 Alia
1187 2296 1412 2340 postremo
1436 2291 1490 2329 de
1513 2291 1710 2329 laudibus

82 2359 169 2397 diui
185 2359 356 2415 Nicolai
376 2359 419 2397 in
441 2359 533 2397 eius
556 2358 727 2397 solenni
743 2359 948 2411 festoque
966 2360 1052 2399 die.
1077 2361 1165 2400 Sed
1188 2361 1242 2400 de
1277 2363 1342 2400 his
1373 2363 1491 2401 satis.
1514 2363 1646 2401 Nunc
1666 2364 1712 2400 ut

83 2443 195 2479 quae
216 2431 389 2469 restant
411 2431 565 2468 eadem
586 2429 806 2469 breuitate
822 2433 1153 2482 persequamur
1173 2435 1386 2483 superest.

134 2512 171 2549 3.
233 2501 438 2540 Valemus
457 2513 624 2549 omnes,
646 2502 727 2540 Dei
748 2515 945 2550 munere,
969 2505 1014 2541 ιιΐ
1030 2503 1212 2554 pariter
1234 2504 1387 2543 animo
1408 2518 1532 2544 nemo
1554 2506 1616 2544 est
1633 2504 1711 2555 qni

84 2585 172 2611 non
189 2573 384 2611 multum
402 2574 563 2623 operae
579 2574 619 2612 et
634 2573 809 2612 laboris
820 2576 964 2625 ponat
978 2573 1053 2613 sui
1069 2574 1228 2627 officii
1242 2578 1282 2615 et
1297 2576 1452 2628 legum
1469 2577 1709 2615 obseruan-

128 2733 147 2752 a
195 2733 311 2769 alios.
369 2734 432 2758 —b
452 2745 475 2769 a
495 2733 638 2779 quibus
653 2737 801 2770 tamen.
853 2742 917 2760 ..e
937 2746 1009 2772 nos
1025 2734 1189 2772 minime
1205 2735 1390 2782 patimur.
1443 2737 1509 2761 —d
1531 2739 1708 2782 peccata.

82 2799 147 2818 —e
169 2791 442 2829 confiteretur.
498 2793 556 2817 —f
582 2794 828 2839 argumenti.

133 2943 139 2961 ¹
195 2940 279 2978 Pax
294 2942 392 2978 inita
412 2947 500 2978 erat
514 2942 619 2979 inter
634 2943 791 2989 anglos,
808 2943 941 2990 gallos
960 2948 1000 2980 et
1018 2943 1206 2991 hispanos
1221 2944 1271 2981 ad
1286 2943 1467 2982 Cateau-
1480 2943 1710 2980 Cambresis

83 3002 250 3039 ineunte
270 3001 407 3047 Aprili
428 3001 529 3039 1559.
