2038 3400
530 333 916 371 242—-V1ND0130NA
950 333 992 369 14
1019 333 1119 369 FER.
1155 334 1242 370 1559
1605 334 1651 369 87

72 436 218 484 cessit,
242 436 312 474 ille
336 435 543 474 continuo
567 435 620 473 ad
644 435 968 473 confessionem
991 434 1126 472 multo
1149 434 1232 471 iam
1263 439 1464 485 tempore
1486 434 1700 472 intermis-

71 519 159 544 sam
196 519 295 545 sese
330 506 513 557 parauit,
554 506 860 555 execratisque
896 506 1041 555 prauis
1071 505 1225 555 quibus
1251 518 1303 542 ex
1340 509 1463 554 parte
1495 504 1700 542 detentus¹

70 577 211 615 fuerat
233 576 508 628 opinionibus
526 575 754 622 vniuersiS‚
781 574 996 614 ecclesiae
1021 580 1197 613 sanctae
1220 575 1331 613 filius
1355 580 1398 613 et
1421 587 1519 612 esse
1543 579 1585 611 et
1606 587 1700 624 per-

71 655 247 681 manere
279 641 563 680 desiderauit:
603 641 752 692 sicque
784 641 1064 679 confessione
1095 641 1217 691 quasi
1238 640 1373 679 totius
1395 640 1512 677 vitae
1534 641 1701 691 magnis

71 712 262 764 suspiriis
292 719 486 764 peracta,
521 711 903 762 sacratissimoque
940 712 1136 763 corporis
1168 717 1211 750 et
1247 710 1467 763 sanguinis
1498 710 1702 749 dominici

71 790 345 823 sacramento
378 789 606 835 percepto,
641 798 727 822 non
758 784 894 822 multo
917 790 1017 835 post
1039 784 1241 835 migrauit
1264 783 1317 821 ad
1345 781 1592 821 Dominum.
1618 782 1701 819 Ad-

70 856 148 894 iuti
170 861 269 894 sunt
293 861 337 894 et
358 855 428 894 alii
449 869 576 906 quam
598 856 783 906 plurimi,
808 856 879 906 qui
902 855 1194 894 confessionis
1215 854 1514 905 integritatem
1536 854 1702 892 violare

71 927 187 966 soliti
211 932 348 965 erant.

124 1008 160 1047 7.
222 997 429 1050 Aegrotis
451 998 707 1049 frequenter
725 999 872 1037 vocati
893 999 1099 1036 adsumus
1123 1002 1166 1036 et
1189 997 1473 1036 sacramentis
1496 1009 1574 1034 eos
1595 1001 1702 1034 tem-

70 1071 242 1120 pestiue
265 1069 419 1108 muniri
451 1069 692 1117 studemus,
718 1071 788 1108 vel
818 1071 899 1121 ipsi
922 1075 1043 1108 certe
1066 1071 1268 1117 (obtenta
1294 1074 1440 1107 tamen
1476 1069 1703 1117 facultate)

72 1146 347 1179 sacramenta
364 1141 427 1179 eis
445 1141 753 1179 ministramus.
775 1142 1029 1191 Tantusque
1048 1141 1363 1180 catholicorum
1380 1153 1495 1192 pene
1515 1140 1703 1178 omnium

74 1226 179 1264 erga
199 1227 279 1251 nos
302 1218 369 1251 est
389 1213 591 1259 affectus,
618 1218 663 1250 vt
685 1213 778 1251 sola
799 1218 950 1251 nostra
969 1214 1234 1264 praesentia,
1265 1213 1427 1251 nostris
1458 1212 1702 1263 colloquiis,

72 1290 222 1322 nostra
242 1284 285 1322 in
320 1283 523 1323 docendo
549 1290 593 1322 et
614 1282 898 1335 procedendo
924 1286 1210 1335 synceritate,
1234 1285 1347 1323 inter
1377 1290 1442 1322 tot
1474 1285 1705 1322 haeresum

76 1361 119 1394 et
140 1356 347 1394 vitiorum
377 1357 594 1406 procellas
617 1355 833 1407 respirare
857 1370 902 1394 se
926 1356 1137 1395 nonnihil
1167 1355 1359 1407 ingenue
1383 1359 1702 1394 contestentur.

74 1427 332 1466 Effecerunt
371 1440 502 1477 porro
542 1428 680 1465 nostri
721 1428 808 1465 suis
849 1428 962 1479 apud
1002 1427 1218 1478 quendam
1261 1428 1525 1466 catholicum
1561 1428 1705 1465 horta-

72 1498 280 1546 tionibus,
319 1498 458 1537 virum
491 1499 671 1550 egregia
700 1500 867 1550 pietate
898 1512 982 1537 nec
1012 1499 1168 1538 minori
1192 1499 1439 1538 eruditione
1470 1498 1700 1550 insignem,

72 1575 119 1608 vt
155 1583 251 1608 cum
287 1570 322 1608 is
357 1583 515 1608 munus
537 1577 555 1595 a
584 1570 781 1609 officialis
812 1572 877 1621 (vt
899 1571 1079 1621 vocant)
1110 1571 1235 1609 R.<¹iSS
1262 1571 1455 1621 patauini
1486 1578 1511 1615 ¹,
1535 1584 1621 1622 quo
1654 1569 1706 1608 ad

71 1648 242 1693 tempus
264 1641 438 1680 functus
461 1647 568 1689 erat,
590 1643 645 1680 ob
662 1647 910 1693 temporum
932 1641 1204 1693 iniquitatem
1229 1648 1272 1680 et
1294 1641 1618 1680 haeretieorum
1647 1642 1706 1680 in-

72 1713 302 1752 solentiam
337 1713 510 1751 nimiam
541 1713 745 1752 abdicare
771 1714 791 1738 b
815 1714 989 1752 omnino
1012 1714 1164 1761 vellet,
1187 1714 1400 1752 hactenus
1422 1713 1475 1751 ad
1498 1713 1706 1752 maiorem

72 1785 154 1824 Dei
189 1785 387 1836 gloriam,
424 1790 472 1822 vt
508 1785 740 1832 credimus,
779 1786 820 1823 in
857 1798 910 1824 eo
955 1790 1233 1836 perseueret3
1269 1785 1622 1837 praedicatorum
1664 1791 1707 1823 et

71 1861 294 1907 pastorum
326 1860 573 1906 suspectam
603 1861 692 1894 tam
723 1855 870 1904 vitam,
895 1870 1023 1908 quam
1045 1855 1288 1895 doctrinam
1318 1857 1585 1904 examinans,
1617 1869 1706 1895 car-

73 1927 335 1978 ceribusque
371 1928 611 1978 corrigens.
652 1928 893 1980 Plaeraque
924 1928 1007 1966 alia
1042 1933 1141 1967 sunt
1161 1941 1273 1979 quae
1304 1927 1534 1966 breuitatis
1568 1927 1708 1979 gratia

72 2005 324 2051 praetereo.

125 2071 163 2108 8.
223 2069 363 2108 Venio
396 2083 510 2108 nunc
540 2071 594 2109 ad
630 2071 773 2109 studia
803 2071 1010 2118 literaria,
1043 2085 1153 2122 quae
1189 2072 1231 2110 si
1258 2084 1448 2122 vsquam
1479 2070 1605 2118 alibi,
1638 2069 1708 2109 hic

74 2143 189 2180 certe
220 2141 302 2179 Dei
333 2142 552 2180 beneficio
589 2141 770 2180 mirifice
800 2143 974 2180 florent.
1009 2143 1214 2181 Testatur
1235 2142 1278 2181 id
1299 2142 1619 2180 numerossima
1647 2142 1707 2180 iu-

74 2218 233 2251 uentus
253 2225 366 2265 quae
397 2212 589 2264 Vndique
611 2213 664 2251 ad
694 2219 866 2252 nostras
888 2215 1061 2253 scholas
1092 2213 1288 2262 confluit;
1321 2214 1579 2265 comprobat
1608 2226 1707 2252 con-

74 2297 227 2323 cursus
258 2283 465 2322 nobilium
498 2284 846 2331 adolescentum,
871 2286 947 2332 qui
976 2284 1206 2324 illustrium
1236 2290 1465 2336 parentum
1493 2285 1710 2337 generosi

75 2360 173 2394 sunt
209 2356 303 2403 filii3
333 2355 573 2407 persuadet
594 2362 845 2407 magnatum
882 2357 1072 2395 studium
1104 2362 1148 2395 et
1178 2357 1334 2408 ingens
1356 2355 1640 2404 desiderium,
1663 2362 1709 2394 vt

77 2441 180 2467 suos
203 2426 316 2479 apud
337 2441 419 2466 nos
440 2428 554 2466 filios
575 2428 617 2466 in
635 2428 842 2467 conuictu
864 2429 1069 2476 habeant,
1096 2434 1140 2467 et
1161 2433 1340 2467 nostrae
1360 2441 1440 2480 per
1463 2428 1607 2467 omnia
1628 2428 1710 2466 dis-

77 2499 262 2550 ciplinae
285 2498 526 2537 subiectos.
552 2500 782 2538 Distributi
803 2506 903 2538 sunt
934 2509 950 2526 C
977 2506 1123 2538 autem
1146 2501 1188 2538 hi
1223 2500 1363 2538 nostri
1384 2498 1585 2550 discipuli
1615 2500 1656 2537 in
1687 2500 1709 2537 8

77 2571 254 2616 classes,
288 2582 468 2619 quarum
504 2570 700 2621 singulae
736 2583 823 2609 non
857 2571 1159 2622 infrequentes
1193 2571 1357 2609 habent
1391 2571 1631 2617 auditores,
1667 2576 1710 2608 et

76 2647 392 2693 praeceptores
413 2641 623 2693 singulos.
647 2642 702 2681 In
723 2644 919 2682 docendo
941 2656 1046 2682 vero
1069 2656 1301 2689 romanos,
1322 2645 1473 2693 quoad
1493 2641 1590 2681 eins
1602 2641 1711 2694 fieri

72 2715 230 2764 potest,
249 2715 332 2763 per
355 2711 510 2751 omnia
533 2711 790 2753 imitamur.
816 2715 962 2754 Habet
981 2717 1198 2765 suprema
1219 2714 1451 2754 lectionem
1478 2712 1711 2753 Ciceronis

78 2786 128 2824 de
152 2784 365 2830 Oratore,
381 2783 558 2833 justini
581 2783 970 2837 historiographi,
996 2785 1224 2824 orationis
1252 2785 1297 2824 in
1328 2787 1522 2832 Verrem,
1548 2784 1712 2824 Lucia-

128 2965 147 2984 a
190 2969 375 2995 munere.
428 2959 494 2984 -b
537 2970 582 2995 se
597 2962 734 3006 supra
753 2968 860 2995 vers.
878 2957 972 2995 Pol.
1024 2966 1093 2984 -0
1131 2963 1225 2995 sunt
1243 2963 1381 3004 supra
1399 2968 1508 2996 vers.

130 3124 138 3144 ¹
190 3122 385 3170 Intellige
405 3123 547 3161 urbem
565 3122 722 3160 Passau
740 3122 781 3160 in
799 3121 1041 3160 Germania.
