2038 3400
393 275 464 315 628
876 280 1095 324 L1TTERAE
1122 282 1478 329 QUADRIMESTRES

347 385 572 419 matronae
595 381 886 431 declararunt,
906 397 1016 435 quae
1035 385 1088 423 ad
1106 387 1284 425 multam
1306 393 1483 428 noctem
1500 394 1683 440 propter
1707 390 1969 429 dominicum

346 451 625 500 sepulchrum
651 453 897 504 vigilarunt.
924 457 1039 506 Quin
1063 462 1106 494 et
1128 458 1169 494 in
1193 470 1324 497 causa
1344 459 1522 498 fuerunt
1544 473 1619 499 cur
1643 474 1795 501 eorum
1818 475 1973 501 conso-

346 522 491 570 ciatio,
516 524 586 574 quj
619 538 696 574 per
719 527 873 565 vrbem
894 528 936 565 in
959 529 1155 579 singulos
1177 542 1314 568 annos
1337 533 1598 571 verberibus
1622 534 1813 572 caedere
1836 547 1884 572 se
1906 547 1973 572 so-

343 593 448 641 lent,
472 607 550 645 per
572 602 770 635 nostrum
794 600 1002 650 templum
1034 601 1253 648 transiret,
1288 615 1385 641 cum
1416 603 1459 641 id
1490 604 1597 642 alias
1627 618 1861 655 numquam
1893 619 1973 644 vsu

344 667 530 705 venerit.
558 669 769 707 Preterea
800 672 1026 709 concionis
1058 678 1257 723 tempore
1290 674 1522 724 quamdam
1552 677 1783 727 pecuniam
1814 677 1869 715 ad
1900 690 1972 715 ex-

342 738 574 777 truendum
597 741 808 791 templum
840 755 1078 794 corrogare
1111 752 1336 795 ceperant,
1370 759 1498 797 quam
1529 748 1706 798 quidem
1728 762 1826 787 curn
1848 749 1973 788 rede-

342 809 523 859 gissent,
547 810 677 861 idque
710 812 763 850 ad
786 814 928 853 Patris
951 816 958 834 ¹
982 828 1111 853 aures
1145 816 1328 855 fortuito
1359 820 1654 868 peruenisset,
1687 820 1811 859 iussit
1843 823 1972 859 Pater

341 893 437 918 eam
460 883 650 932 restituj,
674 897 728 922 ne
751 886 838 924 vlla
858 886 986 924 nobis
1009 887 1259 938 cupiditatis
1282 890 1375 927 sitis
1406 890 1552 929 inesse
1582 891 1824 931 videretur.
1862 894 1972 931 Tan-

340 957 410 990 tae
445 966 549 992 vero
580 955 867 996 multitudinis
902 959 943 996 in
980 965 1170 1010 vtroque
1206 973 1316 999 sexu
1348 962 1591 1001 confitendi
1620 964 1761 1014 gratia
1789 976 1970 1003 concur-

339 1036 411 1062 sus
433 1032 451 1049 a
472 1025 526 1063 ad
547 1033 724 1066 nostros
756 1030 909 1068 Patres
946 1033 1086 1069 tactus
1124 1038 1205 1079 est,
1239 1038 1287 1070 vt
1323 1035 1428 1071 satis
1452 1034 1491 1072 ei
1517 1034 1666 1074 facere
1696 1048 1970 1087 nequaquam

338 1098 577 1146 potuerint.
603 1100 759 1151 Neque
782 1114 889 1140 vero
912 1101 1086 1141 interim
1109 1105 1161 1141 ab
1186 1106 1467 1144 extructione
1490 1108 1640 1158 templj
1665 1109 1750 1146 vlla
1771 1109 1818 1146 fit
1838 1109 1969 1147 inter-

338 1169 501 1217 missio,
526 1171 745 1210 nobilibus
767 1174 1024 1224 quibusdam
1048 1175 1151 1213 viris
1174 1176 1227 1214 ad
1250 1177 1336 1215 hoc
1356 1179 1585 1228 pecuniam
1616 1181 1966 1231 corrogantibus.

338 1240 436 1289 Quo
460 1241 576 1279 circa
592 1244 728 1283 multo
746 1244 929 1296 amplius
948 1247 1232 1298 ornatiusque
1254 1250 1480 1299 templum,
1503 1263 1591 1288 non
1614 1251 1674 1289 ita
1698 1252 1833 1290 multo
1852 1258 1965 1303 post,

335 1324 415 1350 nos
436 1313 663 1353 habituros
687 1316 962 1356 confidimus.

389 1392 425 1432 5.
486 1385 554 1423 Ad
576 1387 686 1426 haec
707 1393 799 1427 tres
821 1390 952 1428 etiam
971 1391 1231 1430 sacerdotes
1253 1391 1498 1431 doctrinam
1531 1394 1809 1433 christianam
1834 1397 1968 1447 expli-

335 1467 435 1493 care
459 1459 667 1497 continue
689 1469 893 1512 pergunt.
917 1463 1037 1501 Vnus
1058 1464 1220 1514 populo
1244 1464 1368 1503 festis
1400 1465 1555 1503 diebus
1577 1467 1619 1503 in
1651 1468 1833 1518 templo3
1856 1469 1967 1506 alter

333 1526 489 1575 ijsdem
512 1528 667 1569 diebus
688 1532 730 1570 in
753 1533 893 1571 classe
925 1534 1099 1583 minorj3
1131 1535 1289 1574 tertius
1321 1536 1503 1587 singulis
1534 1538 1779 1589 quibusque
1812 1538 1966 1577 diebus

333 1601 507 1638 veneris
530 1602 571 1639 in
593 1604 758 1654 templo
781 1604 1002 1655 discipulis
1035 1607 1247 1654 externis3
1279 1608 1381 1658 quin
1413 1609 1499 1646 imo
1531 1615 1718 1659 quatuor
1750 1622 1773 1647 e
1803 1611 1965 1648 nostris

331 1670 535 1711 fratribus
558 1675 689 1724 varijs
711 1676 753 1714 in
775 1677 884 1715 locis
903 1678 1152 1727 concionatj
1178 1685 1277 1717 sunt
1299 1680 1480 1731 singulis
1503 1679 1658 1719 diebus
1685 1680 1964 1733 quadragesi-

331 1756 400 1781 me
440 1744 685 1795 dominicis,
729 1754 772 1786 et
813 1749 910 1798 alijs
945 1763 1122 1801 qnoque
1159 1751 1314 1789 diebus
1351 1752 1674 1791 hebdomadae.
1708 1754 1773 1791 Ex
1809 1755 1964 1804 quibus

332 1817 533 1855 omnibus
574 1819 913 1859 iucundissimus
945 1835 1065 1869 sane,
1109 1822 1205 1861 R.de
1231 1825 1315 1870 Pr.‚
1349 1824 1684 1875 vberrimusque
1714 1824 1881 1863 fruetus
1910 1825 1965 1863 ad

329 1887 523 1928 diuinum
546 1893 710 1929 cultum
733 1893 981 1944 augendum
1018 1908 1197 1933 manare
1220 1896 1413 1935 videtur.
1438 1897 1500 1945 Illj
1537 1896 1617 1946 solj
1642 1902 1787 1936 tamen
1808 1898 1962 1936 horum

330 1961 520 2000 omnium
551 1963 692 2001 omnis
714 1965 930 2003 tzibuatur
951 1967 1059 2014 lau-s,
1083 1968 1225 2006 honor
1262 1974 1305 2006 et
1326 1969 1483 2019 gloria,
1508 1969 1579 2019 quj
1603 1968 1778 2019 quidem
1803 1982 1899 2007 cum
1921 1971 1962 2008 in

328 2033 392 2070 his
427 2033 627 2082 minimis,
666 2039 757 2073 tum
795 2037 925 2075 etiam
948 2039 989 2076 in
1013 2040 1207 2077 coeteris
1245 2041 1446 2077 omnibus
1484 2039 1660 2091 optimis
1696 2040 1961 2090 summisque

328 2106 534 2155 operibus
571 2107 816 2147 efficiendis
847 2123 968 2148 suam
1000 2111 1190 2149 diuinam
1214 2112 1303 2149 suis
1335 2112 1476 2150 seruis
1509 2124 1638 2162 opem
1667 2112 1961 2162 auxiliumque

326 2178 524 2228 porrigit3
549 2180 643 2217 sine
666 2194 751 2230 quo
774 2181 878 2220 nihil
902 2188 967 2219 est
990 2183 1163 2233 penitus
1194 2183 1313 2233 quod
1342 2183 1491 2222 facere
1522 2182 1754 2234 possimus.
1789 2184 1962 2230 [Preces

321 2249 558 2301 postulat]
601 2251 788 2302 Neapoli
827 2254 978 2303 quinto
1019 2267 1158 2292 nonas
1208 2253 1312 2304 Maji
1352 2255 1525 2293 MDLX.
1566 2256 1600 2292 E
1648 2255 1958 2293 commissione

326 2320 372 2358 R.
400 2322 444 2359 P.
470 2323 681 2373 prepositj
704 2325 999 2374 prouincialis.
1025 2327 1076 2364 V.
1102 2327 1149 2363 R.
1176 2328 1222 2365 P.
1248 2326 1452 2378 indignus
1474 2340 1525 2365 ac
1553 2327 1755 2365 minimus
1784 2327 1825 2363 in
1848 2327 1960 2377 Xpo.

324 2403 493 2431 seruus.

1161 2453 1412 2491 LEONARDUS
1441 2453 1681 2491 FERRARms
1710 2458 1737 2491 ².

368 2595 387 2614 a
439 2596 530 2643 Seq.
553 2598 599 2633 in
619 2608 699 2634 ms.
722 2603 781 2634 est
803 2598 1080 2635 redundans.

370 2749 377 2767 ¹
431 2747 622 2794 Intellige
642 2747 685 2785 P.
709 2747 1006 2793 Salmeronem,
1027 2761 1165 2795 praep.
1188 2749 1497 2795 provincialem.

368 2807 380 2826 ²
431 2806 539 2844 Vide
559 2821 595 2854 p.
615 2807 697 2844 493.
