2038 3400
319 243 390 280 648
791 242 1011 279 LlTTERAE
1039 241 1395 286 QUADRIMESTRES

273 347 352 384 bus
388 345 547 396 aliquid
582 347 836 383 scribamus.
877 344 1008 394 Quod
1043 344 1232 382 fortasse
1265 347 1395 381 antea
1428 343 1590 382 fecisse
1627 345 1903 395 opportebat.

275 418 398 456 Solet
430 418 663 468 collegium
699 418 972 454 lauretanum
1003 414 1057 452 ad
1080 413 1368 465 quadraginta
1388 416 1458 452 vel
1492 427 1545 452 eo
1569 416 1750 466 amplius
1772 415 1907 453 conti-

273 502 359 527 nuo
382 489 517 533 alere3
540 489 581 527 in
603 488 759 539 quibus
783 486 978 524 mirabile
1003 490 1068 524 est
1091 492 1109 509 a
1135 485 1287 523 videre
1305 489 1470 523 tantam
1493 499 1661 523 morum
1684 498 1735 524 ac
1756 487 1907 524 volun-

274 566 411 598 tatum
452 561 820 605 conformitatem,
864 562 1143 607 mutuamque
1188 557 1445 595 charitatem
1486 563 1530 594 et
1570 558 1907 595 aemulationem

274 638 520 670 sanctarum
542 632 767 677 virtutum,
792 631 948 680 quibus
971 630 1011 667 in
1035 629 1129 667 dies
1153 629 1289 679 magis
1311 641 1362 666 ac
1379 629 1516 680 magis
1539 630 1741 667 exornari
1760 628 1908 668 viden-

274 711 358 751 tur,
384 705 484 742 dum
517 704 742 741 vnanimes
767 701 1063 740 obedientiam
1095 706 1288 747 seruant,
1335 701 1521 739 orationi
1551 714 1628 751 pro
1660 714 1782 741 more
1811 701 1909 740 insi-

275 782 407 822 stunt,
432 776 796 814 mortificationes
819 780 863 813 et
886 772 1183 825 poenitentias
1205 776 1431 824 appetunt,
1452 773 1694 812 doctrinam
1717 773 1910 812 christia-

274 861 371 886 nam
395 848 611 893 ediscunt,
651 852 694 884 et
727 847 925 885 eamdem
960 845 1169 895 proximis
1193 843 1472 882 ediscendam
1495 845 1685 882 tradunt.
1710 846 1765 883 Vt
1797 846 1909 884 enim

275 920 556 958 sacerdotum
579 925 830 957 nostrorum
860 917 1111 955 continuam
1142 916 1185 953 in
1216 916 1348 953 rebus
1371 915 1666 966 spiritualibus
1697 917 1911 955 exercita-

273 992 440 1029 tionem
464 991 676 1037 omittam,
701 990 847 1027 solent
868 988 1027 1026 tratres
1049 986 1188 1025 nostri
1218 987 1474 1037 frequenter
1496 988 1539 1025 in
1574 988 1778 1038 hospitali
1810 1001 1910 1027 con-

276 1064 454 1110 cionari,
492 1074 709 1113 pauperes
747 1061 939 1098 infirmos
971 1060 1013 1097 in
1049 1059 1120 1096 via
1149 1059 1322 1096 Domini
1355 1059 1571 1098 instruere
1604 1072 1653 1098 ac
1677 1061 1909 1099 consolari.

274 1135 395 1174 Idem
419 1135 551 1173 etiam
572 1134 736 1172 faciunt
758 1133 829 1183 qui
852 1131 1106 1170 elemosinis
1126 1136 1323 1181 presunt.
1350 1131 1575 1169 Habemus
1599 1132 1730 1170 etiam
1752 1133 1794 1170 in
1826 1134 1912 1171 col-

275 1207 392 1259 legio
415 1219 651 1258 puerorum
675 1204 870 1243 scholam
892 1217 979 1242 non
1015 1203 1356 1254 infrequentem,
1380 1202 1452 1254 qui
1472 1204 1687 1254 pietatem
1711 1218 1795 1243 vna
1816 1218 1912 1243 cum

275 1280 412 1318 literis
432 1292 510 1329 pro
535 1283 663 1328 captu
693 1276 907 1314 ediscunt.
943 1275 987 1312 In
1021 1275 1126 1312 alias
1148 1280 1239 1312 tres
1272 1275 1435 1313 classes
1469 1275 1640 1314 externi
1671 1289 1758 1314 non
1789 1289 1912 1315 acce-

276 1352 397 1398 dunt,
432 1351 501 1389 vel
532 1350 633 1400 quia
662 1349 847 1387 iuuenes
881 1347 1042 1385 adhoc
1073 1346 1222 1384 idonei
1253 1359 1341 1384 non
1373 1353 1487 1394 sunt,
1513 1348 1584 1385 vel
1617 1353 1754 1395 certe,
1788 1349 1822 1386 si
1843 1347 1914 1399 qui

276 1427 390 1470 sunt,
415 1423 520 1461 alias
550 1427 668 1459 artes
701 1419 918 1466 ediscunt,
958 1418 1073 1456 vnde
1111 1418 1190 1456 sibi
1228 1418 1393 1456 victum
1429 1419 1657 1469 acquirere
1686 1420 1705 1444 b
1729 1421 1912 1471 possint.

277 1494 492 1546 Oppidani
516 1499 662 1531 tamen
685 1491 942 1541 collegiales
964 1494 1140 1527 nostros
1176 1489 1323 1539 magni
1343 1489 1509 1528 faciunt
1539 1496 1598 1536 et,
1632 1491 1667 1529 si
1697 1491 1800 1542 quid
1830 1491 1917 1529 odii

278 1567 349 1605 vel
383 1564 614 1604 simultatis
646 1564 757 1601 inter
791 1575 868 1600 eos
901 1562 1099 1600 exoritur
1130 1569 1164 1607 ⁰,
1187 1573 1265 1610 per
1286 1566 1464 1599 nostros
1488 1562 1761 1610 emendatur,
1786 1570 1916 1614 prout

279 1638 464 1689 contigit
486 1638 607 1675 hisce
631 1635 802 1673 diebus.
829 1635 932 1671 Erat
951 1633 1064 1671 enim
1088 1633 1202 1671 inter
1229 1633 1394 1683 primos
1416 1633 1599 1672 huiusce
1620 1635 1722 1682 loci,
1746 1636 1817 1686 qui
1838 1649 1916 1687 per

277 1716 447 1761 septem
472 1721 608 1747 annos
630 1707 759 1744 alium
790 1704 1009 1756 quendam
1043 1704 1145 1742 odio
1178 1705 1545 1756 prosequebatur,
1581 1706 1637 1744 ob
1658 1719 1785 1757 quam
1818 1720 1914 1746 cau-

279 1796 368 1821 sam
401 1781 532 1819 etiam
562 1779 616 1817 ad
638 1778 680 1817 id
712 1778 924 1827 temporis
955 1776 1281 1815 confessionem
1315 1776 1558 1816 distulerat.
1592 1779 1770 1816 Frustra
1802 1779 1914 1817 enim

279 1868 301 1892 a
338 1853 482 1891 multis
505 1852 627 1889 annis
647 1849 746 1887 talis
768 1861 851 1898 pax
883 1847 1028 1885 fuerat
1050 1860 1074 1884 a
1105 1847 1251 1885 multis
1273 1853 1505 1897 attentata,
1530 1850 1717 1888 maxime
1740 1850 1839 1900 quia
1860 1850 1915 1889 de

279 1929 329 1964 re'
356 1923 607 1976 pecuniaria
642 1920 871 1972 negotium
906 1919 1137 1970 agebatur.
1176 1919 1253 1957 Ille
1289 1925 1437 1958 tamen
1467 1921 1539 1971 qui
1574 1919 1635 1959 ita
1671 1922 1916 1962 obstinatus

279 1998 435 2043 fuerat,
461 2008 553 2033 rem
576 1999 714 2031 totam
736 1992 809 2030 vni
833 2003 888 2029 ex
917 1991 1079 2029 nostris
1102 1991 1337 2038 commisit3
1361 1992 1510 2041 sicque
1533 1993 1575 2031 in
1606 1998 1759 2032 nostro
1783 1996 1916 2033 colle-

280 2070 352 2120 gio
376 2082 421 2107 se
447 2072 596 2105 mutuo
628 2063 879 2114 amplexati,
914 2063 985 2113 qui
1007 2067 1136 2101 antea
1158 2062 1308 2101 tandiu
1338 2063 1512 2103 fuerant
1533 2064 1709 2104 inimici.
1743 2066 1832 2104 Sed
1862 2067 1916 2105 ad

280 2140 525 2179 domestica
556 2136 803 2175 redeamus,
838 2135 1064 2173 Habemus
1101 2134 1143 2172 in
1172 2140 1325 2173 nostro
1364 2136 1566 2187 Collegio
1604 2141 1694 2176 tres
1737 2139 1915 2186 classes3

281 2212 389 2251 duas
410 2209 736 2261 grammatices,
762 2212 806 2245 et
828 2206 1004 2244 tertiam
1026 2206 1308 2244 humanitatis
1330 2207 1372 2244 in
1402 2220 1486 2258 qua
1509 2209 1640 2247 etiam
1661 2222 1850 2261 graecae
1873 2211 1915 2248 li—

280 2290 404 2322 terae
428 2282 688 2320 edocentur.
714 2280 760 2317 In
784 2277 984 2316 omnibus
1007 2281 1170 2324 autem,
1194 2282 1282 2316 tam
1304 2285 1608 2330 preceptores,
1633 2293 1761 2330 quam
1793 2282 1917 2320 scho-

282 2355 422 2394 lastici
444 2354 463 2378 d
491 2353 691 2391 videntur
725 2349 890 2399 optime
926 2347 1047 2399 fungi
1080 2348 1226 2387 officio
1260 2362 1354 2397 suo,
1392 2356 1662 2402 apparetque
1693 2353 1733 2390 in
1765 2365 1916 2391 eorum

283 2424 676 2477 compositionibus
700 2426 743 2459 et
781 2421 822 2458 in
856 2420 1140 2458 obseruantia
1169 2420 1344 2471 linguae
1374 2422 1534 2461 latinae
1565 2436 1653 2462 non
1684 2424 1918 2462 mediocris

282 2500 464 2538 fructus.
492 2495 644 2534 Lectio
671 2495 739 2531 vel
762 2492 908 2542 potius
938 2491 1116 2529 collatio
1154 2504 1332 2531 casuum
1355 2494 1671 2542 conscientiae,
1703 2494 1829 2534 nobis
1849 2496 1919 2533 hic

284 2581 457 2621 semper
479 2565 597 2604 vtilis
629 2570 673 2602 et
702 2562 968 2609 necessaria,
994 2561 1109 2600 circa
1140 2563 1330 2602 medium
1352 2565 1715 2617 quadragesimae
1739 2572 1918 2618 propter

283 2642 435 2681 nimias
471 2637 621 2688 templi
655 2634 971 2685 occupationes
1002 2633 1082 2672 fuit
1110 2635 1314 2685 equidem
1350 2637 1612 2684 intermissa,
1645 2651 1740 2676 earn
1772 2644 1917 2677 tamen

283 2714 423 2760 breui,
456 2717 502 2750 vt
525 2722 670 2761 spem,
695 2718 983 2752 resumemus,
1007 2719 1093 2756 quo
1115 2708 1410 2758 promptiores
1432 2717 1450 2735 θ
1471 2710 1525 2748 ad
1546 2710 1833 2749 resoluendas
1855 2723 1917 2749 ar-

283 2787 390 2825 duas
425 2794 618 2835 quasque
654 2778 950 2823 difficultates,
989 2789 1101 2827 quae
1137 2778 1335 2828 quotidie
1370 2781 1440 2819 hic
1477 2788 1727 2829 occurrunt,
1767 2795 1918 2821 omnes

284 2857 541 2901 reddantur,
564 2851 762 2904 quamuis
779 2850 884 2887 satis
905 2850 1094 2900 prompti
1118 2855 1161 2888 et
1183 2854 1416 2891 exercitati
1439 2852 1684 2892 uideantur.
1709 2855 1782 2893 Sic
1804 2855 1916 2892 enim

332 2998 350 3018 a
402 2997 494 3042 δερ.
516 2991 599 3030 ciel.
622 2995 776 3027 tantam
796 2997 966 3022 morum.
1067 2987 1086 3011 b
1109 2986 1205 3024 Del.
1226 2996 1404 3035 possunt.
1460 2998 1523 3016 -0
1546 2991 1698 3028 Praec.
1715 3003 1754 3028 v.
1771 2992 1917 3028 obscu—

288 3071 330 3098 re
349 3060 582 3096 exaratum
603 3053 648 3088 ιἰι
669 3059 750 3086 ms.
806 3046 868 3072 „a
891 3043 993 3082 Lz‘tt.
1016 3048 1040 3085 h
1059 3052 1198 3094 supra
1218 3058 1327 3087 veis.
1385 3059 1448 3077 —e
1469 3051 1739 3098 prumptiores
1759 3062 1838 3088 ms.
