2038 3400
353 231 423 269 330
829 234 1047 272 Ll'r'rERAE
1076 237 1432 281 QUADRIMESTRES

309 333 454 384 pidem
476 348 530 373 ne
562 336 689 374 nobis
711 349 917 375 accessus
939 337 993 375 ad
1015 338 1099 376 hoc
1120 337 1235 388 pium
1260 351 1368 388 opus
1389 343 1550 389 pateat.
1576 340 1732 379 Vincet
1755 347 1900 379 tamen
1920 342 1939 360 ἢ

309 405 441 444 dubio
459 408 626 456 procul
648 407 860 458 patientia
880 422 966 447 susa
988 421 1038 447 ac
1067 409 1392 460 longanimitate
1413 411 1432 435 b
1454 411 1519 449 leo
1538 412 1589 450 de
1619 410 1738 449 tribu
1763 412 1888 461 suda
1911 419 1937 459 ’ς

309 479 442 527 atque
464 478 583 517 lianc
619 478 671 517 ob
708 492 897 518 causam
927 492 1004 531 per
1041 480 1229 519 ciuitatis
1252 488 1267 505 ς
1288 481 1496 532 primates
1530 482 1742 533 quosdam
1778 496 1939 533 pugna-

310 562 418 597 mus,
443 561 494 588 ac
517 550 696 589 efficere
721 551 938 599 enitimur,
963 564 1018 590 ne
1040 551 1211 590 radices
1233 552 1413 591 altiores
1435 553 1593 592 malum
1624 553 1728 592 illud
1749 558 1864 605 agat,
1896 559 1939 592 et

310 625 354 659 ut
379 621 703 661 xenodochium
726 636 853 674 quam
883 623 1046 674 optime
1076 624 1341 663 instituatur.
1375 625 1438 663 Eo
1468 625 1674 664 libentius
1704 627 1787 664 hac
1815 626 1857 664 in
1892 639 1939 664 re

311 698 377 731 est
399 693 525 732 nobis
549 694 877 743 elaborandum,
898 694 1014 746 quod
1037 696 1249 734 exercitia
1270 696 1439 735 isthaec
1460 710 1547 735 non
1565 697 1696 736 modo
1719 697 1940 736 adiumen-

310 770 399 804 tum
422 765 632 805 desolatis
663 779 714 805 ac
744 768 871 817 plane
903 767 1124 806 destitutis
1155 768 1417 818 pauperibus
1447 768 1528 806 illis
1558 768 1762 816 afferunt,
1788 782 1938 807 verum

308 836 433 874 nobis
458 837 588 875 etiam
619 838 1018 888 praesentissimam
1050 838 1245 876 referunt
1281 844 1325 877 et
1361 839 1571 877 exhibent
1604 840 1873 879 memoriam
1902 843 1940 879 et

310 908 663 947 recordationem
700 910 915 948 humanae
952 911 1209 949 calamitatis
1246 916 1289 949 et
1325 911 1542 956 miseriae,
1580 925 1665 963 quo
1688 912 1940 950 humilitatis

313 979 551 1018 euadamus
575 980 878 1019 studiosiores.

369 1063 428 1090 11.
490 1051 599 1090 Tres
630 1065 767 1103 nuper
798 1052 1070 1091 diuersarum
1106 1052 1330 1091 nationum
1365 1055 1429 1103 (ut
1461 1053 1514 1092 de
1550 1055 1713 1104 polono
1751 1054 1941 1105 optimae

311 1122 405 1173 spei
426 1123 588 1161 iuuene
610 1136 661 1162 ac
683 1124 966 1162 mediocriter
989 1124 1139 1172 docto,
1164 1126 1233 1175 qui
1258 1138 1354 1164 cuin
1386 1131 1561 1164 rectore
1588 1131 1740 1164 nostro
1763 1126 1848 1164 huc
1869 1138 1941 1163 ue-

310 1195 387 1241 nit,
411 1194 583 1233 interim
602 1195 791 1245 taceam)
813 1208 912 1234 sese
934 1196 1060 1234 nobis
1083 1196 1390 1244 adiunxerunt,
1414 1196 1605 1246 fideique
1626 1204 1804 1235 nostrae
1827 1209 1942 1235 corn-

312 1267 538 1314 miserunt,
572 1267 756 1305 iuuenes
788 1273 910 1305 certe
941 1280 1126 1319 magnae
1158 1268 1404 1307 modestiae
1435 1269 1666 1319 bonaeque
1698 1269 1805 1320 spei,
1838 1282 1942 1320 quo-

310 1351 403 1375 rum
439 1350 548 1376 unus
582 1339 771 1377 bauarus
808 1344 888 1386 est,
926 1340 1097 1378 iuuenis
1131 1340 1315 1390 simplex
1352 1345 1396 1378 et
1430 1345 1593 1388 rectus,
1633 1346 1676 1378 et
1711 1340 1764 1379 ad
1801 1341 1944 1379 onmia

310 1409 487 1459 pietatis
520 1410 665 1449 officia
695 1415 937 1461 promptus3
970 1412 1191 1462 hungarus
1222 1412 1347 1458 alter,
1380 1412 1422 1449 in
1452 1412 1618 1463 pietate
1650 1411 1860 1450 educatus
1890 1413 1942 1450 ab

310 1480 598 1529 i11cunabulis3
623 1482 779 1520 tertius
809 1495 916 1520 uero
939 1483 1081 1529 italus,
1106 1483 1177 1533 qui
1201 1495 1253 1521 eo
1277 1484 1419 1521 animo
1451 1484 1601 1534 recipi,
1626 1496 1834 1535 suamque
1857 1485 1942 1522 ani-

312 1566 424 1591 mam
446 1552 548 1592 huic
569 1554 612 1592 S.
638 1554 853 1592 Societati
876 1554 1053 1592 tradere
1075 1554 1229 1601 uoluit,
1255 1560 1299 1592 ut
1321 1560 1536 1606 perpetuo
1555 1555 1731 1594 Christo
1757 1556 1942 1594 Domino

310 1624 352 1661 in
393 1623 549 1663 culina
585 1624 604 1649 d
640 1624 828 1663 seruiret
863 1624 889 1665 ².
933 1625 1042 1663 Sunt
1077 1625 1147 1675 alij
1189 1626 1385 1664 nonrmlli
1425 1626 1609 1664 studiosi
1649 1626 1945 1665 uniuersitatis

310 1695 452 1743 huius,
476 1696 589 1734 inter
611 1710 721 1747 quos
743 1696 916 1747 quidam
941 1702 1006 1735 est
1028 1698 1183 1735 artium
1206 1697 1414 1748 magister
1437 1703 1481 1735 et
1503 1696 1850 1743 mathematicus,
1872 1699 1944 1749 qui

311 1768 579 1815 desiderant,
606 1774 650 1806 et
673 1782 727 1807 ex
758 1770 902 1807 animo
925 1769 1104 1819 cupiunt
1126 1769 1340 1808 Societati
1372 1782 1469 1807 sese
1501 1769 1723 1820 regendos
1752 1769 1942 1813 tradere,

310 1852 495 1889 quorum
527 1841 831 1887 constantiam,
854 1840 1102 1891 priusquam
1125 1840 1404 1890 recipiantur,
1429 1840 1631 1879 duximus
1662 1841 1942 1891 probandam.

314 1911 517 1962 Quinque
540 1920 772 1962 praeterea
803 1912 924 1950 ciues
955 1924 1058 1950 suos
1079 1912 1193 1950 filios
1214 1916 1334 1950 totos
1356 1912 1452 1950 Deo
1474 1912 1695 1963 ipsiusque
1718 1911 1851 1951 cultui
1872 1912 1945 1950 de-

313 1983 459 2022 dicare
496 1984 720 2031 uolebant,
758 1996 809 2022 ac
848 1988 1099 2022 nostrorum
1135 1996 1318 2022 numero
1362 1989 1408 2022 ut
1447 1984 1771 2022 ascriberentur
1813 1984 1947 2022 multa

313 2055 600 2093 contentione
624 2056 848 2093 curabant.
873 2055 1036 2092 Verum
1058 2054 1101 2092 id
1124 2060 1190 2093 est
1212 2055 1294 2093 illis
1320 2055 1500 2093 liberius
1523 2055 1804 2106 denegatum,
1829 2055 1946 2105 quod

313 2132 476 2174 aetate,
510 2127 724 2174 doctrina,
757 2127 1013 2177 pietateque
1048 2127 1169 2177 parui
1202 2128 1448 2166 admodum
1479 2134 1496 2152 θ
1530 2125 1784 2165 uiderentur
1817 2132 1861 2165 et
1893 2127 1946 2165 ad

311 2199 559 2238 institutum
581 2204 778 2238 nostrum
801 2211 887 2237 non
910 2199 1015 2237 satis
1037 2198 1136 2248 apti
1156 2200 1236 2237 αιιί
1257 2199 1428 2246 maturi,
1453 2199 1629 2237 tametsi
1651 2211 1771 2250 spem
1794 2211 1945 2250 paren-

359 2398 379 2417 a
430 2410 498 2436 eos
514 2399 667 2445 procul.
722 2399 787 2424 ——b
809 2397 1111 2444 longanimitas.
1183 2405 1229 2422 —0
1249 2401 1399 2434 autem.
1451 2397 1517 2422 ——d
1538 2395 1684 2433 infimis
1700 2396 1944 2433 ministeriis.

361 2466 379 2484 e
434 2457 577 2495 adhuc.

363 2646 371 2665 ¹
426 2643 490 2682 Cf.
513 2644 663 2688 Apoc„
699 2643 808 2689 V‚5.

361 2705 374 2725 ²
426 2704 470 2741 In
489 2704 574 2741 cod.
600 2704 741 2741 Germ.
768 2704 853 2746 [31.
888 2703 934 2741 ff.
967 2704 1149 2750 215-216;
1182 2703 1351 2741 235-236
1382 2707 1512 2740 exstit
1543 2702 1755 2748 catalogus
1785 2701 1947 2746 collegii

316 2764 548 2802 viennensis
575 2776 697 2801 manu
723 2763 768 2801 P.
794 2763 912 2802 Grim
940 2765 1113 2811 scriptus
1139 2764 1189 2801 ad
1208 2764 1323 2811 cujus
1342 2764 1496 2800 calcem
1515 2763 1595 2799 alia
1614 2774 1735 2799 manu
1754 2760 1947 2807 scriptum

315 2829 387 2861 est.
412 2823 536 2861 «1559.
558 2822 812 2870 Cathalogus
839 2822 1009 2860 fratrum
1037 2822 1356 2860 viennensium.»
1380 2821 1432 2858 Et
1458 2821 1624 2858 Polanci
1650 2830 1785 2857 manu:
1813 2819 1947 2857 Credo

314 2884 380 2921 del
408 2885 567 2930 Agosto
603 2882 726 2919 1559.»
757 2882 818 2919 Ex
845 2895 923 2928 quo
943 2882 1025 2927 (fol.
1046 2881 1131 2923 236)
1151 2881 1365 2929 sequentia
1385 2880 1662 2925 exscribimus,
1683 2892 1788 2926 quae
1808 2879 1857 2916 ad
1875 2879 1946 2916 hos

314 2943 460 2980 fratres
478 2941 623 2979 referri
643 2942 844 2978 videntur:
868 2941 1024 2979 «Lucas
1045 2942 1233 2984 Polonus,
1254 2945 1450 2988 quantum
1469 2939 1704 2988 conijcimus
1721 2937 1768 2976 20
1796 2950 1947 2976 annum

316 3004 383 3040 vix
410 3007 480 3040 aut
507 3001 643 3049 attigit
679 3008 749 3039 aut
781 3002 966 3039 excessit.
997 3000 1070 3037 Est
1099 3000 1252 3037 familia
1279 3000 1423 3038 nobilis
1442 3013 1488 3038 ac
1507 3000 1621 3036 diues
1639 2999 1768 3035 altero
1787 2997 1951 3035 orbatus

317 3067 532 3112 parente...
