2038 3400
554 347 943 385 242-V1NDO130NA
972 350 1015 384 14
1046 348 1146 385 FER.
1180 349 1270 384 1559
1646 350 1692 387 85

106 446 147 485 in
180 447 468 486 xenodochiis
492 453 535 486 et
555 448 649 486 aliis
670 447 711 486 in
732 449 841 487 locis
869 460 946 499 per
967 449 1050 486 Dei
1070 449 1252 499 gratiam
1276 462 1299 486 a
1320 450 1479 487 nostris
1502 454 1598 487 acta
1620 457 1734 489 sunt.

107 520 205 556 Hoc
225 530 357 556 vnum
379 519 534 566 dicam,
558 520 669 557 tales
690 519 851 571 vbique
878 525 1069 566 nostros,
1104 519 1249 557 diuina
1279 520 1338 557 ita
1368 520 1629 571 disponente
1654 522 1737 559 cle-

106 590 282 637 mentia,
312 603 413 628 sese
442 595 682 640 praestare,
716 597 762 629 vt
794 591 993 629 omnibus
1028 591 1183 641 ingens
1220 590 1285 628 sui
1315 590 1580 629 desiderium
1612 593 1736 630 relin-

104 667 252 712 quant,
278 667 321 699 et
344 675 397 700 ex
420 668 542 712 parte
565 663 720 700 beatos
751 674 798 699 se
833 662 1089 713 praedicent
1124 662 1341 709 homines,
1367 675 1463 700 cum
1485 668 1732 701 nostrorum

105 732 334 783 colloquiis
363 733 417 770 ad
448 739 619 783 tempus
650 733 733 771 frui
765 734 868 771 licet
899 741 931 771 ἢ.
965 733 1092 771 Soliti
1121 738 1219 771 sunt
1250 737 1397 771 autem
1424 734 1577 780 nostri,
1621 746 1737 771 com-

102 805 248 854 plures
270 805 458 852 libellos,
482 805 636 855 quibus
659 805 859 843 doctrina
881 804 1115 843 christiana
1132 805 1396 852 continetur,
1421 805 1586 843 rosaria
1605 806 1734 844 etiam

103 876 286 926 plurima
311 876 331 900 b
349 876 531 926 captiuis
549 875 827 923 distribuere,
847 889 959 927 quae
976 876 1035 914 illi
1056 890 1143 915 non
1166 878 1305 915 solum
1328 889 1496 914 summa
1513 890 1610 914 cum
1634 889 1736 914 con-

103 946 319 984 solatione
343 947 573 997 recipiunt,
598 947 676 985 sed
700 952 743 985 et
765 947 962 997 quotidie
994 961 1040 986 se
1064 961 1117 986 ea
1146 948 1410 986 recitaturos
1441 948 1606 986 deuote
1636 961 1734 998 pro-

103 1018 291 1056 mittunt.
317 1020 426 1058 Cum
448 1024 596 1057 autem
616 1031 720 1069 prae
744 1018 1018 1057 multitudine
1048 1017 1228 1070 singulis
1251 1019 1355 1057 dare
1384 1031 1470 1057 non
1501 1019 1734 1069 possimus,

101 1087 290 1126 vicissim
315 1089 395 1140 ipsi
416 1089 574 1127 habitis
596 1093 790 1136 Vtuntur,
817 1094 860 1127 et
882 1089 935 1127 ad
957 1089 1168 1139 pietatem
1191 1090 1300 1128 alter
1322 1090 1507 1128 alterum
1538 1090 1736 1128 hortatur

102 1164 146 1197 et
167 1160 383 1198 accendit.
409 1161 661 1199 Conciones
682 1162 898 1200 habentur
920 1175 943 1199 a
964 1162 1126 1200 nostris
1148 1161 1334 1200 diuersis
1362 1162 1405 1199 in
1433 1162 1557 1208 locis3
1580 1174 1678 1199 nam
1702 1162 1735 1199 si

100 1231 341 1270 catholicus
376 1233 653 1283 quaerendus
682 1240 698 1258 0
733 1234 1035 1281 concionator,
1068 1239 1244 1283 praeter
1274 1238 1472 1271 nostrum
1496 1232 1568 1270 vix
1600 1234 1729 1271 alium

99 1303 309 1353 reperias.
334 1305 499 1354 Estque
520 1317 591 1342 res
623 1305 928 1354 compassione
960 1305 1228 1355 dignissima,
1262 1304 1379 1355 quod
1402 1317 1498 1342 cum
1528 1305 1735 1342 nonnulla

98 1373 314 1425 virginum
336 1373 378 1412 in
398 1375 594 1425 partibus
610 1374 704 1413 istis
725 1375 891 1426 reliqua
912 1375 1054 1414 adhuc
1074 1376 1159 1414 sint
1187 1374 1468 1423 monasteria,
1500 1376 1559 1413 ita
1588 1380 1733 1413 tamen

100 1444 155 1484 ab
178 1445 308 1493 omni,
334 1458 431 1484 cum
453 1445 698 1497 temporali,
721 1452 812 1484 tum
835 1447 1015 1497 spiritali
1036 1447 1247 1485 destituta
1269 1448 1352 1485 sint
1380 1448 1553 1494 solatio,
1578 1452 1625 1485 vt
1654 1461 1731 1497 pro

98 1516 286 1554 maximo
309 1517 527 1555 beneficio
549 1516 710 1555 ducant
746 1517 780 1555 si
811 1517 947 1555 semel
984 1523 1057 1555 aut
1092 1518 1250 1556 iterum
1285 1518 1327 1556 in
1362 1531 1473 1556 anno
1510 1531 1641 1555 vnum
1679 1530 1732 1555 ex

97 1587 257 1626 nostris
279 1600 304 1625 a
328 1598 374 1625 12
394 1587 467 1625 vel
494 1588 541 1626 16
561 1588 716 1626 italicis
738 1587 758 1613 ‘³
779 1588 1016 1626 miliaribus
1037 1589 1223 1639 petitum
1245 1588 1396 1626 audire
1418 1589 1594 1626 valeant
1630 1600 1730 1626 con-

97 1659 363 1705 cionantem,
389 1662 432 1696 et
453 1659 525 1696 vel
547 1659 691 1696 leuem
714 1659 757 1697 in
787 1659 1071 1710 grauissimis,
1097 1672 1202 1709 quas
1231 1660 1461 1706 sustinent,
1488 1659 1731 1699 afflictioni-

99 1731 181 1768 bus
204 1730 622 1768 consolatiunculam
643 1730 983 1781 impartientem.

149 1813 187 1850 4.
247 1800 564 1840 Confessiones
598 1815 686 1839 non
720 1801 1023 1853 infrequentes
1058 1808 1174 1849 sunt3
1207 1808 1251 1840 et
1281 1802 1316 1840 si
1350 1803 1536 1853 populus
1571 1803 1642 1841 hic
1676 1802 1730 1840 ad

97 1872 336 1911 confitendi
359 1872 618 1910 exercitium
654 1872 813 1911 adduci
841 1872 1071 1924 aliquando
1108 1879 1275 1924 posset,
1314 1886 1401 1912 non
1432 1873 1730 1911 dubitaremus

94 1943 206 1990 fore,
233 1948 278 1981 vt
304 1944 357 1981 ab
381 1942 497 1981 omni
517 1943 645 1982 facile
667 1943 840 1982 haeresi
871 1946 1012 1994 (cuius
1041 1945 1284 1983 fomentum
1315 1946 1597 1995 praecipuum
1621 1950 1689 1983 est
1713 1951 1730 1969 e

94 2015 206 2053 mala
225 2014 349 2063 vita),
374 2015 469 2052 Deo
492 2014 688 2061 iuuante,
712 2014 986 2054 liberaretur.
1008 2017 1101 2067 Jam
1134 2015 1247 2054 enim
1285 2016 1560 2066 experientia
1580 2015 1729 2055 didici-

95 2098 189 2123 mus
210 2097 338 2135 quam
362 2085 517 2123 efficax
541 2086 595 2123 sit
617 2091 771 2124 contra
793 2099 946 2125 omnes
968 2087 1233 2126 Germaniae
1254 2092 1404 2137 pestes
1425 2088 1512 2125 hoc
1531 2088 1728 2138 pharma-

95 2168 210 2203 cum;
233 2154 447 2206 siquidem
467 2168 714 2207 perpaucos
737 2169 835 2195 esse
857 2170 972 2204 reor,
996 2158 1067 2208 qui
1098 2158 1214 2196 facta
1247 2158 1409 2196 nostris
1442 2163 1728 2209 peccatorum

94 2240 272 2265 suorum
295 2227 589 2275 confessione,
614 2227 649 2266 si
680 2227 799 2266 dubii
828 2228 871 2266 in
900 2228 986 2267 fide
1024 2230 1277 2276 extiterant,
1311 2243 1398 2268 non
1427 2229 1470 2269 in
1502 2242 1554 2268 ea
1582 2230 1595 2254 f
1629 2242 1727 2268 eua-

94 2299 230 2337 serint
252 2297 627 2346 constantiss-z'mi3
650 2298 686 2337 si
715 2298 798 2337 iam
831 2312 980 2338 errore
1013 2300 1143 2338 etiarn
1174 2301 1317 2351 aliquo
1340 2301 1550 2352 impliciti,
1574 2314 1661 2339 non
1682 2301 1727 2339 li-

93 2370 349 2408 bentissime
371 2370 589 2409 haeresim
612 2383 786 2409 omnem
808 2372 1060 2418 abiurarint3
1083 2373 1119 2410 si
1144 2373 1340 2423 peccatis
1361 2372 1538 2420 addicti,
1562 2386 1650 2412 non
1673 2386 1725 2411 ex

92 2442 235 2480 animo
258 2440 376 2480 vitae
398 2442 533 2481 totius
555 2442 909 2481 emendationem
940 2443 1221 2484 instituerint.
1246 2444 1469 2482 Sufficerit
1495 2450 1642 2483 autem
1666 2457 1725 2483 ‘ex

92 2513 238 2551 multis
259 2525 391 2550 vnum
412 2513 484 2551 vel
512 2513 697 2551 alterum
723 2512 795 2551 hic
816 2527 1179 2554 commemorare.
1204 2516 1308 2553 Erat
1329 2515 1503 2566 quidam
1524 2516 1597 2566 qui
1618 2529 1725 2553 vxo-

92 2596 184 2621 rem
202 2583 378 2634 quidem
399 2584 579 2631 habens,
604 2585 866 2623 matrimonii
887 2591 1033 2623 tamen
1054 2584 1147 2624 iura
1167 2587 1380 2637 legesque
1398 2587 1469 2624 vel
1491 2587 1726 2637 spernebat

92 2655 164 2693 vel
182 2660 304 2693 certe
325 2654 596 2706 negligebat,
620 2668 759 2706 vagus
780 2669 857 2707 per
879 2655 1070 2707 compita
1092 2657 1236 2695 omnia
1253 2657 1441 2695 ciuitatis
1459 2657 1722 2705 discurrens,

92 2726 371 2764 tabernarum
392 2726 694 2775 frequentator
726 2732 770 2764 et
800 2727 1112 2766 dissolutorum
1134 2728 1419 2779 quorumdam
1443 2741 1592 2767 comes
1618 2727 1724 2767 indi-

92 2796 263 2835 viduus.
288 2797 492 2835 Habebat
513 2797 548 2835 is
565 2810 749 2836 vxorem
770 2798 884 2848 piam
906 2797 1140 2837 admodum
1163 2804 1206 2838 et
1233 2800 1393 2839 nostris
1424 2800 1625 2838 confiteri
1656 2812 1723 2837 so-

91 2868 224 2912 litam.
250 2868 374 2907 Haec
396 2881 492 2906 cum
523 2868 717 2919 grauiter
748 2869 888 2908 mariti
916 2870 1145 2908 continuas
1166 2870 1479 2910 dissolutiones
1500 2871 1652 2918 ferret,
1678 2876 1721 2909 et

140 3077 159 3095 a
198 3069 334 3107 Prius
354 3069 411 3106 eis
430 3068 507 3106 frui
528 3069 665 3106 licebit
685 3069 754 3114 (P).
809 3072 874 3096 --b
914 3071 979 3107 vel
1006 3084 1187 3109 coronas.
1240 3078 1305 3097 —0
1350 3076 1427 3108 est.
1487 3072 1553 3096 —d
1616 3072 1719 3107 itali-

92 3128 147 3165 cis
165 3133 303 3175 supra
321 3138 431 3165 vers.
484 3136 550 3154 -θ
589 3133 651 3165 est
668 3133 806 3176 supra
825 3139 932 3167 vers.
987 3131 1044 3156 -f
1091 3130 1330 3168 confirmati.
