2038 3400
631 177 957 216 224.—Co1„0N1A
982 179 1005 215 6
1026 178 1122 226 JAN.
1154 180 1244 217 1559
1662 186 1702 222 13

125 271 333 322 socioque
370 271 450 310 sibi
479 272 700 321 adiuncto,
725 273 992 325 egrediatur,
1030 279 1164 326 vtque
1201 281 1328 314 orent
1355 282 1441 314 tarn
1472 291 1596 316 mane
1624 293 1751 329 quam

122 342 297 392 vesperi
319 347 362 380 et
383 343 425 381 in
447 357 570 382 sacro
594 345 663 382 cui
683 345 879 396 quotidie
903 358 1055 384 omnes
1079 347 1270 393 omnino,
1302 346 1431 384 etiam
1464 350 1636 387 externi
1666 356 1752 388 stu—

121 412 246 460 diosi,
270 414 485 452 interesse
509 422 739 466 coguntur.
765 417 887 455 Multi
906 418 1021 455 fama
1041 419 1184 457 bonae
1205 420 1490 458 institutionis
1518 421 1643 459 huius
1666 422 1751 461 col-

119 484 223 534 legii
243 485 445 534 permoti,
469 486 581 524 filios
603 500 706 525 suos
727 488 841 538 apud
862 501 941 527 nos
964 490 1183 528 collocare
1205 491 1414 538 nituntur,
1441 492 1571 529 etiam
1597 493 1752 542 prima-

120 554 169 592 rii
189 555 373 603 nobiles,
397 556 510 594 inter
531 570 641 608 quos
665 564 731 596 est
754 571 904 597 comes
927 559 982 597 de
1006 560 1149 598 Moers
1171 561 1214 598 in
1237 561 1400 608 Gelria,
1432 562 1525 612 regi
1555 562 1749 613 Philippo

119 638 143 663 a
165 626 354 665 consiliis
378 628 385 646 ¹

396 640 404 675 3
428 635 472 666 et
493 629 600 667 alius
621 628 794 679 quidam
817 631 1034 669 rhenanus
1056 645 1220 670 comes.
1246 633 1343 671 Duo
1366 638 1597 683 praeterea
1627 634 1751 671 baro-

119 708 198 733 nes
229 696 284 734 de
316 698 611 750 Krechnigen.
645 700 817 738 Vtinam
850 702 1040 740 omnium
1073 702 1372 754 expectationi
1402 703 1549 741 facere
1582 704 1685 741 satis
1707 705 1752 741 li-

119 774 257 806 ceret.
283 770 439 807 Sumus
462 771 575 808 enim
599 784 751 809 omnes
772 772 866 811 fere
888 773 1088 822 iuuenes3
1122 787 1274 812 verum
1304 787 1391 812 non
1421 775 1607 813 hominis
1643 777 1755 813 haec

120 851 253 890 opera
283 846 396 888 sunt,
429 842 507 879 sed
540 843 635 890 Dei,
660 844 733 894 qui
755 844 885 882 etiam
907 857 986 895 per
1008 846 1139 884 rudes
1161 845 1326 896 aliquot
1347 846 1591 896 piscatores
1612 852 1751 885 totum

119 913 269 950 orbem
291 912 394 950 fidei
414 911 516 964 iugo
539 916 662 953 nouit
682 916 916 963 subiicere,
941 922 984 954 et
1008 929 1062 954 ex
1086 930 1162 955 ore
1184 917 1410 955 infantium
1431 922 1563 967 atque
1591 918 1752 956 lacten-

118 983 223 1021 tium
245 983 397 1021 laudes
420 985 630 1036 colligere
653 989 680 1025 ¹2.
711 988 891 1026 Vestras
923 989 1147 1026 orationes
1177 989 1354 1027 summis
1386 988 1501 1026 votis
1532 989 1753 1027 desidera-

118 1067 227 1101 mus,
251 1067 362 1106 quae
384 1055 509 1093 nobis
532 1055 724 1096 diuinum
746 1059 985 1097 subsidium
1006 1060 1255 1110 implorent.

169 1135 208 1173 3.
268 1126 336 1164 Ad
372 1132 581 1167 externos
616 1141 745 1179 porro
781 1136 957 1168 nostros
988 1131 1224 1182 discipulos
1255 1132 1533 1179 accedamus,
1566 1145 1749 1183 quorum

116 1201 204 1234 tam
234 1199 401 1248 amplus
424 1204 490 1237 est
511 1213 716 1239 numerus
748 1207 795 1239 vt
816 1202 967 1240 schola
987 1202 1060 1240 vix
1082 1203 1169 1241 vlla
1199 1216 1302 1242 suos
1325 1204 1561 1255 discipulos
1592 1204 1748 1254 capiat,

118 1272 248 1318 atque
271 1268 325 1306 de
348 1270 550 1320 augendo
572 1271 672 1309 loco
695 1272 749 1309 sit
772 1272 1023 1322 aliquando
1046 1273 1344 1325 cogitandum3
1366 1275 1414 1312 fit
1437 1274 1551 1312 enim
1573 1280 1619 1312 vt
1648 1286 1749 1312 eun-

118 1338 218 1377 dem
247 1347 555 1392 preceptorem
587 1343 760 1382 circiter
787 1345 860 1383 160
881 1343 1057 1383 audiant
1074 1358 1397 1397 nonnunquam,
1424 1351 1579 1397 estque
1611 1347 1749 1384 selec-

119 1411 283 1450 tissima
303 1411 522 1461 iuuentus,
542 1415 714 1464 qualem
735 1416 777 1453 in
811 1415 938 1454 nullis
974 1416 1173 1468 collegiis
1200 1417 1413 1456 hactenus
1435 1430 1622 1467 vnquam
1644 1415 1748 1465 vidi3

118 1495 215 1521 nam
237 1482 309 1534 qui
329 1484 428 1522 mali
448 1491 561 1532 sunt,
587 1490 630 1523 et
657 1499 737 1525 nos
761 1493 805 1525 et
831 1488 1090 1536 jesuitarum
1122 1489 1357 1540 collegium
1388 1490 1454 1539 (vt
1474 1492 1654 1535 vocant)
1684 1501 1749 1527 re—

116 1553 302 1604 fugiunt,
340 1568 427 1593 non
461 1556 657 1595 ferentes
691 1558 817 1609 leges
852 1558 1007 1609 quibus
1038 1559 1092 1597 ad
1127 1559 1397 1611 diligentiam
1433 1562 1748 1612 astringuntur3

116 1637 201 1675 quo
223 1626 285 1673 fit,
310 1631 356 1664 vt
378 1627 519 1665 nullus
551 1629 834 1680 obstreperus
862 1630 933 1668 vel
963 1635 1196 1681 proteruus
1225 1638 1403 1670 nostrae
1426 1631 1678 1683 disciplinae
1701 1645 1748 1670 se

116 1695 271 1744 tradat,
297 1697 374 1735 sed
404 1699 596 1750 quisquis
626 1700 849 1739 studiosus
872 1706 915 1739 et
944 1708 1282 1753 praeceptorum
1305 1716 1481 1742 suorum
1511 1709 1577 1741 est
1600 1704 1749 1742 obser-

116 1773 255 1805 uator.
280 1769 415 1819 Igitur
438 1776 482 1808 et
510 1771 831 1811 numerositate
853 1772 1165 1824 discipulorum
1194 1773 1396 1812 existimo
1428 1775 1511 1813 iam
1542 1787 1621 1813 nos
1652 1773 1749 1812 reli-

115 1852 199 1890 qua
219 1841 444 1890 gymnasia
459 1855 668 1893 superare
690 1848 733 1882 et
756 1845 997 1883 eorundem
1015 1845 1257 1897 diligentia3
1275 1847 1311 1884 si
1328 1848 1459 1885 etiam
1477 1847 1531 1886 de
1548 1849 1748 1888 nobilita-

116 1916 159 1948 te
180 1911 386 1961 loquaris,
410 1914 703 1954 nobilissimos
724 1916 794 1954 hic
815 1917 1125 1956 adolescentes
1147 1918 1300 1957 videre
1332 1919 1477 1967 liceat3
1501 1921 1537 1958 si
1567 1920 1622 1959 de
1646 1921 1747 1960 dili-

113 1982 274 2033 gentia
309 1985 349 2022 et
379 1983 620 2023 studiorum
651 1999 816 2034 amore,
854 1988 980 2038 plane
1013 1994 1185 2027 constat
1220 1994 1396 2028 nostros
1432 1991 1577 2029 multis
1607 1993 1748 2031 modis

116 2052 294 2092 aliarum
329 2055 555 2094 bursarum
586 2057 822 2108 discipulos
853 2059 1038 2107 anteire;
1070 2059 1188 2111 quod
1218 2061 1290 2099 vel
1325 2062 1411 2100 hoc
1440 2068 1745 2113 argumentum

116 2124 310 2173 docebit,
333 2126 451 2176 quod
471 2127 624 2165 illimet
645 2141 669 2166 a
691 2129 777 2166 suis
799 2129 880 2167 sibi
900 2131 1262 2182 praeceptoribus
1284 2133 1468 2171 mulctas
1489 2133 1652 2184 imponi
1675 2147 1745 2173 cu-

114 2195 250 2245 piunt,
275 2195 310 2233 si
330 2197 609 2248 negligentes
631 2199 805 2238 fuerint.
831 2200 1061 2240 Dialectici
1083 2203 1196 2240 enim
1218 2203 1291 2253 qui
1312 2203 1415 2241 mihi
1435 2204 1479 2241 in
1507 2204 1621 2243 festo
1645 2205 1745 2243 Om-

115 2265 231 2304 nium
261 2268 522 2307 Sanctorum
553 2270 781 2309 erudiendi
809 2272 957 2310 traditi
977 2279 1091 2321 sunt,
1124 2287 1307 2314 numero
1337 2276 1511 2314 circiter
1533 2287 1598 2326 34,
1628 2290 1744 2329 mag-

114 2350 197 2376 nae
220 2339 539 2390 expectationis
560 2342 759 2390 iuuenes,
778 2344 916 2393 prima
931 2345 1124 2383 lectione
1143 2346 1396 2385 schedulam
1414 2348 1517 2385 mihi
1538 2348 1581 2386 in
1598 2350 1744 2387 cathe-

116 2409 192 2447 dra
212 2418 464 2460 posuerant,
484 2425 568 2463 qua
584 2413 865 2452 declarabant
883 2428 931 2453 se
948 2415 1203 2455 desiderare
1221 2418 1484 2468 quicumque
1507 2432 1531 2457 a
1551 2419 1744 2459 lectione

115 2481 293 2519 abesset
327 2483 352 2520 6
387 2483 527 2522 obolis
558 2485 857 2533 mulctaretur,
895 2487 968 2536 qui
998 2500 1105 2526 vero
1142 2501 1166 2526 a
1186 2488 1554 2539 disputationibus
1576 2491 1744 2529 dierum

116 2552 290 2591 veneris
326 2559 371 2592 et
403 2555 532 2593 lunae
567 2557 604 2594 8.
644 2557 812 2595 Placuit
847 2557 950 2595 mihi
979 2559 1042 2607 (et
1074 2560 1252 2609 merito)
1284 2565 1451 2599 tantum
1484 2574 1635 2600 eorum
1658 2568 1744 2601 stu-

115 2623 246 2662 dendi
282 2619 325 2662 et
360 2625 613 2677 diligentiae
644 2627 926 2676 desiderium,
959 2642 1113 2668 verum
1145 2632 1306 2669 mulcta
1340 2645 1482 2683 aequo
1512 2632 1744 2672 videbatur

115 2695 266 2743 maior3
283 2696 431 2735 satius
448 2700 598 2738 autem
618 2712 723 2747 esse,
742 2702 787 2738 vt
804 2700 882 2750 qni
899 2714 926 2738 a
943 2701 1210 2741 lectionibus
1228 2703 1410 2751 abesset,
1431 2706 1649 2754 quatzmm
1667 2705 1747 2755 qui

163 2923 173 2942 ¹
226 2922 374 2961 Comes
394 2923 708 2972 Christophorus
727 2925 776 2962 de
797 2925 946 2963 Moers.
969 2926 1032 2964 Cf.
1054 2926 1244 2973 HANSEN‚
1265 2930 1291 2966 l.
1312 2941 1362 2974 c..
1382 2929 1464 2967 327.

163 2982 175 3001 ²
227 2982 290 3020 Cf.
312 2982 377 3020 Ps.
403 2983 512 3027 VIII,
531 2984 566 3031 ὃς
587 2984 774 3031 ΜΑΤΤΗ.,
796 2984 910 3031 XXI,
935 2986 990 3032 15,
1015 2986 1070 3024 16.
