2038 3400
324 271 394 309 778
816 272 1035 309 LlrrERAE
1061 272 1418 318 QUADmMESTREs

279 381 326 413 ut
346 388 433 414 non
455 376 746 427 suscipiantur
769 374 850 413 nisi
872 375 925 413 de
948 375 1104 426 quibus
1125 375 1255 414 liceat
1279 388 1333 413 ex
1369 376 1496 414 claris
1526 376 1697 426 indicijs
1726 377 1908 415 meliora

277 459 470 497 sperare.

331 529 369 566 3.
430 519 518 558 Sed
553 520 637 558 iam
670 520 724 558 ad
755 521 928 558 scholas
959 518 1226 557 domesticas
1260 523 1455 565 transeo3
1479 532 1533 557 ex
1564 519 1616 569 ijs
1648 520 1761 558 enim
1782 519 1909 559 nobis

281 603 438 643 magna
473 604 573 642 spes
604 592 789 643 affulget
820 591 982 629 uariam
1012 603 1301 641 magnamque
1333 590 1565 630 utilitatem
1594 591 1647 629 ad
1678 592 1908 642 rempubli-

280 674 374 701 cam
397 664 621 714 utriusque
646 669 785 701 status
807 662 1039 712 aliquando
1068 662 1321 701 redituram.
1356 662 1520 701 Omnes
1550 663 1725 714 quidem
1756 664 1796 701 in
1820 663 1908 701 uni-

279 747 456 772 uersum
478 735 600 772 iuxta
622 746 899 773 communem
930 738 1180 771 nostrorum
1207 734 1496 784 collegiorum
1526 746 1693 772 morem
1723 747 1811 772 non
1841 747 1908 773 so-

278 807 365 845 lum
388 807 591 845 alacriter
613 806 793 856 singulis
816 805 1039 843 mensibus
1062 805 1341 851 confitentur,
1366 817 1518 843 uerum
1542 805 1673 843 etiam
1695 806 1808 844 inter
1831 818 1909 844 eos

279 883 377 916 sunt
398 878 611 929 plerique,
635 877 707 927 qui
728 877 933 914 libentius
955 876 998 915 id
1019 876 1234 924 factitant,
1256 882 1299 914 et
1322 889 1424 914 suos
1446 882 1652 927 parentes
1669 877 1721 915 ad
1740 877 1910 916 confes-

280 950 449 988 sionem
471 961 522 988 ac
545 948 790 987 orationem
814 948 1177 999 frequentandam
1200 948 1452 999 diligentius
1475 949 1686 987 excitent.
1711 948 1779 987 Ad
1799 950 1910 988 haec

279 1021 455 1072 quidem
476 1020 653 1073 pietatis
676 1021 821 1059 officia
842 1033 929 1058 non
951 1033 1101 1070 parum
1124 1021 1367 1059 animantur
1387 1033 1440 1058 ex
1458 1021 1650 1059 lectione
1672 1026 1762 1059 tum
1781 1034 1910 1060 euan-

280 1093 438 1143 gelica,
464 1099 554 1131 tum
577 1092 866 1132 catechistica
887 1099 920 1139 ἃ,
944 1105 1128 1142 quorum
1150 1093 1260 1131 haec
1282 1091 1351 1131 die
1382 1093 1557 1131 ueneris
1580 1105 1604 1131 a
1624 1099 1801 1132 rectore
1825 1094 1910 1132 col·

279 1165 384 1216 legij
411 1165 435 1211 ¹,
460 1165 533 1203 illa
555 1177 661 1202 uero
686 1164 842 1203 diebus
864 1163 1093 1202 dominicis
1114 1176 1166 1202 ac
1186 1164 1311 1202 festis
1332 1164 1385 1201 ab
1407 1164 1490 1202 alio
1509 1164 1743 1204 sacerdote
1765 1166 1818 1215 ijs
1840 1167 1912 1216 qui

280 1236 435 1275 melius
457 1236 587 1274 latine
620 1241 795 1283 norunt,
820 1235 1084 1274 declaratur.
1118 1236 1182 1274 De
1208 1234 1434 1284 exercitijs
1464 1235 1668 1285 literarijs
1688 1237 1792 1275 nihil
1815 1237 1910 1275 atti-

278 1313 354 1348 net
377 1309 542 1346 dicere.
566 1308 612 1346 In
635 1309 723 1346 suis
741 1308 1022 1354 lectionibus,
1042 1307 1409 1359 disputationibus
1431 1320 1482 1347 ac
1498 1309 1834 1359 repetitionibus
1851 1309 1911 1348 di-

279 1375 570 1427 ligentissime
596 1374 873 1412 excoluntur.
898 1375 1025 1412 Nunc
1056 1387 1230 1425 quoque
1254 1388 1300 1412 se
1332 1380 1485 1425 parant
1506 1374 1695 1413 maiores
1716 1375 1771 1413 ad
1793 1376 1911 1414 exhi-

279 1447 468 1485 bendam
490 1458 591 1485 cum
608 1445 777 1496 primis
813 1445 1063 1496 elegantem
1086 1445 1362 1484 comoediam
1392 1446 1569 1484 nomine
1595 1446 1909 1498 «Voluptiam»,

280 1519 398 1569 prius
420 1531 548 1569 quam
571 1517 755 1556 accedat
781 1518 991 1556 solemnis
1013 1518 1197 1556 mutatio
1229 1518 1480 1556 lectionum.
1498 1518 1656 1570 Neque
1685 1519 1756 1558 hic
1786 1520 1911 1558 silen-

279 1591 340 1629 tio
363 1590 734 1641 praetereundum
759 1590 980 1637 existimo,
1004 1588 1122 1639 quod
1145 1601 1242 1627 cum
1273 1601 1411 1640 nuper
1432 1589 1514 1628 illis
1541 1588 1764 1629 declarata
1794 1596 1913 1630 esset

280 1663 446 1701 utilitas
476 1656 780 1701 necessitasne
813 1660 1075 1700 sacramenti
1106 1661 1465 1709 confirmationis,
1498 1663 1747 1714 complures
1782 1676 1913 1715 expe-

278 1735 443 1773 tierunt
466 1734 809 1772 confirmationis
831 1734 1016 1785 gratiam
1039 1734 1092 1771 ab
1116 1733 1325 1784 episcopo
1358 1734 1439 1771 sibi
1461 1734 1667 1784 conferrj.
1694 1734 1914 1783 Quocirca

279 1806 402 1845 multi
434 1806 675 1844 Eistadium
708 1806 761 1844 ad
783 1806 835 1844 D.
862 1805 1189 1856 suffraganeum
1212 1807 1224 1826 ²
1245 1818 1269 1842 a
1299 1805 1488 1856 quodam
1511 1818 1565 1843 ex
1587 1807 1749 1845 nostris
1779 1807 1913 1846 Patri-

280 1878 361 1916 bus
384 1877 564 1926 deductj
589 1883 704 1924 sunt,
728 1877 799 1915 ubi
821 1883 922 1928 post
942 1881 1198 1928 perceptam
1221 1877 1544 1924 eucharistiam,
1566 1882 1610 1915 et
1625 1878 1826 1916 haustum
1850 1891 1913 1916 sa-

281 1963 401 1988 crum
424 1949 655 2000 liquorem,
680 1950 749 2000 qui
776 1962 829 1987 ex
851 1948 1003 1987 tumba
1023 1948 1066 1986 S.
1092 1948 1344 1999 Walburgis
1374 1948 1538 1987 ibidem
1567 1949 1733 1987 stillans
1763 1949 1817 1988 ad
1840 1951 1912 1988 ob-

281 2019 504 2061 tinendam
529 2022 743 2060 castitatis
774 2021 958 2072 gratiam
989 2019 1187 2066 sumitur,
1221 2032 1318 2058 cum
1349 2020 1518 2071 ingenti
1548 2019 1833 2060 admiratione
1864 2033 1915 2059 ac

282 2093 565 2132 edificatione
587 2092 734 2143 populj
758 2092 984 2143 progressi
1001 2096 1100 2130 sunt
1117 2091 1204 2129 bini
1221 2091 1344 2129 iuxta
1359 2092 1657 2142 processionis
1673 2092 1856 2132 formam
1873 2094 1914 2132 in

282 2165 491 2216 templum
513 2164 547 2211 b,
573 2163 645 2202 ubi
666 2164 719 2202 ab
743 2163 952 2215 episcopo
976 2162 1261 2213 confirmandj
1282 2169 1422 2211 erant;
1440 2163 1597 2215 quibus
1613 2163 1729 2203 idem
1747 2165 1914 2216 episco-

283 2249 363 2287 pus
384 2241 486 2274 ante
508 2236 827 2286 praescriptum
850 2240 1038 2287 tempuS‚
1062 2248 1148 2286 quo
1173 2233 1300 2273 citius
1330 2234 1383 2273 ad
1419 2247 1496 2274 sua
1525 2235 1720 2274 redirent
1755 2236 1912 2285 studia,

283 2308 449 2347 dictum
486 2313 808 2346 sacramentum
844 2307 1045 2354 contulit,
1082 2306 1364 2357 indulsitque‚
1402 2311 1447 2344 ut
1487 2306 1789 2346 redimiculum
1829 2320 1913 2359 quo

281 2380 401 2418 frons
423 2380 508 2418 iam
531 2379 889 2417 confirmatorum
911 2378 1087 2430 religari
1108 2391 1159 2417 ac
1180 2378 1315 2427 uelarj
1338 2390 1415 2429 per
1443 2378 1633 2417 triduum
1661 2380 1789 2427 solet,
1814 2393 1913 2419 con-

282 2451 427 2490 festim
450 2450 744 2501 deponerent3
767 2450 885 2500 quod
906 2456 1052 2488 tamen
1074 2450 1155 2501 ipsi
1178 2450 1233 2488 ob
1255 2450 1550 2489 reuerentiam
1572 2452 1848 2499 sacramenti,
1872 2457 1915 2490 et

283 2525 323 2562 in
347 2523 493 2562 odium
515 2523 841 2562 haereticorum
876 2522 1069 2561 retinere
1100 2521 1360 2569 maluerunt,
1393 2521 1497 2560 licet
1519 2522 1633 2560 haud
1663 2523 1916 2574 ignorarent

283 2608 331 2634 se
353 2596 407 2634 ab
428 2594 602 2634 insulsis
625 2600 669 2633 et
690 2595 832 2645 impijs
853 2595 1102 2634 hominibus
1131 2594 1291 2646 passim
1312 2594 1483 2634 irrisum
1504 2595 1570 2644 irj.
1596 2596 1720 2634 Haec
1740 2596 1795 2634 de
1816 2610 1915 2635 nos-

282 2668 359 2705 tris
379 2667 542 2718 pueris,
566 2666 638 2717 qui
660 2666 701 2704 in
732 2666 894 2705 scholis
916 2666 1171 2705 domesticis
1199 2666 1498 2713 instituuntur,
1536 2665 1652 2705 dicta
1679 2667 1912 2706 sufficiant.

337 2750 375 2787 4.
436 2739 564 2776 Nunc
598 2736 653 2775 de
688 2737 954 2775 lectionibus
988 2743 1240 2776 nostrorum
1279 2738 1591 2789 theologorum
1628 2743 1672 2776 et
1710 2738 1912 2786 utilitate,

329 2881 348 2901 ἃ
401 2894 452 2919 ex
471 2880 717 2919 catechismo
735 2881 773 2917 d.
796 2880 965 2917 Canisii.
1020 2882 1085 2907 —b
1107 2881 1220 2918 2vv.
1242 2886 1385 2928 praec.
1406 2885 1542 2928 supra
1562 2892 1672 2918 vers.

332 3029 341 3048 ¹
396 3027 440 3064 Ρ.
462 3025 657 3065 Nicolaus
676 3025 881 3073 Lanoyus.

332 3087 345 3107 ²
397 3085 506 3124 Vide
526 3086 630 3125 Litt.
650 3084 903 3134 Quadam..
923 3084 978 3131 V,
999 3085 1080 3124 606.
