2038 3400
583 252 948 290 390.-C0Mp1„uro
978 252 1019 289 12
1040 252 1152 298 Juuu
1181 252 1271 289 1560
1616 252 1685 289 685

870 467 985 518 390

596 602 944 662 JOSEPHUS
979 602 1257 648 ACOSTA

642 738 859 764 comf’LuTo
882 727 923 763 12
938 737 1043 775 JUNn
1065 727 1155 763 1560
1183 728 1206 763 ¹.

128 848 158 882 ⁴..
184 841 468 882 Litterarum
506 841 675 889 studia,
712 840 945 879 sociorum
979 841 1204 879 valetudo.
1244 840 1477 879 Exercitia
1500 840 1743 878 traditae—

201 907 240 946 2.
275 906 546 946 Societatem
581 909 782 946 recenter
816 906 1031 957 ingressi.
1077 906 1251 945 Eorum
1291 908 1630 955 ceterorumque
1670 905 1747 955 qui

204 973 251 1011 tn
276 972 547 1023 probatione
577 975 838 1019 versantur,
875 971 1093 1011 exercitia
1127 972 1367 1010 virtutum.
1414 971 1584 1010 Ternae
1619 972 1746 1009 aedes

202 1040 372 1089 emptae
394 1039 454 1076 ad
476 1037 746 1089 aedificium
768 1037 947 1087 collegii
970 1037 1372 1088 amplificandum„

143 1174 150 1186 ¹
203 1157 311 1196 IHS.
336 1156 746 1196 Obseruandissimo
770 1157 886 1194 Patri
908 1157 950 1194 in
972 1157 1081 1194 Duo.
1113 1156 1273 1194 Iacobo
1306 1156 1478 1202 Lainez,
1512 1155 1747 1194 Societatis

124 1230 224 1267 Iesu
244 1229 495 1279 praeposito
524 1230 733 1279 generali.
758 1228 802 1267 S.

183 1313 214 1340 Ι.
273 1303 372 1339 Νο11
404 1302 485 1339 6111
528 1302 706 1352 longum
737 1302 778 1339 in
814 1302 1064 1351 praesentia
1094 1300 1260 1338 referre
1296 1299 1499 1350 quicquid
1522 1299 1575 1336 ad
1604 1312 1745 1336 rerum

126 1364 372 1411 nostrarum
407 1373 621 1411 rationem
651 1377 836 1423 spectat,
863 1386 959 1411 cum
991 1374 1044 1411 sit
1074 1373 1190 1410 idem
1219 1372 1328 1419 fere,
1362 1372 1509 1422 paucis
1533 1371 1748 1420 exceptis,

127 1448 265 1482 status
286 1445 427 1482 bonus
456 1444 648 1494 felixque
681 1444 754 1494 (sit
786 1445 959 1483 Christo
992 1445 1117 1493 laus),
1142 1456 1271 1495 quem
1301 1455 1378 1494 per
1409 1443 1627 1492 proximas
1649 1453 1749 1491 qua-

129 1515 382 1554 drimestres
404 1515 550 1552 literas
573 1515 928 1565 significauimus.
963 1515 1134 1553 Etenim
1157 1513 1300 1552 studia
1330 1513 1573 1551 domestica
1594 1511 1750 1550 eodem

131 1587 282 1624 ordine
304 1593 506 1638 pergunt,
531 1587 734 1625 uberiore
767 1599 940 1637 semper
973 1599 1069 1624 cum
1091 1586 1251 1631 fructu3
1284 1592 1457 1635 praeter
1488 1596 1614 1633 quam
1636 1581 1753 1632 quod

130 1659 253 1696 breui
272 1664 450 1709 propter
472 1658 785 1696 immoderatos
806 1663 954 1696 aestus
977 1658 1187 1708 tantisper
1205 1658 1257 1694 ab
1280 1656 1453 1694 assidua
1477 1655 1755 1693 exercitatio-

133 1742 187 1767 ne
210 1729 451 1767 feriandum
476 1730 572 1768 erit.
598 1729 869 1768 Valetudinis
891 1729 996 1767 mira
1017 1730 1102 1767 hoc
1123 1741 1236 1766 anno
1269 1732 1443 1778 praeter
1467 1732 1670 1764 caeteros
1693 1738 1754 1762 sa-

131 1801 311 1838 lubritas
332 1801 426 1848 fuit,
449 1807 492 1838 vt
514 1800 649 1851 (quod
671 1801 743 1839 diu
764 1802 847 1839 13111
869 1801 1091 1839 recordari
1107 1813 1195 1838 non
1216 1800 1338 1849 11661)
1354 1800 1552 1849 integros
1576 1798 1655 1835 hos
1678 1809 1755 1834 sex

135 1884 324 1919 menses,
347 1885 401 1910 ne
427 1886 534 1910 unus
551 1872 727 1923 quidem
748 1873 925 1923 grauius
946 1872 1261 1923 aegrotauerit.
1287 1872 1520 1910 Caeterum
1547 1868 1758 1907 exercitia

133 1944 279 1993 plures
300 1956 427 1994 quam
448 1956 525 1994 per
546 1944 632 1981 hoc
654 1949 824 1994 tempus
846 1950 976 1982 antea
997 1955 1250 1993 suscepere,
1273 1943 1315 1980 in
1336 1941 1491 1993 quibus
1515 1941 1644 1978 etiam
1667 1940 1757 1977 fue-

135 2027 182 2052 re
203 2014 289 2052 duo
314 2016 466 2052 Patres
487 2014 697 2066 religiosi,
731 2016 802 2066 qui
832 2016 1065 2065 impetrata
1095 2027 1119 2052 a
1149 2015 1384 2052 maioribus
1414 2014 1638 2059 facultate,
1672 2024 1758 2049 non

136 2085 329 2137 segniter
352 2087 417 2124 usi
439 2092 536 2124 sunt
558 2087 739 2137 amplius
759 2087 1017 2137 proficiendi
1041 2087 1292 2124 occasione.

190 2169 227 2196 2.
287 2158 448 2196 Eorum
477 2164 624 2196 autem
654 2160 726 2209 qui
756 2158 1029 2196 Societatem
1060 2157 1132 2195 diu
1163 2157 1467 2195 desiderarent
1489 2160 1758 2194 constanter-

136 2242 220 2279 que
242 2234 461 2279 peterent,
485 2229 637 2268 admisi
660 2236 758 2268 sunt
780 2229 834 2268 ad
855 2229 1159 2279 probationem
1183 2229 1392 2275 nonnulli,
1418 2229 1605 2278 quinque
1630 2232 1675 2263 ut
1698 2238 1759 2263 ar-

138 2301 290 2348 bitror,
314 2307 387 2339 aut
409 2315 502 2340 sex.
528 2303 702 2340 quenis
723 2307 969 2353 praeterea,
994 2301 1122 2339 aulici
1143 2302 1303 2351 alioqui
1325 2300 1477 2345 fastus,
1501 2299 1758 2349 perlongum

139 2371 222 2411 iter
242 2385 479 2424 aggressus
500 2373 699 2423 pedibus,
724 2373 840 2423 quod
864 2374 956 2410 eius
987 2373 1115 2410 animi
1150 2370 1351 2410 ardorem
1384 2370 1487 2408 satis
1510 2370 1610 2407 mihi
1643 2368 1759 2406 vide-

142 2451 209 2482 tur
232 2444 438 2491 indicare,
461 2445 648 2482 famulos
670 2445 952 2494 fortunasque
985 2457 1099 2491 suas,
1133 2448 1262 2493 atque
1285 2441 1327 2480 id
1348 2441 1465 2491 quod
1496 2441 1629 2491 pluris
1652 2445 1758 2481 erat,

142 2527 242 2566 spes
262 2528 404 2566 neque
429 2515 611 2566 exiguas
631 2527 773 2566 neque
796 2516 986 2553 incertas
1017 2515 1243 2559 deserens,
1280 2515 1399 2551 solus
1430 2512 1483 2549 ad
1513 2525 1592 2549 nos
1612 2512 1631 2529 ‘b
1663 2523 1760 2548 con-

142 2586 297 2633 tendit,
322 2598 460 2637 eaque
482 2586 744 2624 firmitudine
775 2586 1045 2624 Societatem
1067 2586 1265 2635 flagitare
1295 2584 1503 2634 perrexit,
1529 2591 1574 2619 ut
1605 2581 1763 2618 iudica-

144 2658 256 2696 uerit
279 2659 406 2695 Pater
429 2658 681 2695 Emmanuel
704 2661 716 2680 ²
738 2658 911 2695 minime
929 2658 1101 2708 repulsa
1119 2656 1311 2707 dignum.
1332 2655 1595 2692 Absoluerat
1612 2653 1681 2689 1116
1699 2657 1761 2687 to-

145 2735 235 2767 tum
256 2741 343 2767 non
364 2729 424 2766 ita
443 2729 609 2778 pridem
630 2729 931 2779 philosophiae
955 2741 1127 2766 cursum
1149 2727 1384 2777 Compluti,
1405 2724 1565 2773 ingcnij
1590 2724 1654 2761 sui
1677 2724 1762 2759 1311-

192 2867 212 2886 a
262 2867 445 2905 Emend.
467 2878 518 2904 ex
536 2879 626 2904 non.

196 3001 204 3019 ¹
257 2999 317 3035 Ex
336 3005 495 3045 autogr.
515 2999 554 3034 in
573 2998 658 3034 cod.
680 2997 806 3044 Hisp,
831 2996 898 3039 97,
924 2998 935 3031 1
959 2995 1043 3038 fol„
1064 3007 1102 3036 n,
1129 2994 1205 3038 186,
1228 2994 1337 3040 prius
1356 2992 1437 3028 297.

196 3059 208 3078 ²
259 3058 302 3095 P.
326 3057 568 3095 Emmanuel
588 3056 737 3104 Lopez,
757 3055 921 3103 collegii
941 3060 1084 3092 rector.
