2038 3400
333 240 380 278 32
796 239 1016 281 LITTERAE
1043 243 1403 290 QUADmMEsmEs

289 339 389 377 Non
411 351 563 377 manca
584 338 627 376 di
649 340 914 378 confessarsi
937 341 1039 392 ogni
1060 353 1283 380 semmana
1305 354 1387 380 con
1410 353 1495 388 me,
1522 347 1565 379 et
1596 341 1931 380 communicarsi

291 422 445 460 spesso
472 415 496 448 ¹.

349 492 408 519 11.
469 481 657 520 Domani
678 495 762 520 con
783 482 994 533 l’aggiuto
1018 483 1089 520 del
1112 483 1244 534 Sig.re
1276 483 1560 522 manderemo
1584 483 1668 521 due
1699 496 1865 522 somme
1889 483 1931 521 di

291 564 427 603 grano
459 552 530 590 alli
560 553 699 591 nostri
731 552 773 591 di
802 552 949 592 Siena.
983 555 1077 592 Vna
1107 554 1166 605 gli
1198 557 1221 593 e
1244 554 1345 593 data
1375 555 1429 593 (13
1460 568 1516 592 vn
1539 554 1748 593 cittadino
1770 555 1930 606 pulcia-

290 624 576 671 nese31'altra
606 624 666 675 gli
696 624 942 663 mandiamo
974 625 1045 663 del
1076 630 1244 673 nostro,
1278 627 1441 676 perche
1474 626 1512 664 ci
1544 626 1746 664 scriuono
1780 630 1822 663 et
1852 638 1930 676 per

292 695 347 733 M.
373 695 523 745 Syluio
547 695 803 734 intendemo
827 696 908 733 che
932 701 1087 733 stanno
1111 695 1152 733 in
1174 695 1450 747 grandissimi
1470 697 1660 747 bisogni.

352 778 411 806 12.
472 768 532 806 La
558 766 744 806 lettione
773 767 816 806 di
846 768 902 805 M.
927 767 1112 805 Giouan’
1146 769 1339 806 Hercole
1370 768 1405 806 si
1435 768 1638 806 tralascio
1672 768 1815 806 subito
1849 768 1930 806 che

293 839 352 890 gli
372 839 459 877 feci
476 839 723 886 intendere,
745 844 788 876 et
807 851 890 876 con
907 839 1054 876 buona
1077 840 1336 877 occassione
1355 839 1396 877 di
1418 839 1647 891 maggiore
1666 839 1932 877 commodita

293 911 364 948 del
387 912 550 949 lettore
574 916 618 948 et
640 910 803 949 uditori
825 911 861 948 si
882 910 1055 948 trasferi
1076 910 1118 948 in
1141 923 1242 949 casa
1264 911 1363 949 d'un
1396 910 1606 949 cittadino
1634 912 1707 962 pisi
1735 912 1773 949 31
1805 923 1930 949 mezo

294 983 409 1021 della
437 984 456 1002 a
485 987 618 1021 terra.
653 982 764 1020 Altri
795 982 884 1020 casi
916 986 959 1019 et
986 982 1006 1006 b
1034 981 1152 1031 dubij
1177 981 1303 1021 simili
1325 990 1341 1007 0
1363 983 1496 1034 dopoi
1518 983 1575 1021 mi
1598 995 1707 1021 sono
1730 981 1930 1029 nasciuti,

295 1055 409 1106 quali
432 1055 595 1092 voleuo
618 1053 811 1091 scriuere
835 1052 1010 1100 adesso,
1035 1065 1105 1091 ma
1124 1065 1202 1104 per
1224 1066 1311 1091 non
1330 1066 1481 1092 essere
1503 1053 1574 1104 pin
1592 1054 1742 1104 longo,
1762 1054 1790 1091 li
1806 1053 1933 1091 riser-

294 1130 400 1165 uero
431 1139 509 1177 per
540 1126 580 1164 13
608 1124 744 1176 prima
776 1124 1044 1162 commodita
1065 1124 1182 1163 dello
1205 1125 1416 1173 scriuere‚
1441 1125 1765 1165 confidandomi
1785 1138 1872 1163 non
1896 1125 1933 1163 ci

293 1200 458 1237 hauere
482 1210 718 1236 occorrere
740 1197 781 1235 in
804 1202 961 1246 questo
984 1210 1110 1235 mezo
1135 1209 1238 1236 cosa
1260 1197 1586 1249 d‘importanza.

352 1280 411 1318 13.
473 1270 608 1307 Detta
629 1269 790 1307 sorella
811 1267 854 1306 di
873 1279 984 1318 papa
1006 1268 1214 1307 Marcello
1238 1283 1271 1307 s.
1297 1283 1351 1307 m.
1379 1271 1401 1307 e
1430 1274 1545 1307 stata
1573 1269 1718 1319 questi
1748 1268 1789 1306 di
1820 1281 1932 1306 ama-

295 1343 381 1380 lata
411 1354 435 1380 3
462 1346 622 1389 morte3
653 1346 696 1379 et
718 1340 987 1392 hauendogli
1010 1340 1134 1378 detto
1158 1340 1244 1379 due
1268 1353 1292 1379 o
1316 1346 1382 1379 tre
1401 1341 1522 1379 volte
1543 1341 1585 1379 13
1605 1353 1749 1379 messa
1769 1341 1812 1379 in
1834 1353 1934 1379 casa

295 1419 339 1452 et
362 1414 698 1460 communicata,
722 1425 800 1464 per
824 1425 974 1450 essere
996 1412 1235 1463 principale
1257 1418 1409 1451 nostra
1429 1413 1580 1452 diuota
1612 1419 1656 1451 et
1686 1412 1934 1451 affettiona-

294 1485 460 1524 tissima
499 1498 630 1524 verso
672 1486 712 1523 13
744 1484 1032 1535 Compagnia,
1071 1484 1262 1523 disidera
1297 1487 1434 1524 molto
1475 1486 1515 1523 13
1549 1484 1830 1524 raccomandi
1864 1485 1934 1522 alli

293 1558 360 1595 sfl
388 1557 588 1606 sacrificij
613 1556 655 1594 di
675 1557 727 1594 V.
752 1556 799 1594 P.
827 1561 871 1593 et
892 1554 935 1594 di
955 1556 1058 1593 tutti
1079 1556 1138 1607 gli
1158 1557 1297 1595 nostri
1318 1555 1360 1594 di
1383 1559 1520 1596 costa.

352 1640 412 1678 14.
472 1628 539 1666 Ne
563 1626 807 1666 Domenico
832 1627 866 1665 si
887 1627 942 1665 ha
962 1631 1119 1677 potuto
1143 1627 1349 1666 mandare
1372 1641 1449 1679 per
1480 1627 1656 1676 adesso,
1694 1630 1749 1666 ne
1780 1627 1930 1666 Fabio.

294 1701 354 1738 La
376 1712 507 1739 causa
529 1700 723 1738 scriuero
747 1699 815 1737 un'
839 1700 948 1737 altra
969 1699 1100 1738 volta.
1127 1699 1179 1737 Di
1202 1700 1251 1737 V.
1279 1701 1324 1738 P.
1349 1700 1546 1751 figliuolo
1568 1699 1779 1751 indegno,

1256 1790 1423 1828 GIOUAN
1453 1789 1662 1828 GAMBARO
1692 1788 1718 1827 ².

376 1915 635 1967 Inscriptio.
661 1915 713 1954 Al
735 1915 872 1954 molto
897 1914 993 1953 R.²¹⁰
1015 1916 1057 1953 in
1079 1915 1154 1953 X.O
1177 1914 1317 1953 Padre
1339 1915 1366 1953 il
1390 1915 1436 1953 P.
1462 1921 1562 1953 m.f⁰
1583 1915 1757 1953 Giouan
1781 1915 1933 1952 130131]-

296 2002 364 2035 co,
389 1988 631 2027 secretario
653 1987 768 2025 della
788 1987 1061 2037 Compagnia
1083 1986 1125 2024 di
1140 1987 1260 2037 Jessi.
1284 1986 1330 2024 In
1353 1987 1503 2024 Roma.

375 2059 484 2099 Alia
505 2072 698 2098 mann...
724 2060 824 2097 Rta.·
842 2071 866 2096 3
892 2068 936 2106 13
958 2058 1029 2096 del
1052 2057 1310 2096 medesimo.
1337 2057 1609 2096 Edificatiua.

377 2130 542 2183 sigilli
562 2129 823 2182 vestigium.

344 2308 363 2326 ²¹
412 2307 503 2353 Seq.
524 2307 573 2343 de
593 2306 677 2342 del.
731 2307 796 2331 —b
819 2312 859 2343 et
878 2312 1015 2352 supra
1035 2317 1145 2344 vers.
1203 2315 1263 2332 —0
1288 2306 1438 2343 Praec.
1462 2317 1501 2342 v.
1525 2307 1570 2341 in
1593 2316 1732 2351 marg.

345 2479 353 2498 ¹
408 2475 703 2512 praecedentia
724 2475 772 2511 de
794 2476 975 2512 Roberto
996 2474 1246 2512 ssellarmino
1265 2474 1533 2519 intelligenda
1554 2480 1660 2511 sunt,

345 2538 357 2557 ²
409 2535 591 2581 Collegii
611 2543 755 2571 rector.
772 2535 833 2571 Cf.
852 2535 994 2581 Epist.
1018 2536 1192 2579 Mixtae,
1214 2533 1268 2577 V,
1288 2533 1371 2579 736;
1390 2533 1545 2570 Lalm'i
1561 2534 1770 2579 Monam„
1788 2533 1855 2574 ΙΙΙ,
1873 2533 1931 2579 22;

299 2597 560 2636 ΞΑςοΗιΝυΜ,
581 2594 745 2631 Histor.
767 2594 856 2630 Soc.
884 2595 995 2639 lesu,
1016 2599 1119 2642 part.
1141 2592 1191 2638 ΙΙ,
1213 2594 1238 2629 l.
1266 2593 1315 2634 V,
1337 2605 1376 2628 n.
1402 2592 1466 2629 107
1484 2605 1572 2639 sqq.
