2038 3400
317 290 386 327 714
794 291 1016 327 L1TTERAE
1044 289 1402 335 QUADRIMESTRES

352 395 442 432 tur.
477 393 678 432 Plurimi
707 395 935 444 suspectos
965 392 1109 432 libros
1126 392 1264 432 sociis
1285 393 1617 433 examinandos
1638 396 1897 433 tradunt.-

351 459 391 498 4.
413 459 711 499 Eztclzarisfia
728 459 1059 511 frequentatur
1079 471 1171 497 non
1187 458 1283 498 sine
1295 459 1505 510 pluriam
1523 460 1898 500 contradictione.

352 524 542 577 Aegroti
574 524 935 564 visitantum-5.
975 523 1322 574 Discipztlorum
1344 538 1579 572 nnmerns;
1596 525 1833 577 profectus
1854 525 1901 563 in

351 591 518 630 litteris
548 593 587 631 et
618 591 746 630 bonis
776 590 1098 629 moribusssfi.
1125 589 1369 630 Sociorum
1390 590 1669 630 existimatio
1692 593 1812 642 apud
1833 605 1900 630 ex-

351 659 518 703 terno.s·,·
536 657 939 708 eornm-fautore&
961 656 1191 708 Principis
1221 660 1306 708 pro
1338 657 1568 696 catholica
1581 658 1672 710 fide
1695 659 1899 697 conatus.

327 795 359 822 1.
420 787 447 833 †
474 785 562 834 Jhs.
598 786 686 821 Pax
718 783 878 831 Christj
916 783 1160 830 nobiscum,
1199 788 1284 822 etc.
1320 784 1415 821 ΕΑΘ
1438 785 1531 822 Pat.
1566 784 1815 835 Scripturus
1847 798 1901 823 ex

270 868 392 893 more
424 855 661 894 Societatis
691 854 1034 905 quadrimestres
1065 855 1229 901 literas,
1263 868 1286 892 a
1314 855 1569 894 domesticis
1591 856 1755 894 nouelli
1775 856 1903 894 huius

270 927 592 965 monachiensis
615 927 790 977 collegij
817 925 1043 975 exercitijs
1066 926 1324 964 sumendum
1348 927 1450 965 mihi
1478 928 1738 966 narrationis
1755 928 1903 978 putaui

270 1000 452 1038 initium.
491 1000 544 1037 Et
580 999 755 1049 quidem
791 997 907 1048 quod
943 998 996 1036 ad
1032 998 1150 1048 ipsos
1186 999 1344 1036 attinet
1381 1000 1622 1049 operarios,
1661 1012 1902 1050 eorumque

270 1070 548 1110 conditiones
584 1077 628 1109 et
667 1084 910 1112 numerum,
949 1071 1105 1109 decem
1142 1071 1352 1109 duntaxat
1388 1072 1445 1109 illi
1485 1084 1667 1109 numero
1705 1078 1819 1118 sunt,
1861 1072 1901 1110 in

269 1156 413 1181 messe
435 1143 595 1194 alioqui
619 1148 662 1181 et
686 1143 985 1193 copiosissima
1020 1148 1063 1180 et
1094 1142 1194 1180 falci
1226 1143 1511 1194 euangelicae
1534 1144 1576 1181 in
1607 1144 1753 1194 primis
1777 1156 1902 1194 opor-

268 1220 385 1253 tuna.
412 1216 613 1266 Quinque
639 1228 693 1252 ex
717 1215 779 1253 eis
798 1220 896 1252 sunt
918 1214 1191 1262 sacerdotes,
1215 1228 1399 1265 quorum
1416 1229 1527 1253 vnus
1544 1214 1692 1253 domui
1708 1221 1900 1266 praeest,

267 1289 378 1326 alter
401 1289 760 1326 concionatorem
792 1287 897 1338 agit,
931 1287 1084 1337 reliqui
1117 1300 1286 1334 omnes,
1320 1288 1413 1325 solo
1448 1300 1589 1338 coquo
1623 1295 1828 1339 excepto,
1862 1290 1902 1327 in

268 1360 480 1398 classibus
504 1365 787 1411 occupantur.
814 1361 923 1398 Sunt
944 1359 1056 1398 inter
1078 1359 1175 1397 illos
1199 1372 1385 1410 corpore
1421 1361 1617 1398 nonnulli
1648 1360 1900 1409 debiliores,

268 1445 377 1482 quos
400 1438 545 1470 tamen
568 1432 714 1470 diuina
735 1430 908 1470 bonitas
930 1432 971 1469 in
1003 1431 1083 1469 hac
1107 1437 1226 1469 tanta
1256 1432 1556 1482 operariorum
1577 1433 1814 1482 paucitate,
1839 1438 1904 1471 vt-

268 1516 453 1554 cumque
487 1504 746 1542 confirmare
778 1501 995 1553 dignatur,
1031 1507 1076 1540 vt
1098 1507 1266 1553 partem
1289 1503 1442 1541 saltem
1466 1503 1650 1553 aliquam
1676 1505 1821 1542 oneris
1841 1505 1902 1542 fe-

267 1574 405 1614 rendo
427 1575 651 1626 improbos
674 1576 856 1614 aliorum
880 1575 1076 1614 solentur
1098 1575 1289 1613 labores.
1315 1575 1487 1622 Animo,
1514 1576 1593 1625 Dej
1614 1577 1768 1626 gratia,
1787 1577 1902 1615 bene

268 1648 415 1685 ualent
448 1660 618 1693 omnes3
652 1654 695 1686 et
725 1652 871 1685 tantus
904 1652 970 1685 est
1003 1660 1155 1685 eorum
1187 1647 1228 1685 in
1259 1648 1341 1685 hac
1372 1653 1523 1686 sancta
1558 1649 1793 1687 vocatione
1827 1662 1903 1686 sua

269 1720 471 1770 omnique
509 1720 671 1757 virtute
706 1732 983 1770 progressus,
1022 1724 1068 1756 vt
1100 1718 1283 1757 effusam
1319 1720 1430 1758 hanc
1463 1720 1542 1768 Dej
1576 1721 1677 1771 Opt.
1715 1721 1827 1758 Max.
1861 1720 1902 1757 in

266 1796 442 1829 nostros
465 1790 781 1841 benignitatem
805 1790 909 1828 satis
932 1789 1247 1840 depraedicare
1269 1803 1357 1828 non
1386 1791 1565 1841 possim,
1591 1791 1712 1828 cuius
1735 1791 1903 1829 scilicet

269 1875 351 1912 ope
376 1870 419 1899 et
441 1862 659 1900 beneficio
682 1862 743 1908 fit,
781 1868 825 1899 vt
846 1861 981 1912 (quod
1005 1874 1146 1899 rarum
1168 1861 1330 1912 alioqui
1352 1867 1421 1899 est
1443 1866 1487 1899 et
1507 1861 1787 1912 perdifficile)
1809 1862 1902 1899 lite-

267 1934 406 1982 rarijs,
430 1933 570 1984 ijsque
593 1933 778 1971 assiduis
802 1938 845 1970 et
878 1932 1168 1971 seuerissimis
1201 1933 1566 1983 occupationibus
1595 1933 1739 1971 norint
1772 1934 1901 1971 etiam

267 2006 404 2043 nostri
427 2017 493 2046 ea,
518 2017 629 2055 (uiuae
653 2003 829 2054 spiritus
852 2010 966 2051 sunt,
991 2015 1117 2053 quam
1150 2003 1408 2041 suauissime
1431 2004 1719 2054 coniungere,
1753 2016 1808 2041 ne
1833 2005 1901 2042 uel

266 2077 487 2114 subtilium
516 2082 561 2113 et
590 2077 917 2126 prophanorum
939 2073 1130 2113 lectione
1162 2075 1386 2121 librorum,
1421 2075 1706 2124 spiritualium
1728 2075 1769 2113 in
1800 2075 1902 2125 ipsis

266 2161 410 2187 rerum
442 2149 687 2197 intepescat
719 2146 924 2193 studium,
959 2147 1028 2184 vel
1066 2146 1303 2196 degustato
1337 2147 1504 2197 spiritu,
1539 2146 1590 2184 ad
1615 2146 1903 2184 examinanda

264 2219 571 2271 aegyptiorum
594 2232 676 2256 non
703 2218 878 2256 omnino
903 2218 1228 2256 contemnenda
1246 2217 1384 2269 spolia
1399 2218 1629 2268 segniores
1646 2217 1899 2256 reddantur.

268 2292 399 2343 Viget
420 2291 460 2328 in
485 2290 547 2328 eis
571 2289 824 2329 obedientia
845 2290 1046 2336 maxima,
1073 2296 1116 2327 et
1139 2295 1289 2327 mutua
1311 2290 1513 2336 charitas,
1537 2290 1579 2327 in
1600 2288 1756 2340 quibus
1778 2303 1831 2327 eo
1855 2303 1901 2327 se

265 2361 519 2413 diligentius
542 2367 771 2409 exercent,
796 2375 882 2413 quo
904 2375 984 2400 suo
1006 2362 1207 2399 instituto
1232 2373 1283 2398 ea
1304 2367 1523 2399 mouerunt
1546 2359 1682 2412 magis
1711 2361 1899 2411 propria,

267 2438 399 2485 atque
422 2433 534 2471 adeo
558 2434 825 2472 necessaria.
851 2434 1031 2472 Multum
1054 2445 1161 2471 uero
1185 2433 1414 2470 renouatio
1438 2433 1510 2470 illa
1530 2437 1751 2481 votorum,
1775 2446 1901 2485 quam

264 2506 414 2557 preuia
444 2505 639 2556 generali
672 2505 951 2544 confessione
974 2506 1067 2556 ipso
1091 2506 1279 2555 paschae
1302 2506 1422 2543 iuxta
1444 2504 1785 2544 constitutiones
1810 2506 1816 2525 ¹
1840 2506 1900 2544 fe-

265 2583 421 2616 cerunt
443 2589 610 2619 omnes,
635 2577 676 2614 in
709 2577 859 2627 spiritu
881 2577 1128 2627 plaerisque
1152 2577 1351 2615 contulit.
1378 2578 1439 2614 Ea
1459 2590 1589 2627 porro
1615 2582 1680 2614 est
1711 2578 1901 2615 omnium

266 2651 353 2688 suis
374 2650 415 2688 in
449 2649 606 2697 officijs
628 2648 868 2698 diligentia,
902 2656 946 2686 vt
977 2662 1063 2686 non
1095 2649 1221 2699 pauci
1256 2649 1466 2687 mirentur
1497 2654 1661 2686 tantam
1690 2649 1733 2686 in
1765 2649 1900 2687 conti-

265 2722 360 2759 nuis
383 2720 603 2759 laboribus
627 2726 669 2756 et
695 2720 911 2768 molestiis
934 2725 1184 2757 nostrorum
1206 2720 1467 2770 pacientiam
1492 2725 1535 2757 et
1557 2720 1844 2758 alacritatem.

320 2803 356 2830 2.
418 2790 706 2828 Reuerendus
740 2791 866 2827 Pater
901 2790 1108 2828 Martinus
1140 2790 1151 2808 ²
1174 2791 1499 2829 concionatoris
1530 2804 1710 2829 munere
1743 2797 1831 2829 tum
1859 2791 1900 2828 in

266 2864 429 2914 templo
452 2868 606 2899 nostro
630 2860 860 2899 dominicis
884 2868 927 2899 et
950 2862 1074 2900 festis
1098 2862 1268 2905 diebuS,
1294 2867 1383 2900 tum
1405 2863 1446 2900 in
1481 2862 1759 2900 illustrissimi
1789 2863 1900 2912 prin·

314 3050 320 3069 ¹
379 3048 550 3085 Constit.
573 3047 664 3084 Soc.
680 3046 808 3092 sesa,
831 3052 933 3092 part.
956 3046 1031 3092 IV,
1052 3059 1086 3084 c.
1108 3046 1182 3091 IV,
1204 3059 1242 3084 n.
1263 3047 1299 3082 ἵ).

314 3109 325 3128 “·“
377 3107 421 3144 Ρ.
446 3106 650 3144 Martinus
672 3105 982 3144 Stevordianus.
