2038 3400
585 173 906 213 ¹261.›C0L0N1A
936 175 958 210 6
986 175 1094 220 MAJ1
1123 174 1212 210 1559
1599 172 1663 208 197

89 287 238 314 eorum
260 276 495 316 iudicatum
519 284 600 325 est,
626 280 657 317 si
681 280 767 317 loci
789 289 1042 316 communes
1074 275 1191 313 dubii
1213 276 1410 325 priuatim
1444 275 1708 323 explicarin-

89 352 170 393 tur,
194 361 279 397 quo
303 349 465 386 rectius
489 362 668 400 eaquae
690 351 774 388 1100
794 355 994 399 tempore
1013 351 1301 385 controuersa
1317 351 1430 391 sunt,
1450 346 1706 391 intelligant,

88 423 132 454 et
166 419 491 457 herethicorum
523 420 717 467 cauillos,
743 421 783 458 in
813 432 997 471 quorum
1029 417 1174 455 medio
1207 428 1445 461 versamur,
1471 415 1595 452 facile
1628 416 1708 452 (lis-

85 489 272 536 soluant,
297 489 511 540 dolosque
529 491 806 541 patefaciant.
828 490 1071 541 Disputatio
1090 500 1265 539 quoque
1281 499 1364 524 vna
1380 486 1606 523 dominicis
1629 486 1707 522 sin-

84 560 196 609 gulis
218 561 307 607 fiet,
331 575 414 611 qua
436 562 562 600 dubia
583 564 726 601 omnia
746 575 857 613 quae
879 560 920 599 in
942 566 1126 611 Vtraque
1148 559 1340 597 lectione
1369 562 1589 604 ocurrent,
1615 570 1708 607 pro-

85 643 250 680 ponere
268 631 431 670 licebit.

135 712 174 750 9.
235 702 346 753 Mag.
374 703 587 742 Henricus
611 704 830 742 Dionisius
851 704 893 741 in
914 702 984 741 die
1007 703 1243 753 palmarum
1265 700 1510 752 passionem
1530 699 1708 737 domini-

84 785 177 810 cam
204 774 243 810 1O
264 774 437 824 quidem
461 782 478 799 ἃ
499 776 726 825 gymnasio
748 775 896 822 latine,
921 774 1081 812 deinde
1103 786 1210 812 vero
1238 773 1280 810 in
1310 772 1424 810 festo
1446 783 1709 821 parasceues

82 843 123 881 in
145 845 308 894 templo
331 846 582 895 germanice
605 847 891 885 concionatus
914 851 996 893 est,
1019 858 1106 883 non
1129 846 1221 882 sine
1243 843 1490 882 auditorum
1513 842 1708 880 consola-

83 913 201 952 tione
225 921 268 953 et
291 916 603 963 satisfactione,
629 918 691 955 sic
713 918 827 955 enim
861 918 907 955 R.
942 917 1028 955 Pri.
1053 917 1192 954 visum
1226 915 1318 960 tuit,
1352 918 1398 952 vt
1428 914 1469 951 in
1492 911 1707 951 studioso-

82 999 174 1024 rum
196 987 377 1037 gratiam
400 989 629 1037 quotannis
651 990 692 1027 in
715 987 933 1026 dominica
952 989 972 1013 b
987 988 1225 1038 palmarum
1248 986 1402 1025 concio
1434 985 1530 1023 talis
1561 985 1614 1022 ab
1636 984 1708 1021 ali-

80 1071 165 1108 quo
187 1064 522 1109 praeceptorum
545 1060 662 1098 domi
683 1061 723 1098 in
747 1060 899 1098 maiori
919 1059 1136 1099 auditorio
1159 1059 1412 1104 haberetur,
1436 1069 1522 1107 quo
1545 1055 1598 1094 ad
1620 1056 1707 1106 pie-

79 1133 215 1168 tatem
238 1134 282 1168 et
317 1130 476 1169 Christi
510 1144 704 1169 amorem
740 1132 821 1169 illis
856 1130 1010 1169 diebus
1044 1131 1138 1181 plus
1179 1130 1308 1168 solito
1339 1128 1705 1175 accenderentur,

79 1200 223 1250 quoad
257 1201 465 1252 templum
499 1202 719 1252 proprium
759 1202 885 1240 nobis
925 1201 1206 1240 concedatur.
1250 1202 1345 1238 Hac
1373 1199 1709 1250 quadragesima

80 1271 278 1322 discipuli
311 1274 449 1311 nostri
483 1274 598 1311 serio
636 1287 732 1312 cum
764 1274 945 1312 aliorum
976 1273 1302 1324 gymnasiorum
1333 1270 1704 1317 adolescentibus,

79 1356 156 1394 pro
179 1350 360 1394 recepta
381 1345 715 1392 consuetudine,
740 1345 1028 1396 disputarunt,
1060 1350 1191 1396 atque
1222 1345 1282 1382 ita
1311 1343 1449 1394 probe
1481 1355 1529 1381 se
1556 1355 1707 1393 gesse-

79 1419 192 1462 runt,
217 1420 263 1453 ut
284 1428 414 1454 nemo
437 1429 524 1454 non
546 1417 627 1454 illis
650 1416 879 1455 victoriam
896 1418 967 1455 vel
990 1415 1136 1454 inuitis
1152 1415 1437 1453 adiudicaret.

136 1497 195 1524 10.
254 1487 381 1525 Nunc
401 1500 509 1526 vero
533 1488 663 1526 etiam
686 1488 740 1526 de
764 1488 958 1526 externis
979 1488 1173 1526 nonnihil
1195 1486 1473 1525 scribendum
1505 1491 1586 1533 est,
1619 1498 1704 1535 quo

78 1556 292 1608 intelligat
314 1559 361 1596 R.
387 1559 436 1597 V.
461 1558 621 1597 multos
644 1571 698 1597 ex
719 1559 801 1597 illis
822 1560 948 1597 nobis
969 1559 1170 1597 addictos
1198 1559 1361 1597 habere
1383 1565 1413 1596 0.
1448 1559 1500 1595 Et
1521 1557 1704 1608 primum

77 1628 251 1679 quidem
274 1628 396 1667 multi
416 1630 476 1668 ita
496 1630 757 1677 afficiuntur,
780 1636 828 1668 vt
848 1630 961 1669 filios
983 1644 1085 1668 suos
1106 1643 1194 1668 non
1211 1629 1342 1668 modo
1361 1630 1487 1667 nobis
1506 1628 1705 1666 erudien-

78 1699 157 1738 dos
177 1700 365 1748 tradant,
389 1713 543 1739 verum
564 1701 607 1739 in
629 1700 878 1739 conuictum
898 1714 976 1740 eos
1007 1714 1088 1740 nos
1110 1701 1273 1739 habere
1297 1700 1486 1751 cupiant;
1509 1704 1552 1737 et
1575 1699 1705 1750 aliqui

77 1783 174 1809 cum
210 1770 263 1809 ad
298 1771 728 1823 dusseldorpiensem
763 1773 957 1811 scholam
980 1773 1016 1820 ‘¹3
1038 1771 1186 1810 audita
1219 1772 1333 1810 fama
1363 1771 1539 1822 collegii
1559 1771 1700 1817 huius,

77 1843 146 1880 hic
167 1842 469 1881 substiterunt.
496 1842 697 1881 Accessit
713 1844 799 1881 hoc
816 1856 967 1881 mense
986 1843 1121 1894 Aprili
1139 1843 1311 1881 comitis
1329 1842 1553 1881 cuiusdam
1574 1842 1700 1889 filius,

77 1912 336 1952 adolescens
357 1913 643 1964 probissimae
665 1914 823 1952 indolis
846 1921 888 1953 et
916 1914 1130 1952 maximae
1163 1914 1499 1965 expectationis,
1523 1914 1595 1963 qui
1615 1926 1702 1951 11011

77 1985 237 2035 exigua
259 1985 404 2032 etiam,
429 1991 530 2023 ante
553 1998 680 2036 quam
700 1987 786 2024 huc
807 1985 860 2024 ad
881 2000 961 2024 nos
983 1987 1233 2033 accederet,
1257 1985 1486 2036 probitatis
1514 1997 1618 2023 suae
1639 1997 1703 2022 ar-

76 2061 284 2106 gumenta
313 2055 585 2103 monstrauit,
616 2069 713 2094 cum
745 2057 973 2095 Embricae
1009 2056 1302 2095 creberrimae
1334 2057 1622 2095 confessionis
1660 2063 1703 2094 et

77 2126 394 2165 communionis
415 2132 688 2165 sacramenta
708 2127 1023 2177 frequentaret.
1057 2128 1109 2164 Et
1140 2128 1210 2165 hic
1240 2140 1337 2165 curn
1363 2130 1450 2178 pro
1477 2127 1702 2166 nobilitate

74 2195 322 2236 volnissent
338 2197 499 2237 Patres
516 2205 532 2223 e
554 2199 797 2237 honestiori
816 2199 827 2223 f
850 2200 949 2237 loco
968 2198 1141 2246 sedere,
1158 2199 1230 2237 ille
1246 2205 1293 2237 vt
1310 2200 1472 2237 Christi
1489 2198 1700 2237 humilita-

75 2273 165 2306 tem
188 2274 464 2319 sequeretur,
489 2270 530 2307 in
553 2281 691 2319 eaque
722 2282 769 2308 se
801 2270 1051 2321 diligentius
1083 2276 1331 2318 exerceret,
1364 2271 1518 2317 noluit,
1551 2270 1629 2309 sed
1659 2272 1700 2309 in

76 2340 377 2378 communibus
407 2341 624 2379 subselliis
655 2354 752 2380 cum
783 2340 875 2380 aliis
906 2348 1052 2380 manet
1085 2344 1109 2380 ¹.
1139 2342 1379 2380 Senatores
1401 2354 1574 2393 quoque
1596 2355 1700 2380 non-

74 2412 192 2458 nulli,
217 2416 261 2449 et
282 2411 475 2450 alterius
495 2412 770 2451 conditionis
790 2420 812 2446 g
826 2413 922 2461 viri,
941 2414 1128 2452 animum
1147 2427 1271 2452 suum
1289 2426 1394 2464 erga
1409 2427 1490 2452 nos
1506 2414 1700 2452 beneuo-

74 2483 160 2520 lum
183 2483 286 2521 satis
318 2483 555 2531 declarant,
593 2483 694 2522 dum
728 2485 991 2536 pauperibus
1022 2484 1229 2523 studiosis
1263 2484 1423 2523 nostris
1458 2485 1528 2524 alii
1550 2491 1698 2524 vestes

75 2553 328 2605 largiuntur,
352 2554 422 2592 alii
443 2554 621 2606 prandia
640 2554 805 2607 aliquot
834 2568 911 2606 per
942 2556 1132 2607 singulas
1162 2556 1441 2607 septimanas,
1474 2558 1544 2595 alii
1574 2558 1698 2595 aliter

120 2715 140 2735 a
189 2715 242 2753 in,
295 2716 360 2740 —b
382 2714 566 2752 Emend.
588 2726 638 2752 ex
656 2716 909 2753 dominicam.
975 2725 1039 2742 —0
1060 2729 1162 2753 esse.
1219 2718 1282 2742 —d
1304 2717 1469 2754 irent.—
1522 2726 1539 2743 e
1561 2718 1697 2754 habita

72 2774 229 2811 ratione
248 2773 468 2811 nobilitatis
487 2775 641 2811 vellent
660 2775 735 2812 nri.
789 2776 847 2801 —f
873 2788 980 2812 eum.
1033 2785 1101 2810 —g
1121 2778 1205 2814 alii.

121 2917 130 2937 ¹
184 2915 259 2952 Hic
289 2916 527 2953 adolescens
561 2917 637 2954 fuit
673 2916 989 2964 christophorus
1019 2920 1069 2956 de
1104 2920 1255 2961 Moers,
1292 2920 1446 2956 comitis
1477 2920 1525 2956 de
1561 2919 1696 2955 Moers

75 2976 192 3012 filius.
215 2974 279 3012 Cf.
300 2975 490 3022 HANSEN,
512 2977 538 3012 l.
558 2989 592 3014 c.
611 2976 693 3015 327.
