<?xml version="1.0" encoding="UTF-8"?>
<!DOCTYPE html PUBLIC "-//W3C//DTD XHTML 1.0 Transitional//EN"
    "http://www.w3.org/TR/xhtml1/DTD/xhtml1-transitional.dtd">
<html xmlns="http://www.w3.org/1999/xhtml" xml:lang="en" lang="en">
 <head>
  <title>
</title>
<meta http-equiv="Content-Type" content="text/html;charset=utf-8" />
  <meta name='ocr-system' content='tesseract 3.04.00' />
  <meta name='ocr-capabilities' content='ocr_page ocr_carea ocr_par ocr_line ocrx_word'/>
</head>
<body>
  <div class='ocr_page' id='page_1' title='image "./litteraequadrime18lain_0687.png"; bbox 0 0 2038 3400; ppageno 0'>
   <div class='ocr_carea' id='block_1_1' title="bbox 574 243 1639 291">
    <p class='ocr_par' dir='ltr' id='par_1_1' title="bbox 574 243 1639 291">
     <span class='ocr_line' id='line_1_1' title="bbox 574 243 1639 291; baseline -0.001 -10"><span class='ocrx_word' id='word_1_1' title='bbox 574 243 862 281; x_wconf 67' lang='lat' dir='ltr'>383.—GENUA</span> <span class='ocrx_word' id='word_1_2' title='bbox 887 245 934 281; x_wconf 84' lang='lat'>30</span> <span class='ocrx_word' id='word_1_3' title='bbox 960 244 1068 291; x_wconf 87' lang='lat' dir='ltr'>MAJ1</span> <span class='ocrx_word' id='word_1_4' title='bbox 1098 245 1186 281; x_wconf 79' lang='lat'>1560</span> <span class='ocrx_word' id='word_1_5' title='bbox 1570 246 1639 282; x_wconf 71' lang='lat'>660</span> 
     </span>
    </p>
   </div>
   <div class='ocr_carea' id='block_1_2' title="bbox 67 334 1691 2531">
    <p class='ocr_par' dir='ltr' id='par_1_2' title="bbox 67 334 1691 1321">
     <span class='ocr_line' id='line_1_2' title="bbox 71 334 1683 397; baseline 0.001 -13"><span class='ocrx_word' id='word_1_6' title='bbox 71 347 208 394; x_wconf 84' lang='lat' dir='ltr'>uenis,</span> <span class='ocrx_word' id='word_1_7' title='bbox 231 352 384 385; x_wconf 88' lang='lat' dir='ltr'>acutus</span> <span class='ocrx_word' id='word_1_8' title='bbox 407 351 451 384; x_wconf 90' lang='lat' dir='ltr'>et</span> <span class='ocrx_word' id='word_1_9' title='bbox 471 334 676 397; x_wconf 88' lang='lat' dir='ltr'>prudens,</span> <span class='ocrx_word' id='word_1_10' title='bbox 700 351 748 383; x_wconf 89' lang='lat' dir='ltr'>vt</span> <span class='ocrx_word' id='word_1_11' title='bbox 777 345 905 383; x_wconf 87' lang='lat' dir='ltr'>facile</span> <span class='ocrx_word' id='word_1_12' title='bbox 927 358 981 382; x_wconf 81' lang='lat' dir='ltr'>ex</span> <span class='ocrx_word' id='word_1_13' title='bbox 1003 344 1082 392; x_wconf 84' lang='lat' dir='ltr'>his,</span> <span class='ocrx_word' id='word_1_14' title='bbox 1115 358 1227 396; x_wconf 85' lang='lat' dir='ltr'>quae</span> <span class='ocrx_word' id='word_1_15' title='bbox 1256 346 1402 383; x_wconf 78' lang='lat' dir='ltr'>dicere</span> <span class='ocrx_word' id='word_1_16' title='bbox 1435 348 1683 397; x_wconf 82' lang='lat' dir='ltr'>aggredior,</span> 
     </span>
     <span class='ocr_line' id='line_1_3' title="bbox 72 415 1685 466; baseline 0.001 -11"><span class='ocrx_word' id='word_1_17' title='bbox 72 417 320 455; x_wconf 88' lang='lat' dir='ltr'>coniectare</span> <span class='ocrx_word' id='word_1_18' title='bbox 344 417 459 455; x_wconf 87' lang='lat' dir='ltr'>licet.</span> <span class='ocrx_word' id='word_1_19' title='bbox 484 416 567 454; x_wconf 89' lang='lat' dir='ltr'>Hic</span> <span class='ocrx_word' id='word_1_20' title='bbox 588 415 800 466; x_wconf 90' lang='lat' dir='ltr'>siquidem</span> <span class='ocrx_word' id='word_1_21' title='bbox 824 416 952 464; x_wconf 76' lang='lat' dir='ltr'>c[um1</span> <span class='ocrx_word' id='word_1_22' title='bbox 977 415 1058 453; x_wconf 85' lang='grc'>13111</span> <span class='ocrx_word' id='word_1_23' title='bbox 1080 416 1248 466; x_wconf 85' lang='lat' dir='ltr'>pridem</span> <span class='ocrx_word' id='word_1_24' title='bbox 1276 417 1489 455; x_wconf 88' lang='lat' dir='ltr'>Societati</span> <span class='ocrx_word' id='word_1_25' title='bbox 1510 424 1685 457; x_wconf 87' lang='lat' dir='ltr'>nostrae</span> 
     </span>
     <span class='ocr_line' id='line_1_4' title="bbox 71 480 1687 538; baseline 0.001 -13"><span class='ocrx_word' id='word_1_26' title='bbox 71 500 169 525; x_wconf 79' lang='lat' dir='ltr'>sese</span> <span class='ocrx_word' id='word_1_27' title='bbox 192 487 397 525; x_wconf 80' lang='lat' dir='ltr'>addicere</span> <span class='ocrx_word' id='word_1_28' title='bbox 420 487 649 533; x_wconf 90' lang='lat' dir='ltr'>uoluisset,</span> <span class='ocrx_word' id='word_1_29' title='bbox 674 490 765 524; x_wconf 85' lang='lat' dir='ltr'>tum</span> <span class='ocrx_word' id='word_1_30' title='bbox 788 486 844 524; x_wconf 91' lang='lat' dir='ltr'>ob</span> <span class='ocrx_word' id='word_1_31' title='bbox 865 480 999 536; x_wconf 86' lang='lat' dir='ltr'>patris</span> <span class='ocrx_word' id='word_1_32' title='bbox 1031 487 1095 523; x_wconf 83' lang='lat' dir='ltr'>sui</span> <span class='ocrx_word' id='word_1_33' title='bbox 1117 488 1360 533; x_wconf 79' lang='lat' dir='ltr'>saeuitiam,</span> <span class='ocrx_word' id='word_1_34' title='bbox 1384 492 1472 524; x_wconf 81' lang='lat' dir='ltr'>tum</span> <span class='ocrx_word' id='word_1_35' title='bbox 1497 489 1596 538; x_wconf 80' lang='lat' dir='ltr'>quia</span> <span class='ocrx_word' id='word_1_36' title='bbox 1616 503 1687 527; x_wconf 86' lang='grc'>116-</span> 
     </span>
     <span class='ocr_line' id='line_1_5' title="bbox 71 557 1686 608; baseline 0 -11"><span class='ocrx_word' id='word_1_37' title='bbox 71 560 253 605; x_wconf 82' lang='lat' dir='ltr'><strong>sciebat,</strong></span> <span class='ocrx_word' id='word_1_38' title='bbox 278 564 419 597; x_wconf 90' lang='lat' dir='ltr'>utrum</span> <span class='ocrx_word' id='word_1_39' title='bbox 441 559 581 596; x_wconf 89' lang='lat' dir='ltr'>bonus</span> <span class='ocrx_word' id='word_1_40' title='bbox 603 559 798 596; x_wconf 90' lang='lat' dir='ltr'>malusue</span> <span class='ocrx_word' id='word_1_41' title='bbox 822 563 941 595; x_wconf 86' lang='lat' dir='ltr'>esset</span> <span class='ocrx_word' id='word_1_42' title='bbox 957 557 1026 595; x_wconf 85' lang='grc'>1116</span> <span class='ocrx_word' id='word_1_43' title='bbox 1048 558 1229 601; x_wconf 69' lang='lat' dir='ltr'>animus,</span> <span class='ocrx_word' id='word_1_44' title='bbox 1250 571 1409 608; x_wconf 84' lang='lat' dir='ltr'>anceps</span> <span class='ocrx_word' id='word_1_45' title='bbox 1428 560 1561 596; x_wconf 89' lang='lat' dir='ltr'>multo</span> <span class='ocrx_word' id='word_1_46' title='bbox 1580 565 1686 597; x_wconf 68' lang='lat' dir='ltr'>tem-</span> 
     </span>
     <span class='ocr_line' id='line_1_6' title="bbox 70 628 1689 680; baseline 0 -13"><span class='ocrx_word' id='word_1_47' title='bbox 70 642 176 680; x_wconf 91' lang='lat' dir='ltr'>pore</span> <span class='ocrx_word' id='word_1_48' title='bbox 200 630 355 676; x_wconf 79' lang='lat' dir='ltr'>haesit,</span> <span class='ocrx_word' id='word_1_49' title='bbox 380 630 521 668; x_wconf 85' lang='lat' dir='ltr'>Deum</span> <span class='ocrx_word' id='word_1_50' title='bbox 544 630 689 667; x_wconf 90' lang='lat' dir='ltr'>multis</span> <span class='ocrx_word' id='word_1_51' title='bbox 709 628 913 679; x_wconf 82' lang='lat' dir='ltr'>precibus</span> <span class='ocrx_word' id='word_1_52' title='bbox 935 629 1158 666; x_wconf 73' lang='lat' dir='ltr'>solicitans</span> <span class='ocrx_word' id='word_1_53' title='bbox 1180 629 1265 666; x_wconf 95' lang='grc'>1106</span> <span class='ocrx_word' id='word_1_54' title='bbox 1288 629 1462 667; x_wconf 85' lang='lat' dir='ltr'>dubium</span> <span class='ocrx_word' id='word_1_55' title='bbox 1494 630 1550 667; x_wconf 85' lang='lat' dir='ltr'>illi</span> <span class='ocrx_word' id='word_1_56' title='bbox 1573 644 1689 668; x_wconf 82' lang='lat' dir='ltr'>rese-</span> 
     </span>
     <span class='ocr_line' id='line_1_7' title="bbox 70 700 1689 750; baseline 0 -12"><span class='ocrx_word' id='word_1_57' title='bbox 70 707 202 748; x_wconf 92' lang='lat' dir='ltr'>raret;</span> <span class='ocrx_word' id='word_1_58' title='bbox 225 700 401 739; x_wconf 88' lang='lat' dir='ltr'>tandem</span> <span class='ocrx_word' id='word_1_59' title='bbox 422 706 521 750; x_wconf 91' lang='lat' dir='ltr'>post</span> <span class='ocrx_word' id='word_1_60' title='bbox 544 700 728 737; x_wconf 90' lang='lat' dir='ltr'>duorum</span> <span class='ocrx_word' id='word_1_61' title='bbox 764 712 975 737; x_wconf 89' lang='lat' dir='ltr'>annorum</span> <span class='ocrx_word' id='word_1_62' title='bbox 998 700 1198 749; x_wconf 87' lang='lat' dir='ltr'>spatium,</span> <span class='ocrx_word' id='word_1_63' title='bbox 1222 706 1323 750; x_wconf 89' lang='lat' dir='ltr'>post</span> <span class='ocrx_word' id='word_1_64' title='bbox 1358 702 1513 738; x_wconf 61' lang='lat' dir='ltr'>multas</span> <span class='ocrx_word' id='word_1_65' title='bbox 1535 714 1689 750; x_wconf 64' lang='lat' dir='ltr'>preces</span> 
     </span>
     <span class='ocr_line' id='line_1_8' title="bbox 70 771 1687 822; baseline 0 -13"><span class='ocrx_word' id='word_1_66' title='bbox 70 772 123 809; x_wconf 89' lang='lat' dir='ltr'>ad</span> <span class='ocrx_word' id='word_1_67' title='bbox 141 773 280 810; x_wconf 91' lang='lat' dir='ltr'>Deum</span> <span class='ocrx_word' id='word_1_68' title='bbox 296 772 428 819; x_wconf 81' lang='lat' dir='ltr'>fusas,</span> <span class='ocrx_word' id='word_1_69' title='bbox 451 778 552 822; x_wconf 91' lang='lat' dir='ltr'>post</span> <span class='ocrx_word' id='word_1_70' title='bbox 568 772 653 809; x_wconf 92' lang='lat' dir='ltr'>hoc</span> <span class='ocrx_word' id='word_1_71' title='bbox 673 771 807 809; x_wconf 88' lang='lat' dir='ltr'>tacite</span> <span class='ocrx_word' id='word_1_72' title='bbox 831 784 981 809; x_wconf 89' lang='lat' dir='ltr'>secum</span> <span class='ocrx_word' id='word_1_73' title='bbox 1007 772 1179 821; x_wconf 75' lang='lat' dir='ltr'>saepius</span> <span class='ocrx_word' id='word_1_74' title='bbox 1200 772 1423 809; x_wconf 85' lang='lat' dir='ltr'>euolutum</span> <span class='ocrx_word' id='word_1_75' title='bbox 1447 773 1687 819; x_wconf 84' lang='lat' dir='ltr'>consilium,</span> 
     </span>
     <span class='ocr_line' id='line_1_9' title="bbox 69 842 1689 892; baseline -0.001 -11"><span class='ocrx_word' id='word_1_76' title='bbox 69 855 168 881; x_wconf 88' lang='lat' dir='ltr'>sese</span> <span class='ocrx_word' id='word_1_77' title='bbox 191 842 350 881; x_wconf 91' lang='lat' dir='ltr'>eodem</span> <span class='ocrx_word' id='word_1_78' title='bbox 381 856 479 881; x_wconf 89' lang='lat' dir='ltr'>esse</span> <span class='ocrx_word' id='word_1_79' title='bbox 502 843 644 880; x_wconf 88' lang='lat' dir='ltr'>animo</span> <span class='ocrx_word' id='word_1_80' title='bbox 682 843 972 892; x_wconf 87' lang='lat' dir='ltr'>comperiens,</span> <span class='ocrx_word' id='word_1_81' title='bbox 1007 842 1059 879; x_wconf 89' lang='lat' dir='ltr'>ad</span> <span class='ocrx_word' id='word_1_82' title='bbox 1083 855 1162 879; x_wconf 82' lang='lat' dir='ltr'>nos</span> <span class='ocrx_word' id='word_1_83' title='bbox 1199 843 1336 889; x_wconf 85' lang='lat' dir='ltr'>uenit,</span> <span class='ocrx_word' id='word_1_84' title='bbox 1359 843 1487 880; x_wconf 90' lang='lat' dir='ltr'>animi</span> <span class='ocrx_word' id='word_1_85' title='bbox 1510 843 1573 880; x_wconf 83' lang='lat' dir='ltr'>sui</span> <span class='ocrx_word' id='word_1_86' title='bbox 1596 857 1689 881; x_wconf 74' lang='lat' dir='ltr'>sen-</span> 
     </span>
     <span class='ocr_line' id='line_1_10' title="bbox 69 913 1689 965; baseline -0.001 -13"><span class='ocrx_word' id='word_1_87' title='bbox 69 915 251 952; x_wconf 83' lang='lat' dir='ltr'>tentiam</span> <span class='ocrx_word' id='word_1_88' title='bbox 271 915 512 965; x_wconf 82' lang='lat' dir='ltr'>proposuit,</span> <span class='ocrx_word' id='word_1_89' title='bbox 538 919 583 951; x_wconf 92' lang='lat' dir='ltr'>et</span> <span class='ocrx_word' id='word_1_90' title='bbox 604 920 650 951; x_wconf 90' lang='lat' dir='ltr'>ut</span> <span class='ocrx_word' id='word_1_91' title='bbox 671 913 725 951; x_wconf 88' lang='lat' dir='ltr'>ad</span> <span class='ocrx_word' id='word_1_92' title='bbox 756 914 1030 952; x_wconf 82' lang='lat' dir='ltr'>Societatem</span> <span class='ocrx_word' id='word_1_93' title='bbox 1052 913 1320 960; x_wconf 84' lang='lat' dir='ltr'>admittatur,</span> <span class='ocrx_word' id='word_1_94' title='bbox 1359 914 1486 951; x_wconf 75' lang='lat' dir='ltr'>anxie</span> <span class='ocrx_word' id='word_1_95' title='bbox 1511 920 1689 951; x_wconf 88' lang='lat' dir='ltr'>conten-</span> 
     </span>
     <span class='ocr_line' id='line_1_11' title="bbox 69 985 1691 1036; baseline -0.001 -13"><span class='ocrx_word' id='word_1_96' title='bbox 69 985 145 1023; x_wconf 88' lang='lat' dir='ltr'>dit.</span> <span class='ocrx_word' id='word_1_97' title='bbox 169 985 258 1023; x_wconf 90' lang='lat' dir='ltr'>Sed</span> <span class='ocrx_word' id='word_1_98' title='bbox 274 986 477 1036; x_wconf 90' lang='lat' dir='ltr'>quoniam</span> <span class='ocrx_word' id='word_1_99' title='bbox 499 985 769 1023; x_wconf 89' lang='lat' dir='ltr'>insectantur</span> <span class='ocrx_word' id='word_1_100' title='bbox 787 985 903 1022; x_wconf 88' lang='lat' dir='ltr'>illum</span> <span class='ocrx_word' id='word_1_101' title='bbox 927 990 970 1022; x_wconf 89' lang='lat' dir='ltr'>et</span> <span class='ocrx_word' id='word_1_102' title='bbox 988 990 1111 1034; x_wconf 89' lang='lat' dir='ltr'>pater</span> <span class='ocrx_word' id='word_1_103' title='bbox 1130 985 1222 1021; x_wconf 81' lang='lat' dir='ltr'>eius</span> <span class='ocrx_word' id='word_1_104' title='bbox 1246 991 1290 1021; x_wconf 92' lang='lat' dir='ltr'>et</span> <span class='ocrx_word' id='word_1_105' title='bbox 1311 985 1483 1031; x_wconf 56' lang='lat' dir='ltr'>fratres,</span> <span class='ocrx_word' id='word_1_106' title='bbox 1503 986 1653 1036; x_wconf 86' lang='lat' dir='ltr'>nequit</span> <span class='ocrx_word' id='word_1_107' title='bbox 1673 986 1691 1004; x_wconf 63' lang='lat'><strong>³</strong></span> 
     </span>
     <span class='ocr_line' id='line_1_12' title="bbox 67 1054 1688 1106; baseline 0.001 -13"><span class='ocrx_word' id='word_1_108' title='bbox 67 1069 145 1106; x_wconf 94' lang='lat' dir='ltr'>pro</span> <span class='ocrx_word' id='word_1_109' title='bbox 164 1057 391 1094; x_wconf 84' lang='lat' dir='ltr'>uoluntate</span> <span class='ocrx_word' id='word_1_110' title='bbox 408 1056 637 1094; x_wconf 90' lang='lat' dir='ltr'>nobiscum</span> <span class='ocrx_word' id='word_1_111' title='bbox 653 1068 787 1106; x_wconf 89' lang='lat' dir='ltr'>agere</span> <span class='ocrx_word' id='word_1_112' title='bbox 805 1061 972 1106; x_wconf 90' lang='lat' dir='ltr'>aperte,</span> <span class='ocrx_word' id='word_1_113' title='bbox 993 1054 1070 1092; x_wconf 89' lang='lat' dir='ltr'>sed</span> <span class='ocrx_word' id='word_1_114' title='bbox 1089 1056 1331 1093; x_wconf 91' lang='lat' dir='ltr'>clanculum</span> <span class='ocrx_word' id='word_1_115' title='bbox 1349 1062 1528 1093; x_wconf 85' lang='lat' dir='ltr'>nostros</span> <span class='ocrx_word' id='word_1_116' title='bbox 1545 1056 1632 1094; x_wconf 86' lang='lat' dir='ltr'>adit</span> <span class='ocrx_word' id='word_1_117' title='bbox 1653 1057 1688 1103; x_wconf 75' lang='lat' dir='ltr'>b,</span> 
     </span>
     <span class='ocr_line' id='line_1_13' title="bbox 70 1126 1689 1178; baseline -0.001 -13"><span class='ocrx_word' id='word_1_118' title='bbox 70 1131 113 1165; x_wconf 91' lang='lat' dir='ltr'>et</span> <span class='ocrx_word' id='word_1_119' title='bbox 135 1139 308 1165; x_wconf 88' lang='lat' dir='ltr'>causam</span> <span class='ocrx_word' id='word_1_120' title='bbox 331 1140 451 1165; x_wconf 88' lang='lat' dir='ltr'>suam</span> <span class='ocrx_word' id='word_1_121' title='bbox 473 1128 562 1178; x_wconf 89' lang='lat' dir='ltr'>agit</span> <span class='ocrx_word' id='word_1_122' title='bbox 585 1126 771 1165; x_wconf 88' lang='lat' dir='ltr'>solicite.</span> <span class='ocrx_word' id='word_1_123' title='bbox 796 1128 906 1166; x_wconf 84' lang='lat' dir='ltr'>Sunt</span> <span class='ocrx_word' id='word_1_124' title='bbox 928 1126 1124 1165; x_wconf 88' lang='lat' dir='ltr'>eiusdem</span> <span class='ocrx_word' id='word_1_125' title='bbox 1155 1127 1403 1165; x_wconf 84' lang='lat' dir='ltr'>sententiae</span> <span class='ocrx_word' id='word_1_126' title='bbox 1425 1128 1609 1177; x_wconf 84' lang='lat' dir='ltr'>plusculi</span> <span class='ocrx_word' id='word_1_127' title='bbox 1631 1129 1689 1165; x_wconf 90' lang='lat' dir='ltr'>iu-</span> 
     </span>
     <span class='ocr_line' id='line_1_14' title="bbox 69 1198 1688 1250; baseline -0.001 -13"><span class='ocrx_word' id='word_1_128' title='bbox 69 1211 221 1246; x_wconf 91' lang='lat' dir='ltr'>uenes,</span> <span class='ocrx_word' id='word_1_129' title='bbox 244 1199 316 1250; x_wconf 88' lang='lat' dir='ltr'>qui</span> <span class='ocrx_word' id='word_1_130' title='bbox 336 1204 512 1237; x_wconf 88' lang='lat' dir='ltr'>nostros</span> <span class='ocrx_word' id='word_1_131' title='bbox 533 1198 728 1245; x_wconf 89' lang='lat' dir='ltr'>audiunt,</span> <span class='ocrx_word' id='word_1_132' title='bbox 761 1211 942 1249; x_wconf 89' lang='lat' dir='ltr'>quorum</span> <span class='ocrx_word' id='word_1_133' title='bbox 976 1198 1175 1249; x_wconf 84' lang='lat' dir='ltr'>diligenti</span> <span class='ocrx_word' id='word_1_134' title='bbox 1197 1210 1300 1236; x_wconf 89' lang='lat' dir='ltr'>cura</span> <span class='ocrx_word' id='word_1_135' title='bbox 1335 1211 1492 1248; x_wconf 88' lang='lat' dir='ltr'>magna</span> <span class='ocrx_word' id='word_1_136' title='bbox 1525 1199 1688 1236; x_wconf 76' lang='lat' dir='ltr'>faciunt</span> 
     </span>
     <span class='ocr_line' id='line_1_15' title="bbox 68 1270 598 1321; baseline 0.002 -14"><span class='ocrx_word' id='word_1_137' title='bbox 68 1271 109 1307; x_wconf 93' lang='lat' dir='ltr'>in</span> <span class='ocrx_word' id='word_1_138' title='bbox 130 1270 267 1308; x_wconf 88' lang='lat' dir='ltr'>literis</span> <span class='ocrx_word' id='word_1_139' title='bbox 291 1283 422 1320; x_wconf 91' lang='lat' dir='ltr'>opere</span> <span class='ocrx_word' id='word_1_140' title='bbox 444 1270 598 1321; x_wconf 90' lang='lat' dir='ltr'>pretia.</span> 
     </span>
    </p>

    <p class='ocr_par' dir='ltr' id='par_1_3' title="bbox 67 1341 1690 2531">
     <span class='ocr_line' id='line_1_16' title="bbox 121 1341 1686 1391; baseline 0 -13"><span class='ocrx_word' id='word_1_141' title='bbox 121 1341 158 1378; x_wconf 90' lang='grc'>8.</span> <span class='ocrx_word' id='word_1_142' title='bbox 220 1341 296 1378; x_wconf 91' lang='lat' dir='ltr'>His</span> <span class='ocrx_word' id='word_1_143' title='bbox 317 1341 464 1391; x_wconf 90' lang='lat' dir='ltr'>itaque</span> <span class='ocrx_word' id='word_1_144' title='bbox 485 1342 640 1380; x_wconf 88' lang='lat' dir='ltr'>horum</span> <span class='ocrx_word' id='word_1_145' title='bbox 663 1343 838 1379; x_wconf 88' lang='lat' dir='ltr'>Patrum</span> <span class='ocrx_word' id='word_1_146' title='bbox 858 1341 1126 1391; x_wconf 86' lang='lat' dir='ltr'>fratrumque</span> <span class='ocrx_word' id='word_1_147' title='bbox 1151 1341 1374 1389; x_wconf 82' lang='lat' dir='ltr'>exercitijs</span> <span class='ocrx_word' id='word_1_148' title='bbox 1397 1341 1468 1378; x_wconf 82' lang='lat' dir='ltr'>uix</span> <span class='ocrx_word' id='word_1_149' title='bbox 1498 1354 1686 1391; x_wconf 79' lang='lat' dir='ltr'>possem,</span> 
     </span>
     <span class='ocr_line' id='line_1_17' title="bbox 70 1411 1689 1463; baseline 0 -14"><span class='ocrx_word' id='word_1_150' title='bbox 70 1411 165 1449; x_wconf 71' lang='lat' dir='ltr'>R.de</span> <span class='ocrx_word' id='word_1_151' title='bbox 188 1413 251 1458; x_wconf 84' lang='lat' dir='ltr'>P.,</span> <span class='ocrx_word' id='word_1_152' title='bbox 290 1413 435 1450; x_wconf 87' lang='lat' dir='ltr'>uerbis</span> <span class='ocrx_word' id='word_1_153' title='bbox 471 1413 629 1451; x_wconf 82' lang='lat' dir='ltr'>efferre</span> <span class='ocrx_word' id='word_1_154' title='bbox 661 1416 932 1463; x_wconf 86' lang='lat' dir='ltr'>quantopere</span> <span class='ocrx_word' id='word_1_155' title='bbox 963 1412 1089 1450; x_wconf 89' lang='lat' dir='ltr'>nobis</span> <span class='ocrx_word' id='word_1_156' title='bbox 1120 1413 1255 1449; x_wconf 84' lang='lat' dir='ltr'>totius</span> <span class='ocrx_word' id='word_1_157' title='bbox 1277 1412 1402 1449; x_wconf 89' lang='lat' dir='ltr'>huius</span> <span class='ocrx_word' id='word_1_158' title='bbox 1424 1412 1689 1462; x_wconf 86' lang='lat' dir='ltr'>reipublicae</span> 
     </span>
     <span class='ocr_line' id='line_1_18' title="bbox 68 1482 1688 1532; baseline 0.001 -13"><span class='ocrx_word' id='word_1_159' title='bbox 68 1482 197 1520; x_wconf 84' lang='lat' dir='ltr'>animi</span> <span class='ocrx_word' id='word_1_160' title='bbox 232 1482 468 1521; x_wconf 88' lang='lat' dir='ltr'>reddantur</span> <span class='ocrx_word' id='word_1_161' title='bbox 502 1483 666 1530; x_wconf 81' lang='lat' dir='ltr'>affecti,</span> <span class='ocrx_word' id='word_1_162' title='bbox 705 1483 908 1521; x_wconf 86' lang='lat' dir='ltr'>uidentes</span> <span class='ocrx_word' id='word_1_163' title='bbox 944 1490 1119 1521; x_wconf 85' lang='lat' dir='ltr'>nostros</span> <span class='ocrx_word' id='word_1_164' title='bbox 1149 1483 1266 1520; x_wconf 88' lang='lat' dir='ltr'>nullo</span> <span class='ocrx_word' id='word_1_165' title='bbox 1304 1483 1491 1520; x_wconf 88' lang='lat' dir='ltr'>humano</span> <span class='ocrx_word' id='word_1_166' title='bbox 1522 1484 1688 1532; x_wconf 87' lang='lat' dir='ltr'>premio</span> 
     </span>
     <span class='ocr_line' id='line_1_19' title="bbox 68 1554 1688 1604; baseline 0.001 -14"><span class='ocrx_word' id='word_1_167' title='bbox 68 1554 239 1592; x_wconf 90' lang='lat' dir='ltr'>illectos</span> <span class='ocrx_word' id='word_1_168' title='bbox 273 1558 359 1591; x_wconf 90' lang='lat' dir='ltr'>tam</span> <span class='ocrx_word' id='word_1_169' title='bbox 395 1555 699 1592; x_wconf 81' lang='lat' dir='ltr'>inexhaustum</span> <span class='ocrx_word' id='word_1_170' title='bbox 722 1555 917 1593; x_wconf 89' lang='lat' dir='ltr'>laborem</span> <span class='ocrx_word' id='word_1_171' title='bbox 939 1567 1015 1604; x_wconf 92' lang='lat' dir='ltr'>pro</span> <span class='ocrx_word' id='word_1_172' title='bbox 1053 1554 1271 1592; x_wconf 89' lang='lat' dir='ltr'>communi</span> <span class='ocrx_word' id='word_1_173' title='bbox 1307 1554 1477 1591; x_wconf 87' lang='lat' dir='ltr'>illorum</span> <span class='ocrx_word' id='word_1_174' title='bbox 1501 1554 1688 1591; x_wconf 87' lang='lat' dir='ltr'>omnium</span> 
     </span>
     <span class='ocr_line' id='line_1_20' title="bbox 69 1625 1686 1676; baseline 0.001 -14"><span class='ocrx_word' id='word_1_175' title='bbox 69 1627 209 1663; x_wconf 88' lang='lat' dir='ltr'>salute</span> <span class='ocrx_word' id='word_1_176' title='bbox 231 1626 354 1663; x_wconf 91' lang='lat' dir='ltr'>hilari</span> <span class='ocrx_word' id='word_1_177' title='bbox 373 1625 517 1663; x_wconf 72' lang='lat' dir='ltr'>fronte</span> <span class='ocrx_word' id='word_1_178' title='bbox 542 1627 773 1664; x_wconf 83' lang='lat' dir='ltr'>sustinere.</span> <span class='ocrx_word' id='word_1_179' title='bbox 807 1627 920 1664; x_wconf 91' lang='lat' dir='ltr'>Hinc</span> <span class='ocrx_word' id='word_1_180' title='bbox 949 1625 1122 1676; x_wconf 83' lang='lat' dir='ltr'>quidam</span> <span class='ocrx_word' id='word_1_181' title='bbox 1145 1626 1245 1663; x_wconf 88' lang='lat' dir='ltr'>dum</span> <span class='ocrx_word' id='word_1_182' title='bbox 1277 1626 1387 1663; x_wconf 89' lang='lat' dir='ltr'>haec</span> <span class='ocrx_word' id='word_1_183' title='bbox 1409 1626 1686 1671; x_wconf 75' lang='lat' dir='ltr'>meditantur,</span> 
     </span>
     <span class='ocr_line' id='line_1_21' title="bbox 68 1696 1690 1748; baseline 0.001 -14"><span class='ocrx_word' id='word_1_184' title='bbox 68 1696 254 1734; x_wconf 79' lang='lat' dir='ltr'>feliciter</span> <span class='ocrx_word' id='word_1_185' title='bbox 276 1696 451 1734; x_wconf 86' lang='lat' dir='ltr'>demum</span> <span class='ocrx_word' id='word_1_186' title='bbox 473 1710 519 1735; x_wconf 91' lang='lat' dir='ltr'>se</span> <span class='ocrx_word' id='word_1_187' title='bbox 542 1698 746 1748; x_wconf 84' lang='lat' dir='ltr'>genuisse</span> <span class='ocrx_word' id='word_1_188' title='bbox 771 1697 932 1735; x_wconf 86' lang='lat' dir='ltr'>liberos</span> <span class='ocrx_word' id='word_1_189' title='bbox 954 1697 1195 1747; x_wconf 85' lang='lat' dir='ltr'>predicant,</span> <span class='ocrx_word' id='word_1_190' title='bbox 1219 1697 1391 1746; x_wconf 78' lang='lat' dir='ltr'>quando</span> <span class='ocrx_word' id='word_1_191' title='bbox 1414 1697 1456 1734; x_wconf 90' lang='lat' dir='ltr'>in</span> <span class='ocrx_word' id='word_1_192' title='bbox 1478 1698 1561 1734; x_wconf 82' lang='lat' dir='ltr'>hoc.</span> <span class='ocrx_word' id='word_1_193' title='bbox 1584 1703 1690 1735; x_wconf 90' lang='lat' dir='ltr'>tem-</span> 
     </span>
     <span class='ocr_line' id='line_1_22' title="bbox 68 1768 1690 1818; baseline 0 -13"><span class='ocrx_word' id='word_1_194' title='bbox 68 1781 173 1818; x_wconf 84' lang='lat' dir='ltr'>pore</span> <span class='ocrx_word' id='word_1_195' title='bbox 197 1774 297 1806; x_wconf 89' lang='lat' dir='ltr'>sunt</span> <span class='ocrx_word' id='word_1_196' title='bbox 316 1769 419 1815; x_wconf 89' lang='lat' dir='ltr'>nati,</span> <span class='ocrx_word' id='word_1_197' title='bbox 444 1773 531 1805; x_wconf 88' lang='lat' dir='ltr'>ut&#39;a</span> <span class='ocrx_word' id='word_1_198' title='bbox 546 1769 706 1806; x_wconf 84' lang='lat' dir='ltr'>nostris</span> <span class='ocrx_word' id='word_1_199' title='bbox 728 1769 917 1818; x_wconf 86' lang='lat' dir='ltr'>ingenue</span> <span class='ocrx_word' id='word_1_200' title='bbox 936 1768 1047 1805; x_wconf 86' lang='lat' dir='ltr'>adeo</span> <span class='ocrx_word' id='word_1_201' title='bbox 1068 1768 1325 1814; x_wconf 73' lang='lat' dir='ltr'>educantur,</span> <span class='ocrx_word' id='word_1_202' title='bbox 1345 1768 1413 1816; x_wconf 84' lang='lat' dir='ltr'>alij</span> <span class='ocrx_word' id='word_1_203' title='bbox 1433 1768 1534 1805; x_wconf 85' lang='lat' dir='ltr'>nihil</span> <span class='ocrx_word' id='word_1_204' title='bbox 1554 1769 1690 1818; x_wconf 85' lang='lat' dir='ltr'>magis</span> 
     </span>
     <span class='ocr_line' id='line_1_23' title="bbox 68 1839 1689 1890; baseline -0.001 -13"><span class='ocrx_word' id='word_1_205' title='bbox 68 1839 233 1883; x_wconf 73' lang='lat' dir='ltr'>dolent,</span> <span class='ocrx_word' id='word_1_206' title='bbox 252 1852 379 1890; x_wconf 88' lang='lat' dir='ltr'>quam</span> <span class='ocrx_word' id='word_1_207' title='bbox 400 1839 518 1890; x_wconf 88' lang='lat' dir='ltr'>quod</span> <span class='ocrx_word' id='word_1_208' title='bbox 534 1839 724 1877; x_wconf 86' lang='lat' dir='ltr'>nondum</span> <span class='ocrx_word' id='word_1_209' title='bbox 744 1843 911 1877; x_wconf 90' lang='lat' dir='ltr'>certum</span> <span class='ocrx_word' id='word_1_210' title='bbox 930 1840 1167 1876; x_wconf 79' lang='lat' dir='ltr'>habeamus</span> <span class='ocrx_word' id='word_1_211' title='bbox 1185 1839 1467 1885; x_wconf 70' lang='lat' dir='ltr'>domicilium,</span> <span class='ocrx_word' id='word_1_212' title='bbox 1486 1839 1554 1887; x_wconf 86' lang='lat' dir='ltr'>alij</span> <span class='ocrx_word' id='word_1_213' title='bbox 1573 1839 1689 1888; x_wconf 85' lang='lat' dir='ltr'>quod</span> 
     </span>
     <span class='ocr_line' id='line_1_24' title="bbox 67 1911 1689 1960; baseline -0.001 -12"><span class='ocrx_word' id='word_1_214' title='bbox 67 1911 111 1949; x_wconf 90' lang='lat' dir='ltr'>id</span> <span class='ocrx_word' id='word_1_215' title='bbox 131 1912 270 1960; x_wconf 90' lang='lat' dir='ltr'>ipsum</span> <span class='ocrx_word' id='word_1_216' title='bbox 292 1912 477 1948; x_wconf 84' lang='lat' dir='ltr'>maxime</span> <span class='ocrx_word' id='word_1_217' title='bbox 500 1911 692 1958; x_wconf 83' lang='lat' dir='ltr'>doleant,</span> <span class='ocrx_word' id='word_1_218' title='bbox 718 1911 893 1948; x_wconf 88' lang='lat' dir='ltr'>domum</span> <span class='ocrx_word' id='word_1_219' title='bbox 917 1918 933 1935; x_wconf 74' lang='lat'><em>0</em></span> <span class='ocrx_word' id='word_1_220' title='bbox 955 1916 998 1949; x_wconf 88' lang='lat' dir='ltr'>et</span> <span class='ocrx_word' id='word_1_221' title='bbox 1021 1911 1254 1949; x_wconf 69' lang='lat' dir='ltr'>ecclesiam</span> <span class='ocrx_word' id='word_1_222' title='bbox 1277 1911 1380 1947; x_wconf 81' lang='lat' dir='ltr'>satis</span> <span class='ocrx_word' id='word_1_223' title='bbox 1416 1911 1689 1948; x_wconf 86' lang='lat' dir='ltr'>commodam</span> 
     </span>
     <span class='ocr_line' id='line_1_25' title="bbox 67 1980 1689 2031; baseline 0 -12"><span class='ocrx_word' id='word_1_224' title='bbox 67 1982 305 2020; x_wconf 84' lang='lat' dir='ltr'>habeamus</span> <span class='ocrx_word' id='word_1_225' title='bbox 327 1982 347 2006; x_wconf 74' lang='lat'>&lt;1</span> <span class='ocrx_word' id='word_1_226' title='bbox 376 1981 569 2028; x_wconf 70' lang='lat' dir='ltr'>student3</span> <span class='ocrx_word' id='word_1_227' title='bbox 593 1982 671 2020; x_wconf 92' lang='lat' dir='ltr'>sed</span> <span class='ocrx_word' id='word_1_228' title='bbox 694 1982 805 2020; x_wconf 89' lang='lat' dir='ltr'>inter</span> <span class='ocrx_word' id='word_1_229' title='bbox 826 1982 906 2019; x_wconf 89' lang='lat' dir='ltr'>hos</span> <span class='ocrx_word' id='word_1_230' title='bbox 930 1982 992 2019; x_wconf 90' lang='lat' dir='ltr'>uir</span> <span class='ocrx_word' id='word_1_231' title='bbox 1014 1981 1202 2031; x_wconf 85' lang='lat' dir='ltr'>quidam,</span> <span class='ocrx_word' id='word_1_232' title='bbox 1229 1989 1273 2019; x_wconf 89' lang='lat' dir='ltr'>et</span> <span class='ocrx_word' id='word_1_233' title='bbox 1294 1980 1470 2031; x_wconf 80' lang='lat' dir='ltr'>generis</span> <span class='ocrx_word' id='word_1_234' title='bbox 1492 1982 1689 2019; x_wconf 78' lang='lat' dir='ltr'>nobilita-</span> 
     </span>
     <span class='ocr_line' id='line_1_26' title="bbox 68 2052 1689 2104; baseline -0.002 -13"><span class='ocrx_word' id='word_1_235' title='bbox 68 2059 112 2091; x_wconf 89' lang='lat' dir='ltr'>te</span> <span class='ocrx_word' id='word_1_236' title='bbox 137 2058 181 2092; x_wconf 92' lang='lat' dir='ltr'>et</span> <span class='ocrx_word' id='word_1_237' title='bbox 203 2054 320 2092; x_wconf 89' lang='lat' dir='ltr'>uitae</span> <span class='ocrx_word' id='word_1_238' title='bbox 344 2054 563 2104; x_wconf 85' lang='lat' dir='ltr'>probitate</span> <span class='ocrx_word' id='word_1_239' title='bbox 584 2055 625 2091; x_wconf 89' lang='lat' dir='ltr'>in</span> <span class='ocrx_word' id='word_1_240' title='bbox 661 2054 742 2091; x_wconf 84' lang='lat' dir='ltr'>hac</span> <span class='ocrx_word' id='word_1_241' title='bbox 777 2054 883 2091; x_wconf 87' lang='lat' dir='ltr'>urbe</span> <span class='ocrx_word' id='word_1_242' title='bbox 919 2054 1112 2104; x_wconf 88' lang='lat' dir='ltr'>apprime</span> <span class='ocrx_word' id='word_1_243' title='bbox 1136 2054 1278 2090; x_wconf 86' lang='lat' dir='ltr'>clarus</span> <span class='ocrx_word' id='word_1_244' title='bbox 1303 2058 1327 2099; x_wconf 85' lang='lat'>¹,</span> <span class='ocrx_word' id='word_1_245' title='bbox 1352 2052 1689 2102; x_wconf 79' lang='lat' dir='ltr'>quadringento-</span> 
     </span>
     <span class='ocr_line' id='line_1_27' title="bbox 69 2124 1688 2175; baseline -0.001 -12"><span class='ocrx_word' id='word_1_246' title='bbox 69 2139 162 2163; x_wconf 90' lang='lat' dir='ltr'>rum</span> <span class='ocrx_word' id='word_1_247' title='bbox 197 2138 429 2163; x_wconf 89' lang='lat' dir='ltr'>aureorum</span> <span class='ocrx_word' id='word_1_248' title='bbox 466 2125 639 2163; x_wconf 89' lang='lat' dir='ltr'>redditu</span> <span class='ocrx_word' id='word_1_249' title='bbox 675 2125 908 2175; x_wconf 83' lang='lat' dir='ltr'>collegium</span> <span class='ocrx_word' id='word_1_250' title='bbox 943 2132 1140 2162; x_wconf 80' lang='lat' dir='ltr'>nostrum</span> <span class='ocrx_word' id='word_1_251' title='bbox 1177 2125 1370 2161; x_wconf 76' lang='lat' dir='ltr'>donauit.</span> <span class='ocrx_word' id='word_1_252' title='bbox 1396 2124 1536 2162; x_wconf 77' lang='lat' dir='ltr'>Ill.nnus</span> <span class='ocrx_word' id='word_1_253' title='bbox 1560 2125 1688 2161; x_wconf 89' lang='lat' dir='ltr'>etiam</span> 
     </span>
     <span class='ocr_line' id='line_1_28' title="bbox 70 2195 1688 2246; baseline -0.001 -12"><span class='ocrx_word' id='word_1_254' title='bbox 70 2201 246 2234; x_wconf 84' lang='lat' dir='ltr'>senatus</span> <span class='ocrx_word' id='word_1_255' title='bbox 267 2209 353 2234; x_wconf 91' lang='lat' dir='ltr'>non</span> <span class='ocrx_word' id='word_1_256' title='bbox 377 2197 572 2246; x_wconf 82' lang='lat' dir='ltr'>segniter</span> <span class='ocrx_word' id='word_1_257' title='bbox 593 2202 786 2233; x_wconf 87' lang='lat' dir='ltr'>nostram</span> <span class='ocrx_word' id='word_1_258' title='bbox 808 2209 898 2233; x_wconf 81' lang='lat' dir='ltr'>rem</span> <span class='ocrx_word' id='word_1_259' title='bbox 921 2197 1025 2246; x_wconf 82' lang='lat' dir='ltr'>agit,</span> <span class='ocrx_word' id='word_1_260' title='bbox 1050 2196 1165 2234; x_wconf 78' lang='lat' dir='ltr'>vnde</span> <span class='ocrx_word' id='word_1_261' title='bbox 1189 2208 1413 2245; x_wconf 84' lang='lat' dir='ltr'>speramus</span> <span class='ocrx_word' id='word_1_262' title='bbox 1433 2195 1688 2245; x_wconf 85' lang='lat' dir='ltr'>propediem</span> 
     </span>
     <span class='ocr_line' id='line_1_29' title="bbox 69 2266 1688 2318; baseline -0.002 -12"><span class='ocrx_word' id='word_1_263' title='bbox 69 2268 302 2318; x_wconf 86' lang='lat' dir='ltr'>collegium</span> <span class='ocrx_word' id='word_1_264' title='bbox 325 2268 409 2305; x_wconf 88' lang='lat' dir='ltr'>hoc</span> <span class='ocrx_word' id='word_1_265' title='bbox 431 2280 655 2317; x_wconf 89' lang='lat' dir='ltr'>genuense</span> <span class='ocrx_word' id='word_1_266' title='bbox 680 2274 723 2304; x_wconf 89' lang='lat' dir='ltr'>et</span> <span class='ocrx_word' id='word_1_267' title='bbox 746 2267 875 2305; x_wconf 89' lang='lat' dir='ltr'>domo</span> <span class='ocrx_word' id='word_1_268' title='bbox 900 2274 945 2305; x_wconf 92' lang='lat' dir='ltr'>et</span> <span class='ocrx_word' id='word_1_269' title='bbox 966 2268 1155 2305; x_wconf 83' lang='lat' dir='ltr'>ecclesia</span> <span class='ocrx_word' id='word_1_270' title='bbox 1177 2279 1228 2304; x_wconf 88' lang='lat' dir='ltr'>ac</span> <span class='ocrx_word' id='word_1_271' title='bbox 1252 2266 1494 2305; x_wconf 69' lang='lat' dir='ltr'>redditibus</span> <span class='ocrx_word' id='word_1_272' title='bbox 1521 2267 1688 2316; x_wconf 79' lang='lat' dir='ltr'>amplis-</span> 
     </span>
     <span class='ocr_line' id='line_1_30' title="bbox 69 2336 1685 2388; baseline -0.002 -11"><span class='ocrx_word' id='word_1_273' title='bbox 69 2340 186 2377; x_wconf 84' lang='lat' dir='ltr'>simis</span> <span class='ocrx_word' id='word_1_274' title='bbox 225 2345 401 2376; x_wconf 89' lang='lat' dir='ltr'>auctum</span> <span class='ocrx_word' id='word_1_275' title='bbox 440 2339 509 2376; x_wconf 86' lang='lat' dir='ltr'>iri.</span> <span class='ocrx_word' id='word_1_276' title='bbox 559 2337 806 2388; x_wconf 71' lang='lat' dir='ltr'>[Epistolae</span> <span class='ocrx_word' id='word_1_277' title='bbox 844 2351 1039 2376; x_wconf 78' lang='lat' dir='ltr'>summa.</span> <span class='ocrx_word' id='word_1_278' title='bbox 1079 2339 1271 2376; x_wconf 72' lang='lat' dir='ltr'>Preczmz</span> <span class='ocrx_word' id='word_1_279' title='bbox 1303 2336 1586 2387; x_wconf 71' lang='lat' dir='ltr'>postulatio.]</span> <span class='ocrx_word' id='word_1_280' title='bbox 1625 2338 1685 2374; x_wconf 78' lang='lat' dir='ltr'>Ex</span> 
     </span>
     <span class='ocr_line' id='line_1_31' title="bbox 67 2410 1686 2462; baseline -0.001 -14"><span class='ocrx_word' id='word_1_281' title='bbox 67 2416 217 2448; x_wconf 91' lang='lat' dir='ltr'>nostro</span> <span class='ocrx_word' id='word_1_282' title='bbox 240 2411 453 2461; x_wconf 90' lang='lat' dir='ltr'>genuensi</span> <span class='ocrx_word' id='word_1_283' title='bbox 475 2410 681 2462; x_wconf 85' lang='lat' dir='ltr'>collegio,</span> <span class='ocrx_word' id='word_1_284' title='bbox 706 2411 838 2448; x_wconf 86' lang='lat' dir='ltr'>tertio</span> <span class='ocrx_word' id='word_1_285' title='bbox 861 2410 951 2448; x_wconf 73' lang='lat' dir='ltr'>Kls.</span> <span class='ocrx_word' id='word_1_286' title='bbox 974 2410 1086 2461; x_wconf 88' lang='lat' dir='ltr'>Junij</span> <span class='ocrx_word' id='word_1_287' title='bbox 1129 2410 1241 2458; x_wconf 81' lang='lat'>1560.</span> <span class='ocrx_word' id='word_1_288' title='bbox 1280 2410 1343 2447; x_wconf 79' lang='lat' dir='ltr'>Ex</span> <span class='ocrx_word' id='word_1_289' title='bbox 1381 2411 1686 2449; x_wconf 64' lang='lat' dir='ltr'>commissione</span> 
     </span>
     <span class='ocr_line' id='line_1_32' title="bbox 69 2481 1590 2531; baseline 0 -12"><span class='ocrx_word' id='word_1_290' title='bbox 69 2483 116 2520; x_wconf 88' lang='lat' dir='ltr'>R.</span> <span class='ocrx_word' id='word_1_291' title='bbox 140 2505 190 2509; x_wconf 89' lang='lat'>—-</span> <span class='ocrx_word' id='word_1_292' title='bbox 215 2505 259 2508; x_wconf 91' lang='lat'>—</span> <span class='ocrx_word' id='word_1_293' title='bbox 282 2483 330 2520; x_wconf 90' lang='lat' dir='ltr'>T.</span> <span class='ocrx_word' id='word_1_294' title='bbox 356 2482 403 2520; x_wconf 85' lang='lat' dir='ltr'>R.</span> <span class='ocrx_word' id='word_1_295' title='bbox 429 2483 474 2520; x_wconf 78' lang='lat' dir='ltr'>P.</span> <span class='ocrx_word' id='word_1_296' title='bbox 499 2482 610 2520; x_wconf 88' lang='lat' dir='ltr'>filius</span> <span class='ocrx_word' id='word_1_297' title='bbox 631 2481 834 2531; x_wconf 89' lang='lat' dir='ltr'>indignus</span> <span class='ocrx_word' id='word_1_298' title='bbox 856 2487 900 2518; x_wconf 91' lang='lat' dir='ltr'>et</span> <span class='ocrx_word' id='word_1_299' title='bbox 923 2494 1075 2519; x_wconf 83' lang='lat' dir='ltr'>seruus</span> <span class='ocrx_word' id='word_1_300' title='bbox 1096 2482 1394 2519; x_wconf 86' lang='lat' dir='ltr'>inutilissimus</span> <span class='ocrx_word' id='word_1_301' title='bbox 1416 2483 1458 2520; x_wconf 91' lang='lat' dir='ltr'>in</span> <span class='ocrx_word' id='word_1_302' title='bbox 1480 2483 1590 2519; x_wconf 82' lang='lat' dir='ltr'>Duo.</span> 
     </span>
    </p>
   </div>
   <div class='ocr_carea' id='block_1_3' title="bbox 1186 2572 1514 2610">
    <p class='ocr_par' dir='ltr' id='par_1_4' title="bbox 1186 2572 1569 2610">
     <span class='ocr_line' id='line_1_33' title="bbox 1186 2572 1514 2610; baseline -0.003 -1"><span class='ocrx_word' id='word_1_303' title='bbox 1186 2572 1378 2609; x_wconf 82' lang='lat' dir='ltr'>MlCHAEL</span> <span class='ocrx_word' id='word_1_304' title='bbox 1409 2572 1514 2610; x_wconf 79' lang='lat' dir='ltr'>SPEs</span> 
     </span>
    </p>
   </div>
   <div class='ocr_carea' id='block_1_4' title="bbox 68 2687 1685 2793">
    <p class='ocr_par' dir='ltr' id='par_1_5' title="bbox 68 2687 1685 2793">
     <span class='ocr_line' id='line_1_34' title="bbox 113 2687 1685 2736; baseline -0.002 -9"><span class='ocrx_word' id='word_1_305' title='bbox 113 2691 132 2710; x_wconf 71' lang='lat' dir='ltr'>a</span> <span class='ocrx_word' id='word_1_306' title='bbox 182 2690 366 2727; x_wconf 85' lang='lat' dir='ltr'>Emend.</span> <span class='ocrx_word' id='word_1_307' title='bbox 403 2700 453 2726; x_wconf 89' lang='lat' dir='ltr'>ex</span> <span class='ocrx_word' id='word_1_308' title='bbox 485 2689 649 2736; x_wconf 89' lang='lat' dir='ltr'>nequid.</span> <span class='ocrx_word' id='word_1_309' title='bbox 735 2689 800 2714; x_wconf 79' lang='lat' dir='ltr'>—b</span> <span class='ocrx_word' id='word_1_310' title='bbox 839 2689 977 2725; x_wconf 83' lang='lat' dir='ltr'>Prius</span> <span class='ocrx_word' id='word_1_311' title='bbox 1010 2688 1132 2725; x_wconf 86' lang='lat' dir='ltr'>addit.</span> <span class='ocrx_word' id='word_1_312' title='bbox 1215 2696 1277 2713; x_wconf 76' lang='lat'>-0</span> <span class='ocrx_word' id='word_1_313' title='bbox 1311 2689 1401 2735; x_wconf 84' lang='lat' dir='ltr'>Seq.</span> <span class='ocrx_word' id='word_1_314' title='bbox 1439 2688 1522 2725; x_wconf 83' lang='lat' dir='ltr'>del.</span> <span class='ocrx_word' id='word_1_315' title='bbox 1559 2687 1685 2724; x_wconf 89' lang='lat' dir='ltr'>nobis.</span> 
     </span>
     <span class='ocr_line' id='line_1_35' title="bbox 68 2748 883 2793; baseline -0.005 -6"><span class='ocrx_word' id='word_1_316' title='bbox 68 2749 135 2775; x_wconf 60' lang='lat'>—11</span> <span class='ocrx_word' id='word_1_317' title='bbox 156 2749 356 2793; x_wconf 76' lang='lat' dir='ltr'>Emend.‚</span> <span class='ocrx_word' id='word_1_318' title='bbox 377 2752 425 2786; x_wconf 83' lang='lat' dir='ltr'>ut</span> <span class='ocrx_word' id='word_1_319' title='bbox 442 2749 629 2793; x_wconf 73' lang='lat' dir='ltr'>videtur,</span> <span class='ocrx_word' id='word_1_320' title='bbox 651 2759 701 2785; x_wconf 81' lang='lat' dir='ltr'>ex</span> <span class='ocrx_word' id='word_1_321' title='bbox 719 2748 883 2784; x_wconf 84' lang='lat' dir='ltr'>habere.</span> 
     </span>
    </p>
   </div>
   <div class='ocr_carea' id='block_1_5' title="bbox 66 2861 1687 3028">
    <p class='ocr_par' dir='ltr' id='par_1_6' title="bbox 66 2861 1687 3028">
     <span class='ocr_line' id='line_1_36' title="bbox 116 2861 1686 2906; baseline -0.001 -7"><span class='ocrx_word' id='word_1_322' title='bbox 116 2864 124 2883; x_wconf 95' lang='lat'>¹</span> <span class='ocrx_word' id='word_1_323' title='bbox 177 2862 328 2900; x_wconf 86' lang='lat' dir='ltr'>Paulus</span> <span class='ocrx_word' id='word_1_324' title='bbox 348 2862 486 2899; x_wconf 87' lang='lat' dir='ltr'>Doria.</span> <span class='ocrx_word' id='word_1_325' title='bbox 509 2861 571 2899; x_wconf 79' lang='lat' dir='ltr'>Cf.</span> <span class='ocrx_word' id='word_1_326' title='bbox 592 2861 743 2901; x_wconf 72' lang='grc' dir='ltr'>ΜοΝΤι,</span> <span class='ocrx_word' id='word_1_327' title='bbox 777 2861 839 2897; x_wconf 80' lang='lat' dir='ltr'>La</span> <span class='ocrx_word' id='word_1_328' title='bbox 870 2861 1138 2906; x_wconf 75' lang='lat' dir='ltr'>campagnia</span> <span class='ocrx_word' id='word_1_329' title='bbox 1166 2861 1216 2898; x_wconf 80' lang='lat' dir='ltr'>di</span> <span class='ocrx_word' id='word_1_330' title='bbox 1241 2861 1351 2898; x_wconf 67' lang='lat' dir='ltr'>Gesz‘t</span> <span class='ocrx_word' id='word_1_331' title='bbox 1379 2863 1450 2898; x_wconf 80' lang='lat' dir='ltr'>nel</span> <span class='ocrx_word' id='word_1_332' title='bbox 1475 2862 1686 2898; x_wconf 72' lang='lat' dir='ltr'>territorio</span> 
     </span>
     <span class='ocr_line' id='line_1_37' title="bbox 67 2919 1687 2967; baseline -0.001 -8"><span class='ocrx_word' id='word_1_333' title='bbox 67 2922 184 2960; x_wconf 85' lang='lat' dir='ltr'>della</span> <span class='ocrx_word' id='word_1_334' title='bbox 210 2923 445 2959; x_wconf 82' lang='lat' dir='ltr'>Provincia</span> <span class='ocrx_word' id='word_1_335' title='bbox 473 2922 666 2961; x_wconf 78' lang='lat' dir='ltr'>torinese,</span> <span class='ocrx_word' id='word_1_336' title='bbox 696 2920 723 2965; x_wconf 89' lang='lat' dir='ltr'>l,</span> <span class='ocrx_word' id='word_1_337' title='bbox 750 2921 808 2966; x_wconf 77' lang='lat'>513</span> <span class='ocrx_word' id='word_1_338' title='bbox 829 2919 897 2957; x_wconf 91' lang='lat' dir='ltr'>ubi</span> <span class='ocrx_word' id='word_1_339' title='bbox 917 2919 1037 2956; x_wconf 85' lang='lat' dir='ltr'>etiam</span> <span class='ocrx_word' id='word_1_340' title='bbox 1058 2925 1276 2957; x_wconf 87' lang='lat' dir='ltr'>narrantur</span> <span class='ocrx_word' id='word_1_341' title='bbox 1295 2920 1567 2963; x_wconf 76' lang='lat' dir='ltr'>difficultates,</span> <span class='ocrx_word' id='word_1_342' title='bbox 1589 2932 1687 2967; x_wconf 87' lang='lat' dir='ltr'>quas</span> 
     </span>
     <span class='ocr_line' id='line_1_38' title="bbox 66 2978 1577 3028; baseline -0.001 -10"><span class='ocrx_word' id='word_1_343' title='bbox 66 2993 275 3027; x_wconf 87' lang='lat' dir='ltr'>genuense</span> <span class='ocrx_word' id='word_1_344' title='bbox 294 2981 510 3028; x_wconf 84' lang='lat' dir='ltr'>collegium</span> <span class='ocrx_word' id='word_1_345' title='bbox 529 2981 664 3018; x_wconf 86' lang='lat' dir='ltr'>subire</span> <span class='ocrx_word' id='word_1_346' title='bbox 684 2980 821 3016; x_wconf 86' lang='lat' dir='ltr'>debuit</span> <span class='ocrx_word' id='word_1_347' title='bbox 843 2979 1073 3026; x_wconf 84' lang='lat' dir='ltr'>priusquam</span> <span class='ocrx_word' id='word_1_348' title='bbox 1092 2978 1191 3016; x_wconf 85' lang='lat' dir='ltr'>fixas</span> <span class='ocrx_word' id='word_1_349' title='bbox 1209 2980 1327 3016; x_wconf 85' lang='lat' dir='ltr'>sedes</span> <span class='ocrx_word' id='word_1_350' title='bbox 1346 2979 1577 3017; x_wconf 87' lang='lat' dir='ltr'>obtinuerit.</span> 
     </span>
    </p>
   </div>
   <div class='ocr_carea' id='block_1_6' title="bbox 115 3041 444 3089">
    <p class='ocr_par' dir='ltr' id='par_1_7' title="bbox 115 3041 444 3089">
     <span class='ocr_line' id='line_1_39' title="bbox 115 3041 444 3089; baseline 0.003 -11"><span class='ocrx_word' id='word_1_351' title='bbox 115 3042 128 3060; x_wconf 72' lang='lat'><strong>⁹</strong></span> <span class='ocrx_word' id='word_1_352' title='bbox 178 3041 286 3078; x_wconf 74' lang='lat' dir='ltr'>vide</span> <span class='ocrx_word' id='word_1_353' title='bbox 305 3055 342 3089; x_wconf 82' lang='lat' dir='ltr'>p.</span> <span class='ocrx_word' id='word_1_354' title='bbox 362 3041 444 3079; x_wconf 77' lang='grc'>349,</span> 
     </span>
    </p>
   </div>
  </div>
 </body>
</html>
