2038 3400
337 275 408 313 756
804 265 1024 302 LITTERAE
1051 257 1407 303 QUADmMESTRES

290 380 356 417 bis
378 375 554 415 tandem
577 374 641 411 uir
671 372 742 410 ille
775 365 1028 406 consolatus
1059 353 1330 401 discesserit,
1360 361 1505 401 neque
1539 350 1697 398 postea
1727 339 1920 379 auditum

294 455 361 488 est
383 449 613 500 quicquam
636 443 689 481 de
714 454 766 479 eo
790 438 904 477 mali.
929 432 1163 474 Studiosus
1184 426 1373 479 quidam,
1398 418 1582 470 Philippi
1604 408 1923 454 Melanchtonis

293 532 447 571 nepos,
472 518 628 556 artium
650 512 875 563 magister,
900 519 998 545 cum
1018 504 1037 522 a
1057 502 1279 552 aliquanto
1311 502 1511 544 ternpore
1541 485 1818 536 theologicas
1848 480 1924 517 Pa-

296 599 409 630 trum
438 594 689 628 nostrorum
725 582 942 621 lectiones
973 575 1207 625 diligenter
1242 565 1498 609 audiuisset,
1535 556 1776 611 praemissa
1814 548 1927 602 apud

297 677 378 703 nos
400 659 612 714 generali,
636 663 684 695 ut
705 655 788 693 dici
812 652 940 696 solet,
961 644 1259 687 confessione,
1280 650 1378 677 cum
1399 635 1565 683 aliquot
1585 628 1680 678 alijs
1701 627 1743 664 in
1763 621 1927 672 templo

299 740 451 775 nostro
473 730 608 770 sacris
628 729 697 779 pie
720 725 824 764 satis
848 719 1072 760 ordinibus
1092 713 1286 753 initiatus
1309 714 1391 747 est.
1415 701 1621 743 Nonnulli
1644 708 1819 749 quoque
1841 692 1928 741 alij,

301 808 374 859 qui
414 801 753 844 conuersatione
794 795 949 833 saltem
988 785 1202 829 haeretici
1235 784 1423 825 fuerant,
1466 772 1784 815 sanctissimam
1822 766 1933 803 hanc

304 874 679 927 metamorphosin
706 872 748 909 in
779 882 824 907 se
847 865 965 918 ipsis,
999 863 1094 900 Deo
1125 861 1235 904 laus,
1261 865 1396 905 opera
1415 853 1682 890 nostrorum,
1705 840 1836 890 idque
1859 848 1936 887 per

303 948 607 1002 poenitentiae
643 943 962 981 sacramentum
995 946 1092 972 cum
1123 929 1291 968 animae
1327 921 1495 962 laetitia
1526 913 1825 967 experiuntur.
1858 908 1937 946 Ca-

304 1020 481 1060 tholicis
502 1016 678 1069 quidem
700 1009 916 1051 nonnullis
936 1007 1023 1044 hoc
1046 1015 1145 1042 esse
1165 997 1389 1052 peculiare
1410 993 1481 1031 hic
1501 991 1586 1028 iarn
1609 984 1770 1036 coepit,
1800 985 1847 1019 ut
1868 977 1939 1016 uel

307 1106 394 1132 non
417 1091 636 1129 retineant
657 1084 775 1124 dorni
795 1093 917 1127 suae,
941 1078 1012 1116 uel
1033 1087 1121 1114 non
1142 1072 1260 1123 prius
1278 1072 1399 1107 certe
1422 1074 1598 1101 seruum
1620 1055 1876 1096 ancillamue
1899 1050 1941 1087 in

310 1176 430 1204 suam
451 1161 657 1199 familiam
678 1154 924 1197 admittant,
944 1161 1071 1200 quam
1092 1141 1254 1184 nostris
1276 1137 1478 1177 Patribus
1493 1131 1655 1172 fuerint
1673 1123 1879 1169 confessi,
1900 1125 1944 1158 et

311 1239 353 1276 in
383 1248 491 1275 uera
519 1231 734 1282 religione
765 1238 817 1265 ac
849 1223 1016 1274 pietate
1049 1213 1282 1256 examinati
1318 1215 1448 1259 atque
1486 1198 1745 1243 confirmati.
1783 1191 1946 1233 Famuli

313 1321 421 1347 uero
452 1312 527 1345 aut
557 1302 739 1342 ancillae
773 1296 919 1340 etiam,
952 1291 1024 1329 uel
1056 1288 1125 1337 alij
1157 1285 1230 1337 qui
1259 1280 1421 1321 nostris
1441 1278 1627 1328 peccata
1648 1282 1725 1310 sua
1746 1263 1948 1306 confiteri

316 1379 658 1420 consueuerunt‚
695 1368 823 1408 nullis
858 1363 1001 1404 ullius
1032 1364 1254 1412 personae
1289 1345 1671 1391 adhortationibus
1711 1345 1784 1378 aut
1824 1334 1949 1375 minis

318 1452 419 1504 cogi
452 1451 650 1502 possunt,
689 1447 734 1481 ut
765 1439 997 1491 quicquam
1028 1438 1183 1471 contra
1216 1425 1365 1465 matris
1400 1418 1626 1459 Ecclesiae
1661 1411 1860 1451 instituta
1892 1407 1950 1445 fa-

319 1525 449 1563 ciant.
476 1517 607 1571 Quod
628 1517 663 1554 si
684 1513 825 1553 acrius
847 1522 900 1547 ea
919 1508 961 1545 in
982 1518 1029 1544 re
1052 1499 1217 1541 domini
1236 1498 1353 1537 forte
1373 1492 1591 1535 insistant,
1624 1491 1670 1524 ut
1699 1481 1952 1522 haereticae

319 1592 547 1648 prauitatis
567 1590 746 1627 inuenta
768 1583 1023 1623 obseruent,
1059 1573 1206 1625 potius
1241 1565 1482 1607 ministeria
1503 1561 1729 1603 deserunt,
1753 1565 1881 1605 quam
1908 1555 1954 1587 ut

323 1678 476 1706 eorum
497 1658 793 1712 impietatibus
814 1650 985 1692 foedari
1007 1660 1106 1686 sese
1128 1643 1363 1696 patiantur.
1387 1637 1442 1674 Et
1462 1644 1600 1684 nuper
1622 1627 1798 1680 quidem
1826 1622 1955 1661 ancil-

322 1742 364 1778 la
383 1735 614 1789 quaedam,
637 1732 826 1768 honesta
845 1725 988 1774 virgo,
1012 1730 1123 1771 quae
1145 1717 1188 1754 in
1208 1712 1373 1763 templo
1395 1712 1549 1747 nostro
1570 1704 1714 1742 fuerat
1737 1695 1955 1739 confessa,

325 1823 420 1850 cum
444 1809 486 1845 in
506 1803 778 1843 haereticum
796 1796 1019 1836 dominum
1039 1790 1156 1828 forte
1177 1783 1404 1825 incidisset
1424 1780 1459 1826 ὓ,
1483 1789 1534 1816 ac
1554 1775 1607 1812 ab
1626 1771 1785 1811 eodem
1805 1770 1957 1806 contra

328 1876 695 1920 consuetudinem
718 1868 979 1910 catholicam
1001 1863 1156 1901 diebus
1183 1852 1428 1896 interdictis
1460 1847 1661 1888 carnibus
1692 1838 1814 1880 uesci
1845 1850 1960 1876 com-

328 1955 583 2006 pelleretur,
603 1945 754 1986 maluit
775 1955 822 1980 se
846 1953 949 1979 sane
971 1936 1025 1975 ad
1047 1934 1173 1973 aliam
1193 1927 1398 1968 familiam
1421 1921 1561 1961 minus
1583 1917 1766 1967 amplam
1788 1923 1838 1950 ac
1858 1909 1963 1947 libe-

332 2026 466 2064 ralem
497 2021 712 2070 recipere,
745 2026 872 2066 quam
893 2007 1119 2048 haeretico
1143 2000 1320 2041 domino
1343 1999 1386 2037 in
1406 2005 1540 2047 praua
1559 1988 1775 2042 petitione
1797 1993 1965 2022 morem

333 2108 507 2149 gerere.
531 2093 626 2130 Hac
648 2089 779 2128 etiam
801 2082 971 2123 ratione
993 2080 1056 2125 fit,
1080 2081 1127 2114 ut
1151 2075 1298 2118 libros,
1324 2070 1357 2108 si
1379 2080 1489 2119 quos
1510 2064 1675 2102 habent
1696 2054 1964 2098 haereticos,

335 2169 393 2208 illi
414 2165 487 2217 qui
508 2162 621 2215 apud
642 2173 722 2199 nos
753 2160 1038 2208 peccatorum
1071 2158 1248 2187 suorum
1270 2149 1287 2167 0
1308 2138 1522 2179 sarcinam
1553 2134 1794 2183 deponunt,
1827 2122 1968 2173 despi-

338 2243 453 2280 ciant
484 2235 628 2275 statim
659 2244 709 2270 ac
739 2229 829 2280 igni
857 2239 945 2265 non
977 2218 1191 2275 grauatim
1211 2214 1403 2258 tradant,
1428 2215 1473 2248 et
1494 2212 1540 2245 ut
1563 2203 1670 2252 socij
1694 2201 1764 2239 uel
1788 2197 1857 2246 alij
1882 2193 1970 2246 qui-

339 2316 520 2353 buscum
542 2311 695 2358 agunt,
716 2302 833 2340 idem
855 2300 995 2349 ipsum
1026 2293 1186 2332 faciant
1217 2293 1395 2326 strenue
1429 2293 1560 2319 suasu
1588 2280 1840 2315 nostrorum
1872 2279 1971 2305 con-

341 2384 540 2424 tendunt.
585 2378 628 2416 Si
667 2376 739 2426 qui
778 2376 877 2411 sunt
915 2372 1148 2419 praeterea
1177 2360 1249 2410 qui
1288 2358 1374 2395 hoc
1412 2351 1573 2391 auxilio
1615 2359 1666 2385 ac
1696 2343 1971 2383 sacramento

342 2451 643 2509 poenitentiae
679 2446 867 2484 maxime
905 2442 1054 2490 egent,
1091 2449 1115 2473 a
1149 2434 1258 2470 R.¹110
1289 2426 1385 2466 S.¹¹1¹
1416 2426 1467 2463 D.
1491 2423 1546 2461 N.
1580 2419 1643 2468 Pij
1678 2413 1834 2466 Quarti
1863 2407 1976 2461 apud

346 2537 569 2568 caesarem
604 2522 752 2570 legato
786 2516 793 2534 ¹
827 2516 912 2552 huc
943 2510 996 2549 ad
1026 2520 1107 2546 nos
1128 2516 1256 2556 quam
1277 2500 1477 2551 primum,
1502 2491 1621 2545 quod
1641 2501 1729 2527 non
1751 2483 1888 2524 semel
1911 2486 1977 2518 est

346 2602 524 2642 factum,
549 2594 793 2632 mittuntur:
816 2586 887 2635 qui
909 2581 1084 2634 quidem
1105 2589 1193 2615 non
1212 2585 1290 2624 per
1319 2583 1366 2609 se
1398 2567 1538 2606 solum
1569 2561 1671 2613 quid
1702 2551 1978 2597 sentiendum

349 2673 402 2710 sit
425 2669 479 2707 de
501 2668 583 2704 hac
604 2663 675 2701 uel
696 2661 768 2698 illa
788 2670 850 2703 re,
875 2667 984 2705 quae
1008 2651 1079 2689 uel
1100 2647 1154 2686 ad
1175 2641 1506 2697 profundiorem
1528 2629 1799 2681 theologiam
1827 2624 1897 2664 uel
1928 2622 1981 2661 ad

351 2736 649 2782 conscientiae
679 2734 825 2770 laesae
856 2726 1090 2765 discrimen
1124 2720 1309 2769 spectat,
1343 2725 1367 2750 a
1387 2712 1578 2748 Rectore
1600 2707 1752 2742 nostro
1775 2698 1857 2748 (uir
1879 2695 1982 2733 alio-

400 2892 419 2911 3
470 2900 561 2927 eum
580 2889 718 2930 supra
736 2890 845 2917 vers.
899 2877 965 2901 ——b
988 2874 1141 2910 Praec.
1170 2880 1208 2905 v.
1239 2868 1284 2903 in
1316 2871 1476 2907 marg..
1505 2857 1610 2905 quia
1642 2855 1687 2891 in
1720 2852 1836 2887 textu
1869 2849 1985 2882 atra-

356 2951 495 2991 menti
511 2943 688 2985 macula
709 2939 991 2978 obscuratum
1012 2934 1117 2970 erat.
1172 2934 1236 2952 -—0
1256 2934 1421 2962 suorum
1438 2923 1577 2965 supra
1599 2922 1708 2951 vers.

363 3035 639 3050 -.—-————-

409 3097 416 3116 ¹
469 3089 700 3130 Stanislaus
718 3083 881 3125 Hosius,
902 3074 1153 3115 warmiensis
1172 3071 1399 3118 episcopus,
1421 3069 1464 3100 ut
1483 3060 1589 3099 infra
1608 3056 1768 3094 dicitur.
