2038 3400
576 169 938 208 286.—01„1sn³omz
963 168 1010 206 20
1030 168 1140 216 JuLn
1173 168 1259 206 1559
1612 169 1682 205 279

108 274 270 320 cietati,
291 279 338 312 vt
360 273 607 321 videbatur,
632 273 840 319 deuotus,
870 271 940 309 alii
960 276 1193 321 praeterea
1214 271 1258 309 S.
1279 270 1573 320 Inquisitionis
1590 271 1730 309 minis-

107 347 175 385 tri.
199 347 287 385 Iam
318 358 424 384 vero
457 345 587 383 Vtiles
624 357 723 382 esse
752 342 992 382 conciones
1024 354 1107 392 ego
1144 340 1244 379 inde
1277 341 1487 392 colligere
1518 341 1729 387 solebam,

107 416 222 468 quod
243 417 498 468 frequenter
520 421 766 466 gemerent,
791 414 1073 464 suspirarent,
1099 417 1143 450 et
1164 425 1472 463 nonnunquam
1495 413 1731 461 lachryma-

107 494 269 527 rentur.
295 486 466 526 Vtinam
498 488 617 525 Deus
639 486 808 525 auferat
830 485 1032 523 velamen
1054 483 1109 522 de
1141 483 1346 522 cordibus
1377 496 1529 521 eorum
1561 484 1586 521 ¹.
1611 484 1734 521 Haec

107 559 161 598 de
183 559 248 598 his
269 559 311 597 in
331 570 499 610 genere
530 557 762 597 scribenda
794 560 931 594 erant.
964 554 1160 593 Scribam
1196 567 1310 593 nunc
1332 554 1386 594 de
1416 553 1467 593 iis
1488 567 1599 604 quae
1628 553 1733 592 foris

107 632 147 668 in
174 631 282 669 vrbe
304 635 506 681 aguntur.

164 713 224 741 10.
283 703 330 740 In
369 701 516 752 primis
556 706 770 739 vocantur
806 701 1060 750 frequenter
1100 700 1254 738 Patres
1293 697 1347 736 ad
1386 702 1611 749 aegrotos,
1648 710 1732 735 ma-

107 774 220 812 xime
250 774 483 824 populares
506 777 550 810 et
584 772 782 823 plebeos,
819 771 989 823 quibus,
1024 770 1058 809 si
1087 783 1158 809 res
1188 771 1247 809 ita
1276 770 1486 821 postulet,
1518 774 1618 820 post
1652 768 1733 819 spi-

107 845 304 883 ritualem
342 845 470 882 etiam
506 844 793 894 temporalem
832 856 959 894 opem
993 844 1154 882 ferunt.
1191 842 1301 881 Sunt
1337 841 1451 879 enim
1486 840 1566 879 viri
1600 839 1734 878 deuo-

106 916 138 954 ti
168 917 333 968 aliquot
349 918 419 967 qui
456 917 643 955 libenter
679 916 732 954 ad
767 916 809 954 id
844 915 1095 955 necessaria
1121 914 1414 966 suppeditant.
1449 912 1735 952 Morientibus

106 988 280 1026 assidue
321 987 491 1026 adsunt.
529 987 592 1025 Ad
633 987 961 1038 componendas
1001 988 1107 1025 item
1146 998 1197 1024 ac
1236 985 1452 1024 sedandas
1490 984 1735 1023 inimicitias

107 1072 194 1097 non
230 1070 326 1096 raro
360 1064 659 1097 accersuntur.
694 1058 859 1109 Accepi
893 1071 978 1109 ego
1001 1059 1114 1096 inter
1146 1057 1306 1095 multos
1337 1054 1613 1095 conciliatam
1636 1067 1735 1093 esse

109 1142 263 1181 pacem
285 1143 310 1168 a
339 1130 499 1168 nostris
522 1129 735 1168 Patribus.
759 1131 998 1168 Praeterea
1020 1129 1302 1168 consolantur
1325 1128 1489 1175 tristes,
1521 1139 1606 1178 qua
1626 1126 1667 1164 in
1689 1138 1735 1164 re

108 1203 246 1241 Deum
268 1202 433 1240 habent
455 1213 629 1252 semper
650 1201 902 1252 propitium,
927 1201 1050 1239 cuius
1074 1213 1159 1252 ego
1183 1200 1247 1238 rei
1268 1199 1396 1238 testis
1420 1211 1518 1238 esse
1540 1211 1733 1250 possum.

106 1273 241 1323 Virgo
263 1271 477 1322 quaedam
499 1272 614 1310 haud
638 1272 825 1311 obscuro
848 1272 947 1310 loco
979 1277 1081 1310 nata
1101 1276 1223 1311 tanto
1252 1282 1457 1309 moerore
1480 1283 1531 1308 ac
1561 1269 1736 1308 tristitia

107 1344 162 1382 ob
184 1348 371 1382 mortem
401 1343 570 1394 pueruli
593 1343 832 1390 cuiusdam,
867 1344 1040 1394 nepotis
1062 1341 1142 1390 sui,
1174 1342 1318 1380 fuerat
1339 1341 1514 1389 affecta,
1539 1346 1585 1379 vt
1616 1341 1735 1392 quin-

106 1427 190 1466 que
212 1419 286 1453 aut
307 1426 385 1452 sex
408 1414 501 1452 dies
531 1426 615 1453 nec
637 1413 911 1461 comederet,
935 1426 1018 1452 nec
1039 1413 1093 1452 ad
1116 1413 1439 1452 comedendum
1460 1411 1619 1452 adduci
1639 1425 1735 1464 pos-

108 1491 189 1524 set.
215 1485 280 1523 Ad
308 1486 420 1523 hanc
451 1490 634 1523 vocatus
666 1486 796 1523 Pater
827 1490 975 1524 rector
996 1485 1112 1523 illico
1147 1489 1193 1522 vt
1224 1483 1483 1523 comederet
1503 1485 1734 1535 persuasit,

106 1557 390 1608 promisitque
413 1556 537 1607 virgo
561 1564 579 1581 a
601 1568 647 1594 se
669 1555 882 1607 postridie
906 1556 998 1594 eius
1020 1555 1106 1595 diei
1129 1556 1444 1594 confessuram.
1470 1555 1735 1594 Admirabile

107 1627 297 1678 quidem.
325 1628 466 1677 Quam
490 1626 603 1665 enim
626 1639 709 1665 nec
729 1639 901 1678 preceS,
933 1639 1015 1666 nec
1037 1627 1285 1677 lachrymae
1308 1627 1457 1665 matris
1478 1632 1553 1666 aut
1575 1640 1733 1678 cogna-

110 1705 251 1737 torum
288 1698 515 1737 suasiones
538 1703 886 1745 commouerant,
918 1711 1002 1737 vna
1030 1698 1282 1749 passionum
1311 1697 1473 1738 Christi
1500 1700 1737 1737 sacratissi-

108 1782 293 1820 maeque
315 1770 483 1808 MARIAE
504 1770 684 1821 virginis
707 1769 907 1808 dolorum
931 1769 1292 1808 commemoratio
1314 1770 1548 1820 permouit.

165 1852 178 1879 1
192 1852 224 1879 1.
284 1840 350 1879 Ac
368 1853 419 1878 ea
439 1839 612 1891 quidem
636 1853 749 1892 quae
770 1841 876 1880 foris
897 1841 939 1878 in
960 1842 1069 1879 vrbe
1091 1846 1279 1893 aguntur
1301 1842 1363 1880 sic
1383 1842 1562 1888 habent3
1586 1842 1736 1893 accipe

108 1924 223 1950 nunc
244 1911 300 1950 de
331 1911 507 1962 collegii
529 1912 709 1962 templo,
734 1925 785 1950 ac
818 1913 957 1964 primo
980 1912 1035 1951 de
1065 1917 1439 1952 sacramentorum
1468 1912 1737 1952 administra-

109 1983 230 2021 tione
255 1987 298 2020 et
322 1982 622 2030 concionibus,
647 1988 736 2020 tum
758 1983 813 2021 de
847 1984 866 2008 b
885 1988 1055 2022 ornatu.
1079 1983 1331 2022 Concursus
1352 1984 1575 2022 hominum
1599 1984 1737 2023 omnis

107 2054 298 2105 generis,
324 2054 589 2092 conditionis
613 2059 656 2092 et
691 2055 850 2092 aetatis
871 2054 925 2093 ad
947 2060 1221 2093 sacramenta
1249 2060 1292 2093 et
1314 2055 1553 2094 conciones
1577 2060 1645 2094 est
1665 2055 1737 2094 ad-

108 2124 283 2163 modum
305 2124 528 2176 frequens,
554 2130 598 2163 et
618 2125 892 2176 frequentior
915 2138 1013 2164 cum
1032 2126 1223 2164 occurrit
1245 2125 1420 2177 aliquod
1451 2127 1630 2165 celebre
1652 2127 1735 2166 fes-

109 2202 213 2243 tum,
237 2200 439 2247 tempore
460 2197 824 2248 quadragesimae
854 2203 898 2236 et
929 2197 1124 2247 jubilaei.
1150 2198 1327 2237 Plurimi
1362 2204 1460 2236 sunt
1482 2199 1554 2249 qui
1577 2204 1735 2238 octauo

108 2280 283 2318 quoque
306 2267 375 2306 die
399 2268 739 2316 communicant,
771 2269 918 2320 plures
948 2269 1020 2320 qui
1054 2270 1138 2318 15.⁰
1173 2275 1247 2308 aut
1282 2269 1461 2320 singulis
1497 2270 1734 2317 mensibus,

109 2345 239 2390 atque
260 2339 304 2377 id
325 2352 483 2390 magno
503 2353 601 2378 cum
622 2340 766 2379 fructu
784 2345 827 2379 et
850 2341 1166 2388 emolumento,
1185 2347 1232 2379 vt
1254 2354 1324 2380 res
1345 2341 1437 2393 ipsa
1453 2341 1630 2380 indicat.
1656 2343 1737 2380 Be-

108 2409 265 2448 neficio
291 2411 404 2448 enim
427 2411 713 2460 quorumdam
736 2411 808 2462 qui
829 2411 990 2450 nostris
1012 2412 1214 2451 Patribus
1236 2413 1515 2459 confitentur,
1539 2412 1593 2451 ad
1623 2414 1738 2451 hunc

109 2494 232 2520 vsum
253 2482 439 2533 pecunia
462 2483 635 2530 collata,
655 2484 859 2522 nonullae
881 2483 1074 2535 virgines
1095 2484 1349 2535 parentibus
1369 2485 1502 2523 orbae
1526 2485 1567 2522 in
1595 2486 1737 2523 matri-

111 2553 302 2591 monium
321 2554 566 2592 collocatae
584 2556 694 2593 sunt.
716 2555 996 2606 interrogare
1016 2555 1129 2594 enim
1152 2568 1284 2607 saepe
1307 2556 1424 2595 soliti
1446 2561 1544 2594 sunt
1565 2555 1736 2607 quidam

110 2629 396 2671 mercatores,
440 2625 597 2674 quibus
633 2631 731 2664 sunt
767 2625 872 2664 satis
910 2626 1080 2677 amplae
1118 2627 1367 2674 facultates,
1405 2628 1446 2665 in
1481 2640 1607 2678 quam
1645 2640 1736 2666 rem

155 2803 175 2823 ἃ
223 2803 340 2842 Add.
359 2808 498 2850 supra
516 2814 624 2841 vers.
677 2805 744 2831 —b
765 2804 814 2842 de
832 2808 969 2851 supra
987 2814 1098 2842 vers.

162 2979 169 2998 ¹
224 2976 288 3015 Cf.
308 2976 344 3014 II
382 2977 498 3022 COR.,
520 2976 589 3020 III,
614 2977 667 3023 15,
691 2976 747 3015 16.
