2038 3400
335 237 382 276 30
803 238 1023 279 LITTERAE
1048 240 1406 288 QUADRIMESTRES

290 334 517 376 d‘vn’altro
540 337 651 376 frate
674 339 827 377 simile.
854 339 926 378 Gli
943 339 1060 377 diedi
1081 353 1163 378 vna
1185 352 1350 379 corona
1370 341 1471 390 (che
1493 340 1578 379 mai
1598 341 1736 391 prima
1756 338 1929 378 haueua

290 409 501 458 portato),
521 410 649 459 quale
671 423 725 448 va
743 409 930 448 dicendo
954 417 1341 461 scuopertamente
1363 424 1441 462 per
1463 417 1577 450 tutto
1600 412 1628 449 il
1649 412 1821 462 giorno,
1846 423 1929 449 con

291 480 561 531 meraueglia
592 486 635 519 et
667 487 848 531 stupore
871 481 914 519 di
947 482 1049 520 tutti
1080 488 1124 521 et
1155 482 1278 521 molti
1298 484 1487 531 scherni,
1520 483 1782 534 pigliandosi
1804 482 1859 520 da
1881 494 1928 519 se

289 550 361 599 pisi
384 552 505 589 volte
528 551 694 602 digiuni
715 554 935 591 communi
957 558 1000 591 et
1022 554 1064 590 in
1094 566 1205 604 pane
1229 560 1272 592 et
1294 566 1446 604 acqua,
1472 554 1587 592 doue
1620 555 1702 592 che
1733 554 1817 592 mai
1846 553 1930 603 pri-

290 632 358 658 ma
379 622 552 660 haueua
573 622 813 673 digiunato.
840 624 1111 662 Finalmente
1135 627 1158 662 e
1181 629 1301 663 tanto
1324 625 1596 663 inferuorato
1620 625 1662 663 di
1689 625 1829 676 patire
1851 637 1929 675 per

290 693 480 740 Christo,
506 695 587 732 che
610 695 746 732 molto
769 696 804 733 si
826 694 958 733 duole
981 709 1004 734 a
1026 695 1204 734 vedersi
1224 697 1373 747 legato
1397 709 1421 734 a
1442 697 1605 747 moglie
1629 701 1671 734 et
1693 709 1781 735 non
1802 702 1926 746 pote-

289 777 335 802 re
359 764 520 803 andare
543 766 625 804 alle
648 766 769 804 Indie
791 780 816 805 a
837 768 997 805 morire
1019 780 1098 819 per
1117 767 1307 815 Christo,
1333 781 1357 805 o
1383 773 1557 806 entrare
1578 768 1642 806 fra
1662 769 1736 807 noi
1769 780 1847 818 per
1869 768 1928 806 fa-

290 848 338 874 re
359 837 604 887 penitentia
625 837 667 875 di
689 838 786 876 suoi
806 837 992 889 peccati.

346 918 381 957 5.
444 909 634 947 Sonnosi
655 910 763 947 fatte
786 910 941 948 alcune
963 922 1071 960 pace
1091 910 1418 961 d’importanza,
1440 915 1483 949 et
1500 912 1542 949 in
1563 911 1718 949 alcune
1738 911 1772 949 si
1788 911 1843 949 ha
1858 910 1930 948 ad-

292 985 475 1031 operato
494 981 520 1018 il
540 981 713 1020 soldato
734 981 958 1032 predet‘m,
979 994 1063 1020 con
1080 983 1217 1021 molto
1235 983 1371 1021 frutto
1389 983 1454 1021 fra
1470 983 1628 1021 soldati
1649 983 1691 1020 in
1712 982 1933 1021 nemicitie

291 1053 478 1103 capitali.
504 1053 616 1091 Altri
637 1053 724 1091 duo
748 1053 790 1091 di
810 1053 937 1103 primi
958 1053 1001 1091 di
1022 1058 1178 1104 questa
1197 1058 1330 1101 terra,
1353 1055 1427 1105 poi
1449 1055 1530 1093 che
1553 1055 1711 1093 furono
1739 1054 1933 1092 confessi

289 1125 384 1175 (per
419 1124 555 1163 molto
590 1129 740 1174 tempo
776 1124 913 1174 prima
948 1124 1121 1175 capitali
1154 1125 1347 1174 nemici),
1380 1125 1603 1164 ambiduoi
1634 1125 1827 1164 confessi
1862 1126 1933 1163 col

290 1195 534 1233 medesimo
567 1194 826 1233 confessore
856 1196 898 1233 in
930 1195 1094 1243 chiesa,
1129 1195 1418 1234 chiedendosi
1447 1194 1646 1247 perdono
1681 1201 1724 1234 et
1755 1197 1934 1234 abbrac-

292 1267 503 1315 ciandosi,
536 1272 713 1305 restano
746 1268 889 1315 amici,
923 1268 1259 1306 confessandosi
1286 1268 1420 1319 dopoi
1443 1269 1547 1319 ogni
1570 1273 1663 1307 otto
1688 1267 1729 1306 di
1753 1273 1796 1305 et
1818 1279 1934 1306 com-

290 1337 606 1377 municandosi.
644 1332 755 1377 Altri
789 1340 933 1377 hanno
970 1340 1080 1378 fatto
1111 1339 1139 1377 il
1170 1340 1324 1378 simile.
1358 1340 1507 1378 Sonno
1540 1341 1676 1378 molto
1714 1339 1875 1378 stimati
1906 1339 1934 1377 li

291 1410 537 1449 confessori
558 1410 674 1449 della
695 1411 968 1462 Compagnia
985 1411 1040 1449 da
1060 1416 1216 1462 questa
1237 1417 1389 1463 gente,
1414 1410 1616 1450 massirne
1638 1412 1681 1450 in
1703 1411 1932 1449 consolare

291 1482 447 1530 afflitti,
472 1482 702 1534 aggiutare
726 1482 917 1530 ostinati,
948 1484 1158 1521 talmente
1182 1484 1263 1521 che
1293 1496 1371 1534 per
1403 1483 1709 1522 consolatione
1742 1495 1797 1520 ne
1829 1494 1933 1520 ven-

290 1566 408 1605 gono
431 1553 569 1602 molti,
595 1558 638 1592 et
661 1566 813 1604 spesso
837 1555 876 1592 ci
897 1567 1083 1592 menano
1106 1553 1149 1592 di
1172 1555 1349 1593 ostinati
1372 1560 1415 1592 et
1445 1554 1563 1605 persi
1592 1555 1635 1592 in
1664 1554 1854 1605 peccati3
1888 1556 1931 1591 et

290 1638 393 1676 pare
426 1624 527 1663 ch‘il
559 1626 692 1676 Sig.re
723 1625 826 1663 tutti
856 1625 993 1663 molto
1026 1626 1207 1677 aggiuto
1244 1624 1335 1675 [sic]
1369 1637 1446 1676 per
1475 1626 1514 1663 13
1535 1638 1642 1676 gran
1663 1623 1765 1662 fede
1789 1637 1872 1663 con
1894 1625 1934 1662 la

293 1696 420 1747 quale
442 1708 667 1747 uengono.

343 1768 382 1807 6.
442 1768 566 1806 Dalle
588 1774 706 1807 terre
729 1769 873 1807 vicine
893 1774 937 1807 et
955 1769 1124 1808 castelli
1140 1770 1286 1820 (come
1305 1768 1525 1807 serissimo
1542 1781 1620 1820 per
1637 1769 1678 1807 la
1692 1768 1932 1820 penultima

290 1839 459 1889 nostra)
479 1840 616 1878 siamo
648 1841 785 1878 molto
816 1841 1003 1891 priegati
1034 1845 1078 1879 et
1108 1853 1185 1891 per
1215 1839 1445 1890 predicare
1478 1844 1521 1878 et
1551 1852 1629 1891 per
1661 1839 1931 1886 confessare3

291 1924 361 1949 ma
388 1911 484 1949 dall'
513 1910 664 1949 ultima
694 1910 925 1950 domenica
956 1911 1257 1950 dell'aduento
1289 1924 1376 1949 non
1408 1911 1595 1949 hauemo
1627 1914 1783 1961 potuto
1816 1922 1931 1948 com-

289 1983 501 2034 piacergli
523 1995 650 2022 come
672 1981 1001 2022 disiderammo.

344 2065 382 2104 7.
442 2053 686 2106 Leggendo
708 2054 750 2093 io
774 2055 813 2093 la
840 2056 1001 2093 lettera
1030 2055 1072 2093 di
1104 2055 1158 2093 M.
1194 2055 1381 2093 Michele
1414 2053 1641 2104 Botteglio
1673 2053 1755 2090 alla
1786 2054 1874 2092 S.ra
1907 2059 1932 2100 ¹,

293 2139 391 2165 essa
421 2126 477 2164 mi
507 2127 672 2177 replico
705 2127 788 2164 che
819 2131 996 2164 restaua
1021 2127 1065 2165 in
1093 2126 1221 2177 quell’
1254 2125 1398 2163 animo
1430 2124 1473 2163 di
1495 2124 1599 2162 dare
1622 2124 1650 2162 li
1672 2133 1722 2172 70
1744 2129 1869 2174 staya
1890 2124 1932 2161 di

291 2211 444 2250 grano,
471 2203 514 2236 et
534 2199 599 2236 far
620 2199 661 2236 13
682 2198 921 2236 donatione
945 2197 1015 2236 del
1036 2197 1205 2248 podere
1233 2209 1310 2247 per
1341 2196 1444 2247 ogni
1474 2194 1622 2243 modo,
1658 2199 1701 2232 et
1731 2195 1932 2246 priegare

290 2271 317 2308 il
340 2272 450 2309 R.11‘¹0
468 2270 687 2309 cardinale
705 2270 748 2308 di
769 2284 845 2308 san
860 2270 1005 2309 Vitale
1025 2270 1038 2289 ²
1059 2270 1094 2308 si
1116 2269 1314 2308 contenti
1336 2269 1400 2306 ch’
1424 2269 1540 2306 l’uno
1566 2273 1609 2305 et
1631 2267 1770 2305 l'altro
1793 2268 1828 2305 si
1849 2273 1933 2305 sta-

290 2343 442 2381 bilisca
465 2347 508 2381 et
530 2343 744 2381 confermi
764 2355 842 2393 per
863 2342 891 2380 il
915 2342 1121 2393 collegio,
1147 2354 1169 2379 e
1192 2341 1317 2379 voler
1338 2340 1447 2378 farlo
1471 2340 1613 2378 dianzi
1635 2340 1716 2377 che
1747 2340 1782 2377 si
1811 2344 1934 2390 parta

292 2414 335 2452 di
355 2426 455 2466 qua3
478 2415 606 2465 quale
628 2414 786 2465 partita
807 2413 998 2452 disidera
1018 2413 1110 2451 fare
1131 2417 1299 2463 presto,
1326 2417 1369 2450 et
1390 2417 1512 2449 tanto
1540 2412 1613 2462 pisi
1635 2410 1768 2460 dopoi
1789 2411 1933 2460 quella

292 2485 335 2524 di
354 2487 406 2525 V.
432 2487 479 2524 P.
504 2486 576 2524 del
597 2496 642 2524 21
669 2485 740 2524 del
761 2490 954 2536 passato,
975 2483 1246 2523 intendendo
1271 2484 1352 2521 che
1375 2484 1418 2522 S.
1445 2483 1546 2522 Sfla
1569 2484 1677 2520 REM
1699 2482 1733 2519 si
1754 2493 1809 2519 ne
1832 2494 1932 2519 con-

290 2557 418 2605 tenti3
451 2563 495 2595 et
526 2558 662 2596 molto
694 2555 1162 2596 raccornmandandosi
1192 2556 1275 2593 alle
1309 2553 1496 2592 orationi
1525 2553 1568 2591 di
1596 2554 1646 2591 V.
1680 2554 1743 2599 R,
1783 2558 1825 2590 et
1860 2553 1932 2590 ba-

292 2629 536 2681 sciandogli
566 2630 605 2667 13
640 2643 783 2676 mano,
817 2630 875 2680 gli
911 2629 1119 2680 ringratia
1149 2627 1220 2665 del
1256 2626 1386 2664 buon‘
1425 2625 1571 2663 officio
1607 2625 1718 2662 siha
1738 2623 1931 2675 degnato

293 2713 438 2748 usare;
471 2706 515 2739 et
550 2701 720 2739 benche
757 2702 792 2739 si
826 2700 979 2739 mostri
1014 2700 1218 2751 alquanto
1254 2696 1474 2736 inchinata
1509 2697 1548 2734 al
1584 2696 1853 2734 monasterio
1890 2696 1932 2733 di

343 2948 350 2966 ¹
405 2944 583 2982 Videtur
601 2944 770 2981 indicari
788 2944 894 2980 Dua.
927 2942 1148 2980 Francisca
1177 2940 1332 2978 Riccia.
1354 2940 1417 2978 Cf.
1437 2941 1590 2979 Lainz'i
1615 2941 1829 2986 Monum.,
1859 2939 1927 2985 III,

293 3006 375 3085 67²?-
400 3064 579 3113 joannes
601 3064 757 3101 Ricius.
783 3063 896 3101 Ibz'd.
