2038 3400
367 264 438 302 722
838 267 1055 304 LITTERAE
1083 268 1437 312 QUADRlMESTRES
1459 288 1461 292 Α

320 368 595 418 progrediar3
627 370 754 408 nobis
786 375 907 407 certe
940 383 1106 408 summa
1137 377 1205 409 est
1239 371 1483 419 admiratio,
1518 385 1615 410 cum
1645 372 1956 423 perpendimus

321 445 484 489 quanto
509 453 659 479 amore
684 447 727 479 et
749 441 847 478 laici
870 447 915 479 et
937 440 1227 480 ecclesiastici
1247 455 1328 480 nos
1350 448 1688 493 prosequantur.

375 522 412 550 2.
474 513 627 551 Studia
648 514 859 551 litteraria
879 513 921 551 in
944 513 1038 551 dies
1060 514 1198 565 magis
1220 527 1271 552 ac
1302 515 1440 565 magis
1463 520 1681 562 crescunt,
1707 521 1798 552 tum
1832 515 1958 553 scho-

321 583 575 622 lasticorum
611 598 810 631 numero,
850 591 939 623 tum
976 586 1017 622 in
1052 585 1210 624 litteris
1244 598 1499 637 progressu.
1541 587 1760 636 Quattuor
1801 576 1958 624 adsunt

322 655 533 706 magistri,
563 669 747 706 quorum
779 670 888 694 unus
911 656 1187 695 dialecticam
1217 658 1463 708 profitetur,
1489 657 1559 695 alii
1589 664 1680 695 tres
1711 658 1959 708 grammati-

323 739 416 765 cam
438 728 798 778 interpretantur3
824 741 976 766 omnes
1000 733 1145 767 tamen
1178 743 1280 767 suos
1303 730 1540 780 discipulos
1569 728 1611 767 in
1634 729 1870 779 disciplinis
1893 741 1959 767 ca-

323 800 567 848 pessendis,
607 805 651 837 et
685 800 727 838 in
763 800 998 838 uirtutibus
1033 802 1227 839 amandis
1269 808 1313 839 et
1352 801 1628 852 acquirendis
1668 801 1872 840 erudiunt
1914 806 1958 838 et

323 876 552 914 exercent.
576 871 806 909 Habentur
830 873 1187 919 exercitationes,
1210 873 1361 924 quales
1383 873 1424 910 in
1459 885 1630 923 quaque
1653 878 1746 910 arte
1770 872 1960 922 discipu-

322 942 373 979 lis
394 943 703 992 proponendas
727 943 904 981 scholae
930 945 1271 995 uniuscuiusque
1306 945 1378 982 lex
1407 945 1560 995 exigit.
1586 944 1719 982 Hisce
1750 943 1960 994 proximis

323 1012 478 1051 diebus
511 1014 743 1052 comoedia
773 1027 796 1052 a
818 1014 1006 1065 quodam
1042 1016 1295 1054 institutore
1319 1029 1373 1054 ex
1408 1018 1571 1055 nostris
1608 1016 1867 1066 composita,
1900 1017 1960 1053 in-

322 1090 550 1135 spectante
573 1087 735 1136 populo
753 1086 832 1124 fuit
850 1092 1044 1136 peracta,
1066 1092 1109 1125 et
1127 1088 1319 1125 omnium
1341 1089 1494 1138 plausu
1512 1094 1557 1126 et
1579 1100 1798 1126 consensu
1815 1086 1959 1124 lauda-

323 1162 380 1194 ta.
415 1158 524 1195 Nam
547 1164 723 1208 praeter
745 1171 872 1208 quam
903 1158 1021 1209 quod
1044 1159 1244 1197 omnibus
1271 1160 1464 1198 numeris
1485 1161 1701 1207 absoluta,
1734 1158 1960 1197 auditores

321 1228 363 1265 in
380 1228 713 1267 admirationem
731 1231 873 1281 rapuit
896 1231 1223 1272 uehementem,
1243 1244 1439 1269 amorem
1462 1231 1702 1270 concitauit
1721 1243 1872 1269 eorum
1889 1243 1960 1281 pa-

325 1306 452 1348 trum,
477 1302 547 1351 qui
580 1315 682 1339 suos
705 1302 818 1340 filios
838 1302 857 1320 ³
878 1304 1039 1340 nostris
1062 1303 1427 1354 praeceptoribus
1458 1303 1753 1342 instituendos
1772 1303 1961 1341 tradide-

323 1378 432 1410 rant.
457 1373 701 1411 Comoedia
732 1374 987 1412 continebat
1020 1381 1063 1412 et
1094 1376 1297 1413 narrabat
1328 1380 1637 1414 sacrosanctae
1669 1375 1960 1414 eucharistiae

323 1442 489 1491 laudeS,
516 1448 558 1481 et
580 1445 763 1494 plurima
782 1445 943 1484 Christi
964 1446 1187 1494 miracula,
1206 1451 1419 1497 tantoque
1438 1447 1575 1498 magis
1596 1447 1773 1497 placuit,
1797 1452 1958 1497 quanto

323 1515 460 1565 magis
491 1516 544 1553 ab
568 1517 682 1553 omni
717 1516 822 1553 uitio
845 1517 1001 1564 aliena,
1034 1517 1260 1568 frugifera,
1294 1518 1488 1556 moribus
1517 1518 1675 1568 pudica
1698 1523 1741 1555 et
1772 1518 1960 1556 honesta

323 1591 430 1624 erat.
456 1587 522 1624 Ab
546 1588 820 1626 scholasticis
845 1594 889 1627 et
910 1589 1129 1639 magistris
1153 1591 1288 1627 multa
1311 1591 1625 1641 epigrammata
1645 1590 1822 1628 fuerunt
1844 1602 1959 1627 com-

322 1659 466 1708 posita
500 1659 542 1696 in
578 1660 752 1697 laudem
789 1661 923 1699 diuini
959 1662 1237 1708 sacramenti,
1275 1675 1387 1712 quae
1423 1663 1653 1713 plurimum
1684 1662 1958 1712 placuerunt,

323 1731 476 1779 partim
507 1732 606 1781 quia
638 1732 831 1783 eleganti
862 1738 1003 1771 metro
1037 1738 1080 1771 et
1112 1733 1288 1772 diuerso
1326 1735 1604 1776 constabant:
1637 1735 1813 1772 fuerunt
1845 1734 1957 1771 enim

322 1802 561 1851 parietibus
584 1803 657 1840 fixi
690 1816 844 1841 uersus
867 1805 1129 1853 hexametri,
1160 1806 1462 1855 pentrametri,
1497 1804 1661 1855 saphici
1683 1811 1727 1843 et
1748 1805 1960 1855 phaleuti-

323 1874 377 1920 ci;
400 1875 555 1924 partim
578 1875 678 1925 quia
701 1876 978 1914 christianam
1000 1877 1211 1927 pietatem
1235 1877 1510 1914 redolebant.
1536 1878 1634 1914 Huc
1655 1876 1826 1914 accedit
1849 1889 1959 1913 suni-

323 1958 391 1982 ma
411 1945 545 1984 fuisse
567 1946 776 1985 affectum
812 1948 985 1986 laeticia
1006 1949 1402 1998 prothonotarium‚
1426 1954 1657 1998 patronum
1680 1948 1806 1986 huius
1830 1947 1960 1985 colle-

323 2017 380 2066 gij
407 2023 432 2063 ¹,
466 2019 537 2068 qui
573 2017 889 2057 incredibiliter
920 2021 1167 2058 delectatur
1204 2032 1301 2058 cum
1338 2020 1590 2057 scholastici
1624 2024 1888 2058 exercentur
1918 2019 1960 2056 in

323 2089 716 2127 declamationibus
747 2091 976 2138 habendis,
1001 2097 1074 2129 aut
1104 2092 1147 2129 in
1167 2092 1460 2142 positionibus
1483 2091 1788 2137 defendendis,
1813 2091 1884 2128 uel
1919 2091 1960 2128 in

325 2161 556 2199 comoedia
587 2163 728 2213 aliqua
751 2163 1018 2214 peragenda.
1046 2164 1130 2213 Qui
1152 2168 1361 2213 patronus
1383 2168 1559 2214 praeter
1577 2175 1704 2212 quam
1726 2162 1843 2213 quod
1860 2161 1961 2199 huic

325 2234 514 2284 collegio
547 2235 728 2285 largitus
760 2240 827 2273 est
859 2235 1049 2285 optimos
1071 2233 1284 2282 redditus,
1309 2235 1465 2285 quibus
1487 2235 1601 2272 forte
1624 2247 1711 2272 non
1733 2237 1833 2284 post
1855 2233 1960 2271 mul-

325 2313 393 2343 tos
414 2318 551 2343 annos
574 2307 750 2357 triginta
773 2308 925 2345 Patres
946 2312 1155 2356 poterunt
1182 2307 1253 2344 hic
1275 2307 1442 2353 uiuere,
1468 2318 1747 2356 summopere
1773 2309 1893 2356 optat
1917 2309 1961 2342 et

322 2376 472 2415 nititur
496 2378 723 2416 uberiores
746 2379 1011 2429 relinquere:
1040 2378 1285 2416 incredibili
1309 2378 1421 2416 enim
1453 2390 1601 2415 amore
1632 2391 1719 2416 non
1750 2378 1866 2415 hunc
1886 2382 1960 2414 aut

322 2449 441 2485 illum
465 2449 637 2486 Patrem
670 2450 922 2495 Societatis,
948 2449 1026 2487 sed
1059 2449 1307 2486 uniuersam
1330 2449 1603 2486 Societatem
1635 2449 1956 2499 complectitur.

325 2522 424 2571 Quo
448 2521 509 2567 fit,
536 2527 581 2558 ut
597 2522 654 2559 nil
672 2521 730 2559 illi
749 2522 930 2567 dulcius,
953 2522 1009 2558 nil
1027 2521 1191 2571 gratius
1215 2525 1258 2559 et
1282 2520 1515 2570 optabilius
1534 2533 1737 2570 unquam,
1757 2532 1885 2570 quam
1905 2532 1957 2557 ex

324 2594 652 2632 characteribus
675 2594 830 2639 missis,
855 2600 928 2631 aut
961 2606 1015 2631 ex
1047 2593 1289 2641 tabellariis
1319 2593 1405 2630 huc
1440 2592 1770 2638 accedentibuS,
1804 2592 1959 2629 intelli-

323 2676 430 2716 gere
462 2676 532 2702 res
562 2664 798 2702 Societatis
828 2665 987 2715 ubique
1020 2663 1239 2702 foeliciter
1271 2676 1317 2701 se
1348 2664 1529 2712 habere,
1564 2667 1606 2701 et
1637 2663 1680 2700 in
1701 2662 1795 2700 dies
1818 2662 1959 2700 ubiuis

324 2737 522 2787 gentium
561 2737 727 2786 augeri.
766 2737 890 2774 Faxit
927 2738 1061 2783 Deus,
1100 2741 1146 2773 ut
1186 2737 1279 2773 eius
1320 2735 1539 2774 desideria
1579 2735 1689 2772 iusta
1726 2739 1769 2771 et
1809 2740 1959 2772 sancta

323 2814 506 2846 aeterno
528 2808 724 2858 praemio
749 2807 983 2846 donentur.

371 2959 391 2978 a
440 2957 519 2996 filis
538 2969 619 2996 ms.

374 3094 381 3112 ¹
436 3091 667 3130 Ludovicus
686 3092 734 3129 de
757 3091 1003 3140 Calatayud.
