2038 3400
513 240 829 279 446.-ΑΡΑΜΙ[5
856 241 871 277 1
901 239 1146 277 DECEMssms
1175 238 1262 275 1560
1580 236 1645 273 951

836 465 949 516 446

458 609 510 654 P.
550 607 932 655 EDMUNDUS
974 607 1325 655 AUGERIUS

566 750 733 776 APAMsss
761 741 774 775 1
807 749 1040 776 DECEMBRlS
1068 739 1158 775 1560
1185 741 1208 776 ¹.

78 861 108 899 l.
159 859 411 899 Tarditatis
454 859 698 899 excusatio.
739 858 936 910 Collegit·
981 858 1131 897 initia.
1179 858 1421 898 Sociorum
1468 845 1697 897 uumerus.

157 927 206 964 P.
232 924 469 964 Pelletarii
488 924 718 964 contiones
739 928 841 963 ante
867 924 1095 963 sociorum
1127 923 1482 964 adventum-2.
1515 923 1700 963 Sollem-

156 991 228 1029 πίε
274 991 540 1030 scholarum
591 989 913 1041 inauguratio.
957 989 1237 1029 Litierariae
1285 989 1698 1028 exercitationes.—

156 1056 238 1095 3-5.
265 1057 352 1095 PP.
378 1055 616 1095 Pelletarii
636 1059 674 1096 et
695 1055 876 1108 Augeri
896 1055 1126 1094 contiones
1148 1057 1365 1095 adventus
1387 1058 1425 1094 et
1443 1057 1700 1106 quadruge-

156 1122 299 1162 simae
321 1124 516 1172 tempore
537 1121 760 1172 Apamiis,
798 1120 951 1169 Fuxii,
998 1122 1198 1168 Tolosae,
1228 1134 1474 1171 earumque
1493 1120 1698 1172 fructus.

158 1187 200 1226 6.
225 1188 310 1227 Res
331 1187 614 1227 domesticae.

136 1325 169 1352 1.
228 1316 256 1362 †
288 1314 375 1352 Pax
399 1313 559 1352 Christi
582 1318 668 1351 etc.
701 1313 861 1351 Rerum
892 1317 1138 1350 nostrarum
1161 1312 1374 1350 rationem
1398 1312 1601 1359 reddere,
1626 1313 1701 1349 Pa-

79 1385 145 1417 ter
174 1377 449 1426 Reuerende,
475 1379 622 1430 coegit
643 1391 723 1416 nos
753 1379 936 1429 primum
969 1378 1244 1416 consuetudo
1278 1378 1440 1416 ordinis
1474 1378 1627 1424 nostri,
1661 1378 1702 1416 id

79 1457 160 1497 est,
194 1450 445 1497 Societatis,
478 1450 637 1488 deinde
671 1449 811 1500 pudor
845 1450 1092 1487 nonnullus.
1128 1449 1326 1487 Pudebat
1362 1448 1475 1487 enim
1510 1450 1703 1487 coeteris

77 1535 244 1569 aurum,
276 1534 486 1573 gemmas,
519 1526 749 1572 argentum
780 1521 951 1571 aliaque
974 1521 1016 1558 id
1046 1534 1185 1571 genus
1217 1527 1472 1559 ornamenta
1502 1521 1554 1558 ad
1586 1521 1703 1571 spiri-

78 1595 206 1632 tualis
237 1594 509 1633 tabernaculi
539 1593 890 1632 aedificationem
924 1593 1228 1639 affere11tibus3
1259 1605 1338 1630 nos
1368 1606 1423 1631 ne
1454 1594 1593 1643 pelles
1615 1593 1703 1642 qui-

79 1667 178 1705 dem
207 1666 436 1704 uilissimas
466 1665 641 1704 afferre.
677 1667 785 1704 Sera
807 1665 981 1703 omnino
1004 1678 1118 1703 nunc
1141 1671 1207 1703 est
1237 1670 1387 1702 nostra
1419 1665 1598 1711 oblatio,
1631 1676 1703 1701 ne-

78 1750 162 1788 que
193 1738 538 1788 quadrimestris,
572 1738 650 1775 sed
678 1749 836 1784 annua3
870 1737 1094 1787 occupatis
1128 1742 1273 1775 tamen
1301 1749 1542 1783 amorraea,
1570 1737 1704 1787 gebu-

79 1821 269 1859 saeaque
290 1821 436 1859 pugna
458 1808 585 1846 citius
615 1806 772 1846 adesse
803 1821 890 1846 non
921 1808 1058 1855 licuit3
1090 1821 1188 1846 cum
1218 1801 1475 1858 praesertim
1508 1820 1562 1845 ex
1594 1807 1703 1844 eius-

78 1879 196 1917 modi
212 1880 403 1917 hostium
421 1879 572 1929 spolijs
591 1879 729 1917 omnis
745 1883 895 1917 nostra
916 1879 1009 1917 fere
1034 1878 1195 1916 oblatio
1219 1884 1407 1916 constet.
1442 1879 1590 1928 Itaque
1621 1879 1704 1915 his-

78 1951 233 1988 toriam
266 1950 413 2000 potius
447 1962 574 2000 quarn
615 1949 844 2000 epistolam
879 1950 1122 1988 scribimus.
1148 1950 1448 2000 Collegiorum
1469 1949 1706 1988 Societatis

74 2023 178 2072 Jesu
199 2021 320 2059 initia
341 2021 484 2072 qualia
513 2021 598 2058 sint
621 2033 771 2059 omnes
794 2022 949 2067 sciunt,
982 2021 1239 2071 praesertim
1262 2021 1335 2058 ubi
1366 2033 1435 2058 res
1466 2019 1607 2071 agitur
1635 2020 1705 2057 ad-

88 2105 243 2130 uersus
279 2105 357 2130 eos
392 2091 463 2142 qui
497 2104 522 2129 a
556 2091 642 2129 fide
677 2092 947 2130 aberrarunt.
985 2092 1107 2130 Talia
1135 2093 1261 2130 huius
1295 2092 1432 2129 nostri
1467 2091 1707 2142 appamiani

80 2163 267 2212 aedificij
286 2163 569 2201 fundamenta
585 2163 698 2201 iacta
715 2169 826 2206 sunt;
842 2169 1146 2214 paupertatem
1168 2164 1391 2210 uidelicet,
1411 2162 1705 2201 tolerantiam-

79 2248 163 2286 que
187 2248 331 2273 rerum
353 2234 651 2281 aduersarum,
684 2248 771 2273 non
802 2235 894 2272 sine
916 2235 1037 2273 lucro
1059 2240 1211 2273 nostro
1233 2235 1375 2285 plane,
1400 2235 1470 2285 qui
1492 2234 1706 2272 intellexi-

80 2320 173 2344 mus
193 2307 371 2344 tandem
393 2305 639 2356 aliquando,
663 2307 776 2344 bene
798 2304 976 2344 viuendi
996 2305 1185 2344 fructum
1208 2318 1307 2344 esse
1327 2306 1593 2356 patientiam.
1617 2306 1705 2343 Sex

79 2391 226 2416 sumus
252 2390 434 2416 numero
456 2377 593 2415 nostri
617 2376 793 2425 ordinis,
816 2390 999 2428 quorum
1020 2390 1131 2415 vnus
1161 2377 1173 2396 ²
1194 2376 1294 2415 dum
1328 2378 1462 2415 Roma
1482 2377 1566 2415 huc
1588 2377 1706 2414 veni-

80 2454 162 2495 ret,
185 2449 227 2486 in
250 2461 472 2487 carcerem
495 2448 722 2486 coniectus
744 2454 811 2486 est
832 2446 944 2499 apud
963 2449 1296 2495 Carcassonem,
1318 2448 1564 2487 Vaseoniae
1590 2448 1706 2498 oppi-

81 2519 196 2567 dum,
215 2520 301 2558 hoc
317 2520 492 2558 nomine
510 2519 627 2570 quod
643 2520 891 2558 haereticus
910 2525 1042 2568 esset,
1062 2519 1179 2571 quod
1195 2521 1465 2567 lutheranus,
1489 2519 1606 2569 quod
1624 2520 1706 2557 cal-

81 2591 292 2629 uinianus.
317 2589 430 2629 Fieri
453 2591 566 2629 enim
587 2604 716 2642 posse
738 2592 958 2642 negabant
987 2591 1047 2630 illi
1069 2591 1349 2640 carcassonij,
1373 2596 1420 2629 vt
1450 2591 1706 2641 Appamium

80 2663 179 2709 iret,
205 2674 436 2700 commune
456 2662 942 2714 pseudoprophetarum
963 2663 1129 2713 asylum
1149 2663 1182 2710 a,
1206 2662 1287 2701 nisi
1307 2662 1706 2714 pseudopropheta,

129 2799 148 2818 a
200 2799 292 2845 Seq.
313 2798 391 2834 iret
410 2797 536 2835 delet.

133 2932 141 2951 ¹
193 2929 256 2966 Ex
273 2928 527 2975 autographo
546 2928 586 2965 in
605 2929 689 2966 eod.
713 2928 805 2966 Gal.
826 2928 895 2971 53,
916 2928 939 2965 2
955 2928 1014 2974 ff„
1035 2942 1102 2967 nn.
1135 2929 1212 2973 193,
1245 2928 1323 2975 1943
1352 2929 1461 2975 prius
1496 2928 1562 2965 155
1591 2906 1704 2973 (293).

84 2989 213 3027 Aliud
232 2989 464 3034 exemplum
484 2988 523 3024 in
543 2987 586 3024 ff.
610 2987 689 3030 191,
714 2987 793 3034 192;
814 2989 923 3035 prius
944 2988 1023 3033 149,
1047 2989 1114 3026 150
1131 2988 1228 3033 (352,
1248 2989 1348 3034 353).

132 3049 145 3069 ²
195 3048 240 3085 P.
261 3047 409 3085 Petrus
429 3046 634 3085 Barrault.
657 3047 720 3085 Cf.
741 3047 897 3086 Lainii
915 3048 1123 3093 Menum„
1142 3048 1217 3093 IV,
1236 3048 1302 3086 381
1322 3048 1361 3093 ¹⁸.
1381 3046 1462 3084 528.
