2038 3400
505 285 846 324 292.-—CORDU13A
872 283 914 321 31
945 283 1135 320 Aucusri
1169 281 1258 319 1559
1591 281 1658 318 307

81 390 161 429 nis.
185 390 266 430 Vix
299 390 413 428 enim
444 389 636 440 reperias
658 400 821 439 paucos
843 386 915 436 qui
937 398 1014 424 suo
1040 397 1220 423 munere
1257 396 1344 422 non
1375 383 1609 434 fungantur
1638 384 1706 433 piv

83 475 134 500 ac
156 461 403 512 diligenter.
431 459 561 510 Quod
593 461 627 498 si
648 460 718 510 qui
740 460 772 505 ἃ,
797 458 839 496 in
860 457 912 507 ijs
934 455 1208 507 corrigendis
1241 459 1283 493 et
1307 454 1522 492 seueritas
1546 459 1589 490 et
1619 453 1708 490 (lili-

83 533 230 583 gentia
269 537 503 583 prestatur.
540 532 693 569 Preter
724 530 855 568 latina
885 526 1358 579 praeexercitamenta,
1391 537 1504 576 quae
1525 523 1708 562 assidue

83 604 123 641 in
141 602 368 652 auditorijs
391 607 727 653 componuntur,
752 601 822 652 qui
845 599 1092 638 rhetoricae
1111 597 1304 644 student,
1328 597 1501 647 publice
1521 607 1710 645 euange-

83 675 191 713 licae
213 674 439 712 adulterae
462 685 636 712 causam
661 674 686 720 ¹,
705 673 829 710 iuxta
850 670 1075 721 hystoriae
1091 670 1110 693 b
1134 669 1309 715 seriem,
1331 666 1603 706 tractandam
1621 678 1710 703 sus-

84 752 310 797 ceperunt,
335 746 388 784 ad
409 746 452 784 id
474 746 657 784 aliorum
681 743 883 794 exemplo
906 742 1174 781 inflammati.
1199 742 1269 791 qui
1291 741 1420 791 paulo
1450 743 1552 777 ante
1574 738 1711 788 Iosip-

78 818 176 869 pie,
200 817 317 868 quod
338 818 425 855 vim
456 817 617 855 inferre
640 815 819 855 tentarit
845 814 971 852 herili
1003 813 1177 864 coniugi
1210 811 1236 859 ²,
1271 824 1446 850 causam
1477 822 1712 861 peroraue-

86 894 201 928 rant.

135 972 179 1010 4.
244 961 281 999 A
303 961 464 999 nostris
488 960 618 998 etiam
641 959 931 1005 auditoribus,
955 958 997 995 in
1028 956 1307 995 sacratissimi
1331 954 1494 994 Christi
1519 951 1714 1003 corporis

84 1030 358 1078 celebritate,
391 1043 476 1082 que
511 1031 639 1069 nobis
662 1035 728 1068 est
750 1028 833 1067 iam
855 1027 1151 1067 anniuersaria
1172 1026 1228 1064 de
1257 1038 1399 1073 more,
1433 1029 1530 1063 acta
1552 1029 1620 1062 est
1642 1036 1713 1061 co-

84 1102 240 1150 media,
264 1102 414 1140 initam
435 1114 587 1153 pacem
620 1101 733 1139 inter
769 1111 900 1150 reges
923 1099 1170 1145 continens,
1203 1109 1289 1135 non
1311 1095 1487 1147 quidem
1509 1096 1562 1133 ab
1595 1095 1714 1132 insti-

84 1180 178 1212 tuto
201 1173 288 1212 diei
317 1173 472 1211 aliena.
505 1172 619 1211 Huic
648 1171 844 1209 interfuit
875 1170 1209 1208 humanissimus
1239 1168 1358 1206 vrbis
1388 1168 1515 1205 huius
1547 1167 1714 1217 episco-

83 1259 162 1296 pus
183 1251 212 1293 ³,
235 1245 307 1296 qui
323 1249 442 1283 totus
463 1248 615 1282 noster
634 1247 714 1290 est,
739 1242 851 1280 adeo
872 1248 917 1279 vt
934 1254 1061 1292 quam
1078 1241 1260 1291 plurima
1277 1239 1332 1277 de
1350 1239 1527 1277 Patrum
1544 1242 1714 1276 nostro-

84 1329 176 1354 rum
217 1315 398 1354 consilio
438 1315 584 1362 faciat,
627 1327 736 1364 quos
775 1313 972 1364 impense
1010 1310 1149 1362 diligit
1187 1311 1229 1348 in
1265 1310 1468 1348 Domino.
1512 1307 1714 1347 Inuisitui·

85 1387 256 1434 crebro,
279 1386 511 1438 presertim
533 1398 556 1424 a
578 1387 707 1424 Patre
730 1390 920 1431 rectore,
946 1383 1015 1422 cui
1035 1388 1188 1434 patent
1219 1394 1393 1432 semper
1423 1381 1558 1427 fores,
1583 1379 1713 1417 etiam

84 1460 196 1497 inter
229 1458 511 1510 negotiorum
542 1458 715 1496 fluctus.
741 1457 822 1494 Die
845 1457 950 1494 item
982 1454 1220 1503 beatissimj
1240 1453 1435 1506 Joannis,
1468 1458 1515 1490 vt
1544 1452 1715 1503 patroni

83 1529 221 1568 nostri
243 1534 255 1553 ⁴
276 1528 586 1580 genethliacon
617 1529 957 1574 celebraremus,
982 1527 1096 1565 actio
1120 1525 1333 1576 quaedam
1356 1536 1435 1575 per
1458 1523 1716 1562 adolescen-

84 1606 153 1639 tes
174 1601 390 1652 ingenuos
410 1600 697 1652 pronunciata
718 1605 799 1638 est.

139 1681 175 1721 5.
236 1671 320 1720 Qui
343 1671 600 1710 dialecticae
632 1670 882 1718 studebant,
918 1681 1097 1708 emenso
1120 1669 1203 1706 iam
1225 1668 1354 1705 trium
1378 1679 1588 1704 annorum
1623 1678 1717 1703 cur-

86 1756 149 1790 su,
174 1741 485 1781 honestissimo
508 1743 647 1781 labori
668 1742 688 1767 ‘1
708 1743 901 1780 lauream
937 1741 1129 1778 debitam
1161 1739 1309 1789 adepti
1350 1743 1462 1776 sunt.
1488 1738 1559 1785 Hi,
1585 1742 1630 1775 vt
1661 1736 1715 1774 de

84 1819 268 1865 accepto
290 1814 507 1853 beneficio
530 1814 625 1852 Deo
658 1814 820 1864 gratias
841 1818 1040 1864 agerent,
1065 1824 1115 1849 ac
1137 1823 1235 1849 sese
1258 1810 1531 1860 Theologiae
1564 1821 1714 1847 sacrae

84 1886 381 1937 accingerent,
405 1898 517 1937 quae
547 1897 662 1924 nunc
690 1885 869 1923 scholae
891 1884 1014 1922 istius
1048 1887 1226 1921 nostrae
1248 1882 1395 1920 limina
1415 1880 1608 1919 inuisura
1631 1886 1712 1926 est,

85 1958 267 1996 solenne
298 1963 344 1996 vt
373 1958 500 1996 fieret
530 1969 700 1996 sacrum
732 1956 1070 1995 constituerunt.
1105 1954 1266 1992 Habita
1297 1958 1363 1990 est
1396 1953 1543 1991 contio
1576 1964 1600 1990 a
1621 1952 1714 1989 viro

85 2028 272 2079 quodam
306 2029 398 2080 pari
435 2034 478 2067 et
510 2029 627 2067 vitae
657 2028 878 2079 probitate
911 2032 955 2065 et
978 2025 1191 2071 doctrina,
1216 2036 1345 2075 quem
1376 2023 1632 2074 propediem
1664 2022 1717 2060 ad

85 2112 164 2138 nos
200 2100 534 2138 convolaturum
571 2111 809 2150 speramuS.
848 2097 979 2137 Dedit
1017 2097 1130 2135 enim
1161 2095 1303 2134 adhuc
1338 2095 1577 2134 voluntatis
1613 2105 1716 2132 suae

85 2183 172 2208 non
193 2182 330 2221 pauca
350 2183 434 2209 nec
456 2171 641 2210 obscura
662 2169 941 2209 documenta.

137 2241 175 2280 6.
235 2241 299 2279 Ex
322 2241 590 2280 auditoribus
610 2241 813 2292 permulti
837 2246 934 2279 sunt
955 2241 1026 2291 qui
1054 2252 1141 2278 non
1163 2238 1246 2277 alio
1270 2236 1513 2275 studiorum
1535 2249 1713 2275 suorum

85 2312 278 2350 rationes
299 2311 504 2362 dirigunt,
528 2326 655 2364 quam
678 2318 724 2351 vt
746 2326 794 2351 se
815 2311 1031 2351 Societati
1052 2314 1262 2356 voueant;
1285 2309 1432 2359 idque,
1456 2308 1717 2359 posthabitis

86 2383 217 2421 rebus
239 2383 453 2430 omnibuS,
478 2383 689 2422 fecissent
709 2384 808 2431 iarn,
845 2383 927 2421 nisi
947 2382 1124 2429 nostris,
1162 2387 1208 2419 vt
1232 2381 1430 2418 instituta
1451 2379 1594 2417 studia
1624 2391 1718 2429 per-

133 2552 153 2571 a
193 2552 284 2588 sint.
325 2552 391 2577 —b
415 2551 566 2588 Praec.
583 2562 622 2588 v.
639 2550 822 2587 obscure
842 2552 1090 2587 exaratum.
1137 2547 1397 2594 -cjosephi.
1446 2546 1720 2583 —‹1Emend.

89 2621 138 2648 ex
157 2610 428 2647 honestissimi
448 2610 612 2649 laboris.

140 2792 148 2810 ¹
203 2788 266 2826 Cf.
283 2788 422 2836 JoAN.,
446 2787 558 2824 VIII.

136 2849 149 2868 ²
201 2848 263 2886 Cf.
285 2846 414 2890 GEN„
434 2846 638 2885 XXXIX.

136 2909 149 2928 ³
199 2908 380 2945 Didacus
399 2907 447 2943 de
467 2906 604 2944 Alava
623 2911 662 2943 et
681 2905 891 2953 Esquivel,
912 2910 1034 2941 antea
1059 2904 1270 2950 episcopus
1291 2903 1512 2940 abulensis.
1535 2902 1597 2940 Cf.
1618 2903 1719 2939 Lz‘tt.

91 2968 338 3015 Quadrim..
361 2966 414 3006 V.
438 2966 516 3010 157,
537 2971 672 3002 annot.
697 2967 727 3011 l;
750 2966 900 3002 Laim'z·
919 2964 1129 3007 Monnm.,
1153 2963 1227 3005 IV,
1248 2963 1332 3007 255,
1354 2968 1490 2999 annot.
1516 2963 1570 2998 11.

137 3028 151 3047 ⁴
196 3027 375 3073 J‘oannes
394 3026 442 3062 de
470 3025 670 3069 Cordoba,
699 3025 897 3062 ecelesiae
925 3023 1185 3060 cordubensis
1213 3023 1402 3066 decanus,
1437 3023 1601 3067 collegii
1637 3022 1719 3058 [uu-

93 3089 219 3124 dator.
