2038 3400
334 401 382 439 92
763 404 768 407 ⁴
801 402 1018 440 LITTERAE
1047 403 1404 448 QUAomMEsrREs

291 504 502 554 pietatem
524 506 779 556 pertrahere
801 518 1047 556 possemus,
1087 511 1129 543 et
1165 505 1290 543 nobis
1312 504 1364 542 ad
1397 518 1443 543 se
1479 504 1721 544 accedendi
1751 503 1924 554 quoties

293 573 358 613 ita
395 588 502 625 opus
538 574 606 619 sit,
646 576 714 613 vel
753 577 883 614 etiam
919 575 1107 623 libuerit,
1141 575 1403 614 liberrimam
1438 581 1705 626 potestatem
1740 573 1921 612 faciens.

294 646 543 696 Quinetiam
573 648 769 698 promisit
801 661 1019 698 nunquam
1057 661 1103 685 se
1138 649 1205 685 vel
1238 647 1458 685 minimum
1491 659 1641 685 eorum
1678 647 1924 684 immutatu-

291 731 400 765 rum,
425 730 536 768 quae
559 732 583 756 a
604 732 682 757 suo
707 719 850 757 forent
886 725 1008 769 patre
1032 720 1283 757 constituta.
1319 720 1465 757 Taceo
1502 719 1619 770 quod
1654 717 1708 756 ad
1744 718 1795 756 R.
1833 718 1882 756 P.
1906 725 1925 744 a

292 787 654 839 supplicationem
679 803 889 827 summam
911 789 1125 839 quandam
1147 790 1440 841 pecuniariam
1477 789 1556 827 sibi
1586 803 1609 826 a
1640 789 1828 838 quodam
1851 788 1924 826 mi-

290 861 526 899 nistrorum
548 860 741 899 debitam
764 862 1004 899 liberaliter
1028 867 1071 899 et
1092 861 1218 900 facile
1236 862 1255 886 b
1278 862 1508 899 remiserit.
1537 863 1775 899 Praetereo
1794 861 1924 899 etiarn

290 937 452 982 quanta
472 931 713 970 deuotione
738 934 784 970 P.
810 934 862 971 N.
889 933 943 970 de
966 933 1082 971 auita
1103 946 1411 983 germanorum
1434 933 1648 983 religione
1682 938 1725 970 et
1760 932 1925 982 pietate

291 1002 435 1054 deque
458 1004 731 1042 subditorum
756 1017 860 1055 erga
881 1005 1101 1055 praelatos
1125 1004 1377 1042 obedientia
1398 1004 1689 1042 disserentem
1721 1004 1922 1051 audierit,

292 1080 336 1113 et
357 1075 533 1126 quidem
556 1075 775 1114 affirmare
800 1077 1155 1126 epropemodum
1174 1075 1289 1113 Κέω-ς
1305 1077 1349 1113 P.
1376 1076 1568 1114 audebat.
1587 1087 1633 1112 se
1656 1076 1924 1125 lachryman-

289 1152 379 1185 tem
397 1146 527 1197 pr‘nm
549 1159 716 1197 regem,
736 1146 837 1185 dum
860 1148 970 1185 haec
992 1146 1175 1193 diceret,
1198 1147 1373 1185 vidisse.

348 1219 409 1256 18.
477 1219 673 1269 Reginae
715 1219 972 1263 Bohemiae,
1009 1219 1217 1258 sereniss.
1260 1218 1387 1270 regis
1422 1219 1700 1258 Maximiliani
1734 1219 1925 1270 piissima

292 1291 481 1329 coniunx
507 1292 531 1338 ¹,
556 1296 651 1329 tota
674 1296 716 1328 et
738 1291 831 1342 ipsa
853 1297 1003 1330 nostra
1026 1296 1107 1339 est,
1134 1292 1255 1330 cuius
1277 1292 1318 1329 in
1340 1305 1420 1329 nos
1441 1297 1527 1330 tam
1552 1292 1708 1332 crebra
1731 1296 1830 1329 sunt
1851 1291 1925 1329 be-

291 1361 462 1409 neficia,
487 1367 533 1400 vt
556 1362 744 1401 assidua
766 1362 786 1387 d
806 1375 920 1413 pene
942 1363 1187 1402 videantur.
1207 1364 1317 1402 Cum
1335 1369 1481 1402 autem
1498 1365 1591 1416 ipsa
1613 1362 1925 1402 cristianissimi

291 1434 424 1483 patris
451 1434 599 1473 Caroli
632 1435 840 1483 exequias
871 1434 993 1486 regia
1023 1435 1347 1486 magnificentia
1370 1441 1413 1474 et
1436 1449 1603 1475 summa
1631 1449 1727 1474 cum
1758 1435 1923 1485 pietate

292 1505 519 1543 celebrare
540 1506 670 1556 paulo
693 1510 794 1543 ante
818 1505 1012 1544 natalitia
1032 1506 1146 1544 festa
1167 1506 1442 1549 instituisset,
1466 1507 1678 1545 instanter
1699 1519 1776 1557 per
1799 1505 1924 1544 Rdiss

289 1577 669 1628 archiepiscopum
702 1577 1042 1628 strigoniensem
1073 1580 1085 1598 ²
1117 1591 1140 1616 a
1169 1579 1296 1617 nobis
1316 1578 1457 1629 petiit,
1477 1585 1524 1617 vt
1545 1579 1672 1617 funus
1695 1584 1923 1629 paternum

292 1648 490 1687 oratione
522 1649 696 1688 funebri
726 1654 979 1687 nostrorum
1014 1649 1166 1700 aliquis
1198 1651 1527 1689 cohonestaret.
1552 1652 1645 1689 Nos
1676 1663 1783 1689 vero
1806 1650 1923 1701 quic·

289 1720 391 1770 quid
419 1731 465 1759 10
486 1720 657 1758 dierum
679 1719 827 1771 spacio
851 1722 954 1771 (quo
980 1726 1024 1758 et
1055 1721 1362 1771 componenda
1384 1727 1426 1759 et
1458 1722 1698 1760 memoriae
1720 1721 1924 1760 mandan-

291 1792 346 1830 da
367 1797 460 1830 erat
483 1792 643 1842 oratio)
673 1792 886 1842 praestari
916 1798 1082 1842 posset,
1116 1805 1203 1830 non
1234 1792 1447 1843 grauatim
1468 1793 1762 1844 promisimus.
1787 1792 1924 1831 Affuit

290 1868 436 1901 autem
459 1861 675 1910 dominus,
708 1868 756 1900 vt
788 1875 961 1913 semper
993 1863 1172 1905 assolet,
1206 1876 1383 1902 suorum
1406 1864 1652 1909 conatibus3
1684 1877 1783 1901 nam
1810 1877 1923 1901 sum-

292 1946 359 1972 ma
381 1947 479 1973 cum
510 1932 638 1972 laude
662 1939 705 1971 et
729 1934 963 1971 multorum
985 1933 1272 1972 admiratione
1294 1933 1407 1972 inter
1429 1935 1521 1985 ipsa
1537 1935 1763 1973 missarum
1783 1936 1924 1973 solen-

290 2006 359 2043 nia
380 2005 505 2056 graui
526 2004 650 2043 simul
675 2009 716 2043 et
738 2006 970 2056 perspicua
989 2007 1188 2045 oratione
1212 2005 1358 2046 Caroli
1379 2019 1485 2045 vere
1508 2007 1684 2044 maximi
1706 2006 1857 2044 laudes
1882 2011 1925 2044 et

291 2076 491 2116 encomia
512 2078 565 2115 ab
588 2091 674 2115 vno
693 2082 944 2115 nostrorum
967 2083 1066 2115 sunt
1087 2078 1284 2117 recitata.
1311 2080 1526 2116 Intererat
1553 2079 1655 2116 huic
1675 2078 1926 2117 solennitati

289 2148 381 2200 ipsa
415 2148 621 2187 sereniss
660 2148 828 2199 regina3
864 2148 1015 2186 aderat
1058 2154 1101 2187 et
1137 2150 1262 2188 Rdiss
1297 2149 1602 2200 strigoniensis
1643 2162 1739 2188 cum
1773 2160 1799 2199 4
1833 2148 1925 2187 aliis

293 2220 527 2272 episcopis3
551 2226 823 2259 conuenerat
840 2219 1116 2268 vniuersitas,
1137 2228 1181 2259 et
1198 2220 1450 2259 viennensis
1471 2221 1676 2259 nobilitas
1697 2221 1791 2258 fere
1813 2224 1921 2259 tota.

341 2304 400 2342 19.
448 2292 574 2330 Rfliss
596 2292 819 2330 viennesis
841 2296 853 2314 ⁸
874 2292 1000 2330 nobis
1023 2291 1344 2331 addictissimus
1363 2298 1445 2339 est,
1464 2291 1536 2343 qui
1564 2300 1580 2316 θ’
1604 2296 1809 2342 tanquam
1827 2304 1923 2330 cum

291 2363 388 2403 filiis
420 2364 683 2403 charissimis
712 2377 790 2402 sua
819 2364 1047 2402 nobiscum
1076 2369 1264 2402 tractare
1296 2365 1410 2402 solet
1440 2362 1633 2414 negotia.
1664 2362 1807 2401 Vtitur
1837 2374 1925 2401 non

291 2449 388 2474 raro
413 2448 547 2487 opera
568 2440 718 2474 nostra
740 2436 781 2473 in
809 2436 941 2473 rebus
962 2435 1094 2473 fidem
1116 2436 1374 2486 praesertim
1398 2440 1441 2472 et
1463 2435 1721 2485 religionem
1746 2447 1924 2473 concer-

291 2507 509 2545 nentibus,
545 2508 742 2556 Cumque
764 2507 806 2544 in
839 2506 1150 2544 viennensibus
1180 2505 1381 2544 nundinis
1402 2505 1610 2556 proximis
1642 2505 1925 2544 sceleratissi-

291 2592 387 2617 mae
410 2578 625 2630 quaedam
657 2584 700 2616 et
735 2591 864 2628 supra
894 2577 1072 2616 modum
1108 2577 1148 2615 in
1181 2577 1341 2616 Christi
1375 2577 1607 2627 pontifices
1642 2578 1923 2628 blasphemae

291 2651 506 2701 imagines
527 2651 612 2688 huc
633 2649 817 2688 fuissent
849 2649 1080 2695 aduectae,
1106 2654 1149 2686 et
1171 2648 1297 2686 huius
1318 2649 1381 2686 rei
1402 2649 1543 2699 gratia
1564 2662 1588 2687 a
1609 2650 1729 2687 celso
1753 2648 1924 2700 regimi-

292 2735 347 2760 ne
372 2728 415 2760 et
437 2722 638 2772 episcopo
662 2721 810 2759 RJHSSO
833 2722 842 2745 f
875 2720 1095 2771 inquisitio
1113 2720 1314 2758 facienda
1334 2733 1411 2771 per
1434 2721 1624 2771 singulas
1648 2720 1843 2759 officinas
1864 2721 1925 2759 iu-

342 2867 360 2884 a
383 2859 564 2896 eiusdem
583 2858 730 2895 Patris.
785 2860 837 2882 -Μ
861 2858 953 2904 Seq.
971 2857 1053 2894 del.
1076 2857 1215 2893 condo.
1260 2865 1321 2882 —0
1351 2856 1578 2894 affirmabat
1597 2857 1715 2894 idem.
1754 2859 1819 2883 ——d
1834 2871 1927 2895 con-

294 2918 419 2955 tinua.
477 2926 542 2943 —e
586 2918 653 2964 qui
675 2923 811 2964 supra
832 2928 958 2961 vers„
980 2916 1117 2954 deleto
1136 2916 1259 2953 immo
1278 2917 1342 2961 (Ρ).
1399 2917 1455 2942 —1
1485 2917 1684 2964 episcopo.

660 3011 693 3036 x

341 3083 347 3101 ¹
403 3080 536 3118 Maria
558 3080 792 3118 Austriaca.

337 3141 350 3161 ²
404 3139 598 3177 Nicolaus
618 3140 789 3177 Olahus.

337 3201 349 3221 ³
404 3199 512 3238 Vide
533 3213 625 3248 pag.
645 3200 704 3244 84,
726 3205 863 3237 annot.
883 3198 916 3236 2.
