2038 3400
323 215 391 254 204
797 219 1017 256 LITTERAE
1045 220 1401 265 QUADRIMESTRES

330 331 367 358 2.
427 321 689 371 Incipiemus
719 322 818 369 iam,
854 324 949 360 Deo
981 323 1233 369 auxiliante,
1268 323 1506 360 obseruare
1538 327 1744 372 quantum
1774 323 1905 360 liceat

276 392 400 443 leges
422 393 675 441 Societatis,
707 393 753 432 id
779 396 842 433 est
873 396 1094 444 qnantum
1117 396 1176 432 ad
1198 393 1495 445 refectoria-m
1518 407 1570 433 ac
1591 393 1817 443 reliquam
1842 392 1905 430 zti-

277 466 347 503 tae
368 477 599 510 normam;
621 478 719 503 nam
740 466 953 503 hactenus
980 466 1178 516 hospites
1205 465 1377 503 fuimus.
1401 465 1490 503 Sed
1511 478 1598 503 non
1621 468 1687 503 est
1710 470 1903 503 contem·

275 536 466 574 nendum
488 537 606 588 quod
629 550 684 575 eo
708 543 907 588 ternpore
931 538 971 575 in
994 538 1134 575 salute
1169 537 1392 576 hominum
1426 550 1504 588 per
1527 539 1572 576 P.
1596 537 1757 575 Lucam
1781 541 1789 559 ¹
1813 537 1903 587 (qui

276 608 394 645 solus
417 612 521 646 tunc
540 609 751 659 temporis
784 609 1109 646 concionatoris
1140 622 1294 646 munus
1331 608 1497 658 obibat)
1518 609 1560 646 in
1583 608 1743 658 oppido
1766 608 1902 646 Zviko

277 684 483 728 operatus
515 684 581 716 est
615 679 1012 717 misericordiarum
1044 680 1189 717 Pater.
1227 680 1338 717 Nam
1374 679 1486 717 ultra
1519 689 1568 718 22
1603 692 1815 730 personas
1849 679 1902 717 ad

276 749 406 788 fidem
443 751 703 789 catholicam
740 749 941 799 rediisse,
978 754 1210 801 postquam
1249 750 1306 788 ibi
1347 750 1634 789 concionatus
1670 756 1751 797 est,
1789 749 1904 788 idem

277 823 320 859 Ρ.
343 822 506 860 retulit.
531 822 618 859 Iam
641 835 748 860 uero
776 827 1008 873 postquam
1040 822 1176 861 maius
1207 820 1366 860 ostium
1398 828 1595 873 apertum
1618 825 1699 869 est,
1724 821 1906 872 disposi-

275 894 328 931 tis
351 894 482 931 rebus
504 906 601 931 cum
622 894 769 944 priore
791 900 818 941 2,
842 894 965 944 plura
985 894 1081 931 Deo
1113 893 1246 932 dante
1277 906 1502 944 speramus
1523 893 1564 931 in
1585 893 1793 932 futurum.
1818 894 1904 931 Iam

276 966 389 1003 enim
411 965 611 1004 diabolus
632 965 776 1004 uictus
799 971 866 1004 est
887 966 928 1004 in
958 965 1262 1013 Hermesdorf,
1287 970 1331 1004 et
1354 965 1523 1004 eiectus
1544 965 1746 1016 antiquus
1767 965 1906 1003 luthe-

275 1050 403 1075 ranus
425 1045 458 1085 a,
483 1038 556 1076 ubi
577 1051 692 1076 nunc
724 1038 1010 1076 concionatur
1033 1039 1079 1076 P.
1104 1038 1258 1077 Lucas.
1283 1038 1337 1076 Et
1359 1050 1584 1089 speramus
1613 1037 1819 1088 paulatim
1840 1049 1905 1075 re-

274 1108 442 1148 dituros
473 1109 527 1148 ad
557 1109 601 1148 S.
635 1115 821 1148 matrem
843 1110 1079 1161 antiquam.
1103 1110 1329 1148 Florianus
1351 1122 1459 1148 uero
1481 1110 1565 1148 iam
1586 1109 1652 1147 bis
1674 1109 1715 1147 in
1736 1121 1905 1147 monas-

274 1178 386 1218 terio
417 1185 484 1218 est
516 1181 819 1228 concionatus,
854 1185 898 1218 et
928 1179 1061 1219 hodie
1093 1193 1189 1219 eum
1221 1193 1378 1232 magno
1410 1180 1644 1228 auditorio,
1682 1186 1729 1218 ut
1758 1180 1801 1218 in
1822 1179 1908 1217 hoc

273 1251 390 1299 loco,
415 1264 500 1302 quo
525 1251 580 1290 de
602 1252 785 1290 remotis
815 1251 1081 1303 aliquantum
1112 1250 1224 1290 villis
1258 1251 1490 1291 accedunt.
1516 1253 1635 1302 Pago
1657 1251 1810 1298 Zuiko‚
1835 1250 1907 1300 qui

275 1322 518 1361 catholicus
541 1327 623 1371 est,
642 1323 662 1348 b
685 1328 729 1361 et
750 1323 962 1361 Dominus
993 1322 1089 1362 eius
1108 1325 1121 1344 ³
1143 1323 1284 1361 bonus
1321 1327 1401 1370 θεῖ,
1428 1328 1472 1361 θῖ
1493 1335 1518 1361 a
1538 1323 1692 1373 quibus
1714 1334 1906 1360 amamur

275 1400 319 1432 et
341 1394 658 1443 desideramur,
683 1395 755 1445 qui
778 1394 982 1433 desertus
1010 1400 1092 1442 est,
1125 1393 1187 1434 sic
1216 1394 1348 1433 modo
1379 1394 1683 1446 prospicimus,
1707 1398 1753 1432 ut
1775 1394 1822 1432 P.
1847 1393 1903 1432 M.

273 1466 506 1505 Cornelius
526 1465 540 1485 ⁴
561 1467 603 1505 in
633 1467 758 1505 festis
788 1479 915 1505 mane
945 1466 1076 1505 faciat
1111 1478 1298 1514 sacrum;
1329 1465 1560 1517 aliquando
1583 1479 1607 1504 a
1626 1465 1806 1517 prandio
1828 1465 1907 1503 ibit

273 1536 374 1577 hinc
394 1537 622 1576 Florianus
643 1537 870 1577 habiturus
893 1538 1169 1586 concionem,
1188 1537 1307 1590 quod
1323 1551 1477 1576 munus
1499 1537 1633 1576 hodie
1654 1537 1904 1575 inchoatum

275 1614 357 1647 θεῖ.
383 1608 508 1646 Adsit
530 1609 668 1647 virtus
689 1609 875 1660 Spiritus
898 1608 1060 1648 Sancti.
1092 1609 1156 1648 Ita
1187 1609 1455 1661 seiungimur
1476 1609 1518 1647 in
1539 1608 1677 1647 festis.
1703 1609 1797 1660 Ego
1820 1621 1905 1646 ma·

273 1693 358 1719 neo
389 1681 432 1719 in
462 1681 747 1729 monasterio,
781 1682 828 1719 P.
853 1681 994 1719 Lucas
1028 1681 1083 1719 ad
1119 1681 1351 1729 orientem,
1375 1681 1422 1719 P.
1446 1680 1678 1719 Cornelius
1708 1677 1761 1718 ad
1793 1680 1906 1718 occi-

273 1752 468 1800 dentem,
502 1752 588 1791 duo
621 1752 780 1791 desunt
810 1753 883 1802 qui
912 1753 954 1791 in
986 1758 1218 1804 utrumque
1248 1752 1464 1791 verticem
1484 1756 1787 1803 properarent.
1812 1751 1905 1789 Hos

276 1823 487 1863 Dominus
507 1824 656 1862 forsan
687 1837 766 1863 suo
797 1828 1000 1876 tempore
1032 1823 1166 1863 dabit.
1191 1823 1338 1863 Credo
1361 1830 1509 1862 tamen
1529 1836 1617 1862 non
1637 1835 1817 1874 paruum
1839 1835 1905 1860 ru-

274 1909 442 1935 morem
466 1896 771 1944 excitabimus,
803 1901 848 1935 et
877 1909 1007 1947 spero
1030 1895 1397 1934 aedificationem.
1420 1894 1593 1945 quando
1616 1893 1776 1932 uiderit
1797 1894 1907 1932 haec

273 1981 383 2019 gens
404 1981 492 2006 non
514 1975 530 1993 0
553 1969 612 2006 ad
633 1966 869 2006 libidinem
900 1967 971 2006 his
999 1966 1127 2006 bonis
1160 1965 1243 2014 uti,
1272 1968 1322 2005 ut
1344 1965 1518 2018 forsan
1541 1964 1689 2016 aliqui
1707 1964 1905 2015 suspica-

275 2040 458 2087 bantur,
482 2041 558 2078 sed
579 2039 695 2077 serio
718 2039 855 2077 labori
879 2051 930 2078 ac
947 2038 1191 2077 commodis
1211 2038 1506 2089 spiritualibus
1526 2038 1824 2088 proximorum
1846 2036 1906 2074 in-

274 2116 404 2149 stare.
432 2110 563 2161 Quod
586 2110 799 2149 Dominus
828 2110 955 2148 nobis
986 2108 1203 2148 concedat
1232 2121 1309 2160 per
1336 2121 1494 2160 preces
1517 2110 1564 2147 R.
1589 2110 1636 2147 P.
1660 2108 1710 2147 T.
1735 2108 1803 2146 cui
1825 2120 1905 2145 nos

274 2195 427 2221 omnes
460 2181 700 2220 humillime
736 2180 1109 2228 commendamus,
1135 2193 1232 2219 cum
1263 2180 1439 2231 reliquis
1475 2179 1591 2218 Rdis.
1626 2179 1826 2217 Patribus
1854 2190 1906 2216 ac

272 2254 478 2292 fratribus
498 2252 541 2291 in
562 2253 680 2292 Chro
704 2251 984 2291 charissimis,
1008 2253 1056 2290 In
1078 2251 1222 2302 Oybin
1248 2262 1295 2301 14
1316 2250 1414 2289 Maii
1441 2259 1555 2300 1559.

353 2325 562 2377 Indignus
583 2325 695 2363 filius
718 2326 765 2363 R.
790 2325 841 2363 V.
866 2325 909 2363 in
931 2326 1044 2363 Dno.

1399 2377 1631 2415 HURTADus
1661 2380 1689 2414 ⁵.

321 2507 339 2524 a
384 2499 434 2536 ab
454 2511 501 2535 eo
521 2499 621 2535 loco.
673 2499 740 2523 -b
761 2497 887 2535 euius.
938 2505 1003 2523 -0
1023 2510 1113 2534 nos.

322 2635 329 2653 ¹
383 2632 427 2668 P.
446 2631 582 2668 Lucas
603 2628 780 2665 Molitor.
803 2627 866 2665 Cf.
886 2627 990 2665 Litt.
1010 2627 1262 2675 Quadrim.,
1284 2627 1338 2671 V,
1358 2627 1429 2664 755
1446 2640 1529 2673 sqq.

320 2693 334 2712 ²
387 2688 679 2727 Monasterium
697 2688 918 2735 oybinense
938 2687 1071 2724 fuerat
1089 2687 1379 2724 monachorum
1394 2686 1719 2724 coelestinorum.
1743 2687 1906 2724 Baltha-

272 2764 339 2790 sar
357 2748 614 2791 Gottschalk,
635 2748 757 2795 prior,
778 2748 888 2784 solus
907 2743 1161 2784 remanserat
1181 2751 1220 2783 et
1239 2759 1329 2783 cum
1349 2747 1495 2783 nostris
1514 2746 1734 2784 habitabat.
1761 2746 1902 2784 Mense

269 2809 463 2859 Januario
482 2809 600 2856 hujus
619 2808 713 2844 anni
732 2807 773 2844 in
792 2807 980 2854 oppidum
999 2806 1216 2843 Zittaviam
1237 2806 1441 2853 migravit.
1460 2806 1523 2844 Cf.
1544 2807 1902 2850 BRAUNSBERGER‚

274 2872 324 2910 P.
350 2868 514 2908 Canisii
531 2867 685 2913 Epist„
706 2866 756 2911 II,
776 2866 883 2903 3742.

320 2932 333 2952 ⁸
386 2929 492 2965 Vide
519 2927 614 2964 Litt.
637 2926 889 2973 Quadrim„
911 2925 965 2969 V.
987 2926 1012 2962 1.
1035 2938 1069 2962 c.

319 2991 334 3011 ⁴
384 2989 427 3027 P.
449 2986 668 3025 Cornelius
686 2986 979 3032 Brogelmann.

321 3052 334 3071 ⁵
384 3047 494 3086 Vide
514 3046 618 3084 Litt.
639 3045 890 3093 Quadrim„
912 3045 966 3091 V,
990 3046 1168 3083 170-171.
