2038 3400
362 383 410 422 88
834 385 1057 422 LITTERAE
1084 385 1443 431 QUADmMEs‘rREs

314 485 365 524 ni
382 485 549 537 graeci
569 488 668 533 etc.;
691 499 878 536 sequens
899 499 1021 533 vero,
1057 485 1291 526 Ciceronis
1312 489 1363 527 de
1383 489 1604 527 senectute
1634 487 1852 537 libellum,
1885 489 1958 528 L'ia

314 556 451 596 nacri
482 557 868 609 grammaticam,
894 560 991 608 cap.
1027 559 1077 597 de
1113 557 1451 597 conscribendis
1485 557 1702 609 epistolas·
1733 558 1782 597 in
1822 560 1957 599 tertia

312 628 519 677 syntaxis
537 642 639 668 cum
656 628 858 680 epistolis
883 629 1131 677 Ciceronis,
1152 633 1191 669 et
1207 630 1272 668 «ita
1298 629 1514 681 deinceps.
1541 631 1594 669 In
1613 631 1786 679 infima
1809 634 1959 671 atatem

314 701 471 748 classe,
496 700 658 740 literas
679 701 943 740 combinctre
961 703 1181 741 docentur
1202 704 1242 741 ez}
1258 702 1465 754 pingere.
1492 703 1667 741 Habent
1685 703 1959 752 quotidianas

313 772 604 823 repetitiones
636 772 800 811 classes
833 773 1049 823 singulae3
1082 772 1304 811 rhetorica
1326 786 1434 811 vero
1458 774 1589 812 etiam
1622 774 1956 824 disputationes.

314 843 535 881 Exhibent
570 843 624 882 ad
660 845 772 882 haec
812 845 874 882 8.Ο
911 857 1086 895 quoque
1125 843 1194 882 die
1232 857 1347 893 suas,
1380 846 1452 895 qui
1482 846 1648 896 primae
1681 846 1831 885 classis
1862 853 1960 886 sunt

315 919 358 953 et
389 922 474 953 2²0
509 923 526 940 a
557 916 921 966 compositiones.
957 916 1127 966 Reliqui
1155 928 1264 954 vero
1296 916 1551 955 inferiorum
1584 917 1786 955 classium
1815 922 1884 956 ter
1918 919 1960 957 in

312 986 593 1025 hebdomada
613 986 655 1024 in
679 986 968 1025 conficiendis
993 993 1260 1025 exercentur
1285 988 1512 1038 epistoliis.
1538 989 1767 1027 Habentur
1790 995 1834 1028 et
1855 991 1959 1029 heb-

314 1058 514 1097 domadis
550 1058 735 1110 singulis
767 1059 1114 1097 declamationes
1155 1072 1302 1098 coram
1342 1065 1438 1098 toto
1481 1060 1778 1100 studiosorum
1810 1067 1958 1109 coetu,

312 1144 397 1182 qua
420 1144 473 1169 ex
497 1144 544 1169 re
566 1144 654 1169 non
675 1131 757 1182 ipsi
780 1135 949 1169 tantum
970 1136 1170 1169 oratores
1192 1130 1441 1179 vtssitatem,
1467 1132 1546 1170 sed
1570 1139 1614 1170 et
1644 1133 1870 1172 auditores
1900 1134 1960 1173 in-

312 1202 604 1250 stitutionem,
631 1215 784 1241 omnes
808 1215 916 1240 vero
939 1215 1027 1240 non
1050 1202 1267 1240 modicam
1291 1203 1465 1253 capiunt
1486 1204 1761 1255 voluptatem
1784 1207 1809 1243 ¹.

363 1284 403 1323 9.
465 1272 786 1312 Praeterieram
816 1273 910 1311 fere
942 1273 1061 1324 quod
1096 1273 1167 1311 vel
1197 1273 1240 1311 in
1275 1274 1421 1324 primis
1443 1275 1514 1313 hic
1544 1274 1709 1314 dictum
1741 1277 1950 1327 oportuit,

311 1359 396 1396 qua
418 1346 588 1385 scilicet
611 1345 874 1384 celebritate
897 1345 990 1396 ipsa
1012 1345 1258 1383 studiorum
1280 1347 1512 1385 renouatio
1549 1346 1670 1385 initio
1693 1348 1961 1388 Nouembris

313 1423 473 1469 coepta
504 1418 573 1466 sit,
598 1431 684 1468 quo
719 1417 880 1465 studio,
905 1430 991 1468 quo
1015 1423 1239 1469 apparatu,
1264 1424 1426 1468 quanto
1451 1419 1626 1458 demum
1658 1421 1881 1471 applausu
1913 1421 1960 1460 In

311 1489 459 1540 primis
495 1489 785 1529 confecerant
821 1488 962 1528 nostri
998 1489 1308 1528 conclusiones
1348 1489 1528 1541 aliquot,
1566 1491 1723 1542 partim
1759 1505 1958 1543 graecas,

311 1562 467 1612 partim
489 1562 751 1609 rhetoricas,
785 1561 942 1612 partim
973 1561 1105 1599 etiam
1135 1561 1459 1613 grammaticas,
1485 1575 1664 1613 easque,
1688 1569 1735 1601 vt
1766 1563 1960 1615 pluribus

313 1638 462 1672 essent
495 1646 768 1682 communes,
805 1632 1090 1672 excudendas
1112 1633 1296 1684 primum
1321 1639 1364 1671 et
1394 1634 1568 1684 publice
1591 1634 1752 1673 deinde
1780 1636 1961 1687 affigen-

312 1704 389 1744 das
421 1711 642 1744 curarunt.
667 1705 751 1744 Vbi
782 1711 930 1744 autern
963 1704 1058 1743 dies
1090 1704 1497 1744 concertationibus
1520 1707 1795 1746 scholasticis
1826 1709 1960 1760 assig-

311 1783 439 1815 natus
470 1776 594 1815 affuit
615 1778 650 1825 b,
678 1789 832 1816 omnes
863 1776 918 1815 ad
949 1777 1161 1827 templum
1193 1781 1393 1816 nostrum
1414 1778 1515 1816 huic
1545 1779 1728 1830 negotio
1750 1792 1960 1830 perquam

311 1849 648 1887 accommodum
672 1861 944 1896 conuenere,
966 1849 1114 1900 ibique
1138 1849 1331 1887 carmine
1350 1855 1394 1887 et
1417 1850 1618 1889 oratione
1640 1852 1894 1901 praemissa,
1918 1852 1959 1891 in

311 1921 669 1973 frequentissimo
711 1922 937 1960 hominum
978 1927 1203 1960 conuentu
1243 1921 1565 1973 disputationes
1607 1928 1794 1975 coeptae
1836 1928 1957 1972 sunt,

311 1992 625 2032 admirantibus
648 1994 795 2032 multis
812 1993 1023 2039 indolem,
1049 1992 1332 2032 acrimoniam
1363 1999 1407 2031 et
1437 1993 1701 2033 modestiam
1729 2008 1959 2047 argumen-

310 2065 493 2103 tantium
517 2064 952 2104 adolescentulorum
985 2065 1270 2116 singularem.
1291 2065 1512 2103 Durarunt
1541 2071 1690 2105 autem
1711 2067 1794 2105 hae
1816 2067 1960 2118 dispu-

310 2136 504 2175 tationes
536 2146 556 2185 5
597 2135 769 2183 diebus,
805 2142 849 2174 et
886 2136 1065 2187 vesperi
1105 2135 1281 2186 quidem
1317 2140 1364 2175 vt
1399 2136 1652 2187 plurimum,
1691 2151 1817 2177 mane
1849 2151 1957 2177 vero

311 2208 496 2247 subinde
519 2208 809 2259 disputarunt.
833 2207 1108 2247 Praemissae
1127 2212 1275 2246 autern
1297 2208 1475 2246 fuerunt
1493 2209 1676 2260 singulis
1698 2209 1958 2261 disputatio-

312 2279 438 2318 nibus
461 2279 687 2318 orationes
709 2279 924 2332 singulae,
945 2292 1057 2330 quae
1080 2292 1237 2331 magna
1259 2293 1357 2319 cum
1375 2280 1504 2318 laude
1527 2293 1551 2318 a
1580 2281 1741 2319 nostris
1777 2282 1957 2320 scholae

312 2351 521 2390 studiosis
542 2352 667 2390 fuere
690 2352 920 2391 recitatae.
942 2351 1225 2403 Comparauit
1246 2352 1357 2390 haec
1374 2364 1446 2390 res
1462 2365 1549 2392 non
1570 2352 1775 2404 exiguam
1796 2354 1958 2392 nostris

313 2423 476 2461 scholis
498 2424 831 2472 authoritatem,
855 2424 1117 2475 praesertim
1139 2423 1256 2475 quod
1284 2436 1309 2462 a
1328 2422 1542 2475 primariis
1564 2425 1691 2463 huius
1712 2425 1832 2463 vrbis
1853 2425 1957 2464 viris

311 2499 436 2533 actus
457 2494 528 2533 hic
560 2496 949 2534 cohonestaretur.
984 2496 1203 2534 Intererat
1236 2496 1351 2534 enim
1383 2496 1509 2534 R.di⁵S
1527 2496 1742 2547 agriensis
1772 2501 1800 2544 ²,
1832 2498 1957 2536 R.diSS

312 2566 365 2604 D.
400 2566 686 2614 Chromerus,
723 2568 842 2619 regis
875 2568 1086 2607 Poloniae
1119 2568 1306 2618 legatus,
1339 2572 1487 2606 rector
1517 2567 1817 2607 vuiuersitatis
1839 2573 1852 2592 ³
1874 2583 1958 2608 vna

314 2650 412 2675 cum
436 2638 848 2688 superintendente,
873 2638 1031 2689 aliique
1067 2638 1240 2676 nobiles
1264 2642 1307 2676 et
1330 2638 1451 2677 docti
1471 2639 1553 2678 viri
1575 2640 1793 2690 permulti.
1819 2641 1957 2679 Totus

366 2800 385 2818 a
426 2800 465 2829 et
485 2793 574 2830 2³2
594 2798 731 2841 supm
752 2804 860 2831 vers
916 2795 982 2819 —b
1023 2792 1210 2830 Emeud.
1233 2803 1282 2829 ex
1300 2792 1421 2829 venit.

363 2939 369 2956 ¹
425 2937 552 2975 Plura
571 2938 621 2975 de
643 2937 868 2975 studiorum
889 2937 1028 2974 ordine
1049 2936 1089 2973 in
1118 2935 1330 2972 viennensi
1357 2936 1533 2983 collegio
1561 2936 1653 2973 vide
1680 2938 1785 2984 apud
1813 2937 1955 2983 DUHR,

313 2997 388 3035 loc.
411 2998 494 3042 cit.‚
516 2998 598 3035 246.

361 3057 374 3077 ²
425 3057 683 3105 Intelligitur
701 3058 798 3095 urbs
817 3057 931 3104 Eget·
949 3055 1124 3101 (ΕΙ-1311),
1154 3057 1193 3093 in
1220 3055 1450 3103 Hungaria.
1481 3057 1677 3103 Quisnam
1709 3062 1804 3095 tunc
1835 3058 1957 3096 fuerit

314 3118 529 3165 episeopus
548 3131 628 3155 non
648 3118 838 3155 convenit
858 3118 964 3154 inter
983 3120 1184 3153 auctores.
1208 3115 1271 3153 Cf.
1293 3114 1417 3153 GAMS
1436 3121 1476 3153 et
1494 3116 1654 3155 EUBEL.

362 3177 375 3197 ³
430 3176 640 3226 Georgius
660 3177 783 3215 Eder.
807 3176 870 3215 Cf.
896 3175 1259 3220 BRAUNSBERGER‚
1275 3175 1329 3213 B.
1348 3175 1402 3213 P.
1422 3176 1593 3214 Cam‘sii
1609 3178 1747 3224 epist..
1775 3176 1826 3223 ΙΙ,
1845 3177 1916 3215 395
1933 3180 1955 3215 ¹.
