2038 3400
350 225 421 262 822
820 226 1042 263 LITTERAE
1069 225 1423 271 QUADmMESTREs

306 328 541 367 ciationem
583 330 810 368 meliorem
846 328 1058 375 adiscant,
1097 332 1164 365 est
1201 340 1255 365 ex
1286 328 1648 379 praeceptoribus
1679 328 1830 378 aliquis
1865 329 1937 379 qui

304 400 506 451 priuatim
528 414 881 451 vnumquemque
906 399 1249 437 declamaturum
1282 399 1436 438 sedulo
1461 403 1658 447 exercet,
1683 405 1727 438 et
1748 413 1936 451 pronun-

304 471 446 510 ciandi
476 478 606 524 atque
638 473 824 511 actionis
855 472 988 522 ipsius
1020 472 1249 510 meliorem
1283 471 1461 509 modum
1492 471 1640 510 docet.
1674 472 1718 510 Si
1749 485 1859 510 vnus
1882 486 1937 511 ex

302 548 481 582 nostrae
504 544 659 583 domus
681 543 863 582 alumnis
883 544 936 581 sit
959 543 1133 594 publice
1155 543 1494 590 declamaturus,
1513 543 1697 593 primum
1720 555 1935 590 curamus,

302 621 350 655 vt
379 617 421 654 in
452 629 603 655 mensa
630 617 746 655 vires
770 629 871 654 suas
895 616 1179 666 experia[tur]
1205 623 1237 663 ἢ,
1264 620 1307 653 et
1329 616 1363 654 si
1384 614 1487 666 quid
1512 615 1715 653 vitiosum
1744 615 1812 662 sit,
1845 628 1939 654 cor·

302 688 482 740 rigatur.
517 690 810 739 Preceptores
847 700 956 726 vero
994 699 1090 725 cum
1128 685 1371 725 studiorum
1410 687 1640 736 praefectu
1670 688 1939 725 conueniunt

303 760 484 811 singulis
515 760 785 811 septimanis,
810 765 858 797 vt
880 758 934 797 de
956 771 1197 809 progressu
1220 759 1290 796 vel
1321 758 1634 809 discipulorum
1669 758 1941 809 negligentia

304 831 458 870 sedulo
481 837 686 870 tractent.
713 831 1005 881 Cathalogum
1026 830 1045 855 b
1069 830 1271 869 classium
1289 831 1555 881 singularum
1572 830 1810 868 lectionum
1826 843 1941 869 nunc

304 904 528 942 mittimus.
554 903 745 954 Singulis
769 902 1024 953 septimanis
1045 902 1202 941 fratres
1237 903 1303 940 bis
1333 907 1434 953 post
1465 914 1649 941 coenam
1680 902 1941 941 concionan-

304 980 389 1023 tur3
412 975 623 1026 germani,
647 974 916 1025 germanice,
948 974 1049 1025 galli
1077 980 1108 1021 0,
1142 974 1290 1012 latine.
1329 974 1427 1012 Hoc
1458 974 1695 1025 negocium
1722 974 1765 1011 in
1794 986 1940 1025 quam-

304 1047 514 1098 plurimos
545 1045 657 1084 adeo
685 1046 908 1084 foeliciter
931 1046 1145 1093 succedit,
1169 1050 1216 1083 vt
1237 1046 1409 1097 possint
1431 1045 1671 1083 existimari
1692 1047 1765 1084 vel
1786 1045 1941 1084 decem

305 1131 443 1157 annos
465 1120 507 1157 in
530 1132 581 1157 ea
602 1120 794 1169 palestra
816 1118 981 1156 versati
1005 1130 1119 1156 esse.

359 1199 396 1239 5.
456 1190 546 1228 Sed
567 1203 802 1241 pergamus
823 1189 877 1228 ad
899 1189 1080 1239 reliqua.
1104 1189 1194 1227 Sub
1225 1189 1386 1227 festum
1417 1190 1710 1228 Pentecostes
1740 1189 1862 1227 venit
1889 1188 1942 1227 ad

305 1274 387 1300 nos
410 1263 456 1300 R.
484 1263 530 1300 P.
557 1261 858 1308 Prouincialis,
883 1258 1133 1298 Euerardus
1151 1260 1463 1307 Mmcurianus,
1487 1260 1571 1298 iam
1591 1259 1760 1311 pridem
1783 1272 1941 1311 expec-

305 1338 436 1381 tatus,
461 1333 720 1385 praesertim
743 1345 842 1371 cum
864 1331 1088 1370 Re.issimus
1112 1336 1119 1355 ¹
1143 1330 1275 1369 tertio
1297 1343 1375 1381 per
1396 1330 1545 1369 literas
1565 1336 1761 1370 nostrum
1782 1330 1942 1369 aduen-

305 1410 396 1444 tum
428 1406 544 1445 serio
582 1405 885 1456 efflagitasset.
926 1403 1145 1443 Postridie
1182 1404 1225 1442 S.
1264 1403 1488 1442 Trinitatis
1523 1403 1753 1442 Treuerim
1788 1416 1943 1442 versus

305 1478 531 1530 profectus
563 1482 632 1516 est
663 1490 761 1515 cum
783 1477 955 1516 duobus
986 1475 1307 1524 sacerdotibus,
1342 1478 1454 1515 Dno.
1474 1476 1641 1526 Joanne
1671 1476 1845 1524 Rhetio,
1878 1489 1942 1515 re-

305 1555 439 1601 gente
461 1554 630 1597 nostro,
657 1554 702 1587 et
723 1549 775 1587 D.
798 1548 1001 1587 Andraea
1016 1547 1389 1599 Valckenburgio3
1408 1546 1639 1586 adiunctus
1662 1552 1755 1585 erat
1778 1547 1840 1585 eis
1858 1552 1943 1585 ter-

306 1621 408 1668 tius,
432 1621 503 1672 qui
526 1620 628 1671 ipsis
659 1621 701 1658 in
732 1620 865 1659 rebus
887 1619 1102 1658 obeundis
1134 1619 1393 1669 obsequium
1415 1623 1660 1670 praestaret
1680 1618 1707 1657 ².
1733 1618 1943 1668 Quamuis

309 1694 360 1731 D.
386 1693 610 1732 Andraeas
632 1697 734 1730 ante
756 1691 1080 1742 profectionem
1102 1691 1297 1742 grauiter
1318 1691 1520 1728 laborans
1543 1689 1597 1728 de
1614 1691 1706 1729 vita
1726 1691 1941 1741 periclita-

307 1770 443 1812 retur,
467 1769 614 1802 tamen
637 1763 845 1814 singulari
866 1762 1057 1814 quodam
1079 1762 1342 1801 clementiae
1364 1762 1525 1800 indicio
1548 1762 1669 1800 Deus
1696 1762 1756 1800 illi
1787 1763 1943 1800 sanita·

306 1841 396 1874 tem
418 1836 626 1873 restituit.
650 1834 954 1873 Intelleximus
977 1846 1079 1872 sane
1111 1834 1230 1884 ipsos
1252 1833 1438 1871 maxima
1460 1845 1559 1871 curn
1580 1832 1894 1871 beneuolentia
1920 1846 1944 1871 a

306 1908 639 1946 treuerensibus
661 1907 680 1931 d
704 1911 919 1957 exceptos
942 1918 1056 1944 esse.
1077 1907 1274 1956 Vterque
1297 1905 1569 1956 gratissimus
1588 1909 1654 1943 est
1672 1906 1848 1956 populo,
1872 1906 1944 1957 qui

308 1977 362 2016 ad
384 1978 612 2029 vtriusque
645 1977 885 2016 conciones
915 1989 1074 2028 magno
1106 1976 1272 2028 impetu
1303 1977 1580 2028 glomeratim
1603 1976 1809 2014 occurrit.
1834 1977 1944 2016 Hac-

308 2056 437 2088 tenus
472 2050 512 2088 in
543 2050 704 2100 palatio
741 2049 1094 2096 R.iSS¹ffl¹viuunt,
1128 2048 1272 2087 donec
1308 2048 1543 2099 collegium
1579 2048 1861 2095 instauretur,
1901 2053 1945 2086 et
1995 2045 1999 2048 ’

307 2121 465 2160 fratres
498 2122 635 2159 Roma
655 2123 848 2168 veniant,
873 2121 945 2172 qui
975 2121 1151 2159 vineam
1174 2121 1271 2159 Dni.
1298 2120 1484 2158 Treueri
1515 2120 1735 2158 excolant.
1766 2119 1944 2157 Interim

311 2194 355 2231 R.
381 2193 525 2231 omnia
546 2205 658 2243 quae
682 2192 735 2231 ad
757 2193 869 2231 hanc
889 2205 981 2230 rem
1002 2191 1301 2243 peragendam
1323 2191 1574 2230 necessaria
1595 2195 1710 2238 sunt,
1733 2203 1811 2242 per
1833 2190 1944 2229 duos

311 2266 547 2316 praecipue
585 2264 843 2303 sacerdotes
879 2270 1002 2303 curat
1042 2263 1348 2302 administrari.
1386 2263 1522 2301 Multo
1563 2263 1856 2314 praeclariora
1890 2262 1944 2301 de

310 2338 393 2375 hac
428 2350 473 2374 re
510 2336 741 2374 scribenda
774 2336 935 2382 forent,
968 2334 1051 2374 nisi
1081 2333 1432 2374 existimaremus
1463 2334 1511 2372 R.
1545 2335 1592 2372 P.
1626 2334 1945 2372 Prouincialem

313 2410 360 2447 R.
386 2409 435 2446 T.
462 2407 606 2446 omnia
627 2408 680 2446 ad
711 2408 916 2446 amussim
937 2407 1247 2459 perscripsisse
1270 2406 1298 2445 ³.
1323 2407 1449 2445 R.diss
1473 2407 1603 2444 etiam
1630 2406 1910 2457 moguntinus
1931 2411 1945 2431 ⁴

308 2481 350 2519 in
379 2479 603 2518 fundando
636 2479 826 2530 collegio
859 2479 970 2517 adeo
1001 2484 1276 2529 perseuerat,
1300 2484 1347 2516 vt
1377 2483 1554 2516 nostros
1586 2490 1641 2516 ex
1671 2477 1855 2515 Treueri
1890 2476 1944 2515 ad

309 2552 576 2603 colloquium
606 2551 743 2589 literis
775 2551 1030 2590 exorauerit
1052 2557 1084 2589 e·
1122 2550 1218 2589 Nec
1253 2550 1431 2588 dubium
1461 2549 1562 2600 quin
1591 2550 1675 2588 iam
1704 2549 1798 2587 voti
1829 2560 1944 2586 com-

352 2689 372 2708 a
427 2690 693 2734 Consumpta
722 2688 890 2724 charta.
945 2688 1010 2713 —b
1039 2686 1135 2724 Del.
1164 2686 1397 2723 lectionum.
1451 2694 1515 2713 —0
1538 2686 1629 2732 Seq.
1660 2685 1743 2722 del.
1777 2684 1942 2731 gallice.

310 2770 329 2772 —
355 2749 375 2775 d
395 2762 418 2785 a
434 2748 739 2785 treuerensibus
752 2753 889 2793 supra
903 2757 1013 2784 vers.
1055 2754 1120 2773 -e
1143 2747 1197 2784 In
1213 2757 1292 2784 ms.
1307 2746 1487 2783 videtur
1497 2747 1712 2791 scriptum
1726 2743 1941 2781 exornerit.

356 2882 365 2902 ¹
418 2880 597 2918 Videtur
614 2879 908 2925 intelligendus
927 2878 1255 2925 archiepiscopus
1270 2875 1725 2923 treverensis‚Joannes
1740 2875 1789 2912 de
1804 2875 1941 2912 Petra.

358 2942 370 2961 ²
421 2940 529 2977 Vide
548 2951 686 2985 supra,
707 2951 741 2986 p.
762 2937 845 2975 712.

354 3001 366 3021 ³
421 2999 483 3038 Cf.
507 2999 664 3037 Lainz'i
681 2998 893 3043 Monam„
915 2997 968 3041 V,
994 2997 1075 3041 126,
1098 2998 1177 3035 167.

354 3060 369 3081 ⁴
419 3059 571 3096 Daniel
589 3057 768 3096 Brendel
790 3058 838 3094 de
859 3057 1087 3105 Homburg.
