2038 3400
367 241 437 280 402
829 242 1051 281 LITTERAE
1082 241 1438 288 QUADmMES‘rREs

321 344 489 395 reliqui
522 358 627 385 vero
659 345 776 385 bona
811 345 1068 385 valetudine
1098 345 1320 396 potimur&
1353 357 1491 395 quam
1518 344 1655 383 simul
1688 358 1742 383 ac
1773 347 1949 384 coetera

321 429 434 466 qnae
455 416 585 456 nobis
607 416 724 456 bona
746 417 932 465 inerint,
961 419 1141 467 accepta
1166 417 1256 456 Deo
1270 416 1489 468 ferimzsts.

374 498 411 526 2.
475 488 543 526 Ea
565 488 613 527 in
649 488 812 539 quibus
836 489 996 527 Patres
1018 487 1290 539 fratresque
1323 487 1531 527 uniuersi
1553 488 1600 527 in
1632 488 1822 527 Domini
1852 501 1950 527 nos-

321 559 386 598 tri
423 560 605 599 laudem
641 563 679 600 et
712 561 922 612 gloriam
959 562 1258 611 occupantur,
1297 560 1408 599 haec
1446 562 1565 598 sunt.
1605 561 1767 599 Patres
1802 573 1952 599 onmes

320 637 505 680 peccata
545 632 849 671 confitentium
892 631 1137 682 accipiunt,
1177 631 1258 681 qni
1296 638 1314 655 a
1352 631 1678 682 frequentiores
1717 631 1952 682 pluresque

321 703 458 741 multo
491 716 620 754 quam
650 704 865 742 hactenus
897 708 1181 742 accesserant
1203 703 1236 749 b,
1270 715 1347 740 sua
1379 703 1556 741 crimina
1585 702 1789 741 nudaturi
1811 703 1954 741 solent

319 773 494 813 adesse.
536 776 702 813 Curant
739 776 870 813 etiam
910 775 1058 825 populi
1097 774 1309 812 tumultus
1346 773 1581 821 sedandos,
1625 773 1952 825 componendas

317 846 432 893 lites,
458 846 716 896 extirpanda
745 847 886 897 iurgia
916 854 949 893 0,
975 859 1053 884 eos
1076 845 1265 896 denique
1287 845 1510 896 pacandos
1532 846 1604 896 qui
1635 846 1748 883 inter
1778 858 1826 883 se
1850 845 1951 883 odio

319 918 479 968 aliquo,
505 918 524 942 ‘1
545 918 700 956 iniuria
722 918 839 956 illata
860 922 1102 968 acceptaue
1126 917 1353 956 dissident.
1375 918 1549 968 Aegros
1571 917 1677 955 item
1698 917 1888 955 inuisunt
1912 922 1954 954 et

321 1002 412 1037 eOS,
437 991 593 1040 quibus
614 996 815 1041 possunt,
840 990 988 1028 verbis
1012 990 1143 1028 solari
1166 995 1393 1028 conantur.
1418 989 1634 1028 Carceres
1656 990 1951 1041 frequentant,

321 1067 363 1100 et
388 1075 541 1100 eorum
563 1063 635 1112 qui
667 1067 766 1100 sunt
801 1063 843 1100 in
880 1062 1053 1100 vincula
1075 1061 1281 1108 coniecti,
1320 1060 1520 1100 crimina
1556 1064 1596 1100 et
1626 1064 1816 1111 peccata
1839 1068 1856 1113 2³
1882 1074 1953 1100 au·

326 1133 463 1182 diunt,
491 1133 503 1157 f
533 1134 769 1173 conciones
787 1133 950 1172 habent
967 1140 1004 1180 ἔς
1036 1131 1099 1172 eis
1121 1134 1140 1158 h
1162 1133 1232 1184 qui
1250 1132 1292 1171 in
1316 1138 1517 1171 extremo
1550 1145 1656 1170 suae
1687 1133 1805 1171 vitae
1828 1145 1956 1171 cursu

321 1206 450 1244 morti
482 1206 614 1244 vicini
644 1206 859 1252 laborant,
893 1205 1103 1252 assident,
1139 1210 1182 1243 et
1214 1218 1293 1244 eos
1323 1204 1480 1256 quibus
1509 1210 1695 1255 possunt
1725 1204 1873 1243 verbis
1909 1210 1953 1243 et

319 1290 455 1329 opere
477 1278 643 1325 iuuant,
668 1290 754 1328 quo
779 1290 833 1315 ex
856 1278 939 1315 hac
960 1277 1051 1315 vita
1072 1276 1345 1316 mortalium
1374 1277 1514 1328 parati
1544 1277 1681 1328 magis
1716 1276 1951 1316 excedant.

318 1350 560 1387 Praeterea
580 1347 757 1400 quidem
780 1347 1009 1387 dominicis
1031 1348 1246 1400 festisque
1267 1347 1424 1387 diebus
1445 1347 1487 1386 in
1522 1354 1674 1387 nostro
1698 1361 1749 1387 ac
1780 1348 1956 1399 reliquis

319 1422 446 1460 huius
470 1421 614 1473 oppidi
647 1421 835 1472 templiS,
871 1421 1125 1459 concionari
1156 1421 1316 1468 solent,
1342 1433 1527 1470 quorum
1562 1420 1802 1459 conciones
1828 1425 1955 1471 grato

318 1506 369 1532 ac
390 1494 544 1532 libenti
565 1493 708 1532 animo
732 1506 756 1532 a
785 1494 948 1544 populo
973 1491 1249 1544 excipiuntur
1270 1493 1313 1531 in
1344 1493 1480 1531 multa
1500 1493 1725 1531 hominum
1753 1492 1957 1544 frequen-

318 1565 391 1603 tia.
415 1565 615 1603 Fratrum
638 1577 747 1603 vero
776 1564 785 1589 ί
807 1565 877 1614 alij
902 1564 1231 1615 grammaticam
1253 1564 1532 1615 profitentur,
1556 1576 1608 1602 ac
1628 1577 1796 1602 summa
1818 1567 1898 1614 ope
1918 1566 1958 1604 et

319 1637 547 1688 diligentia
568 1649 731 1687 pueros
759 1637 936 1688 linguae
958 1636 1116 1675 latinae
1139 1637 1389 1687 praeceptis
1411 1637 1657 1675 instituunt.
1683 1636 1750 1674 De
1773 1649 1957 1687 quorum

317 1709 561 1747 studiorum
583 1708 788 1760 auspicijs
811 1709 954 1760 aliqua
976 1715 1090 1756 sunt,
1115 1721 1226 1760 quae
1244 1709 1409 1759 possim
1439 1709 1650 1747 scribere.

372 1792 409 1828 3.
471 1780 691 1820 Postridie
714 1783 766 1819 D.
801 1781 960 1827 Lucae,
983 1794 1069 1832 quo
1102 1794 1250 1819 sumus
1285 1785 1435 1819 nostra
1467 1780 1610 1819 studia
1640 1779 1867 1830 auspicati,
1902 1792 1956 1818 ex

318 1853 524 1891 fratribus
556 1867 667 1891 vnus
705 1854 951 1892 orationem
988 1853 1138 1891 habuit
1168 1851 1274 1891 satis
1311 1858 1525 1900 ornatam,
1565 1857 1608 1890 et
1638 1852 1876 1890 verborum
1909 1865 1960 1890 ac

319 1938 463 1963 rerum
486 1926 703 1964 varietate
727 1926 903 1972 cultam,
928 1926 970 1963 in
1003 1925 1194 1963 omnium
1223 1926 1586 1964 scholasticorum
1610 1930 1653 1963 et
1676 1926 1839 1964 multae
1862 1938 1957 1963 eru-

319 1996 435 2035 ditae
459 1998 613 2035 turbae
636 2002 895 2049 conspectu,
919 2010 1003 2048 qua
1033 1997 1087 2035 ad
1105 1997 1255 2035 literas
1278 1996 1572 2048 capessendas
1588 1997 1789 2035 hortatus
1809 2002 1875 2035 est
1893 1997 1958 2046 ju-

319 2081 471 2117 uenes,
497 2075 541 2107 et
576 2069 630 2107 ad
653 2083 821 2108 morum
856 2070 1157 2120 integritatem
1180 2070 1283 2120 (quo
1307 2069 1514 2107 vniuersa
1536 2069 1675 2107 oratio
1713 2069 1958 2120 spectabat)

318 2140 666 2191 amplexandam,
691 2155 776 2193 qua
807 2143 938 2180 etiam
969 2147 1167 2179 nostrum
1198 2141 1315 2180 vitae
1337 2141 1583 2179 institutum
1608 2141 1840 2191 expressit.
1867 2141 1957 2178 Pla-

321 2214 409 2251 cuit
442 2214 596 2252 mirum
630 2214 671 2252 in
694 2214 871 2253 modum
904 2214 1179 2253 scholasticis
1201 2213 1434 2260 vniuersis,
1461 2218 1504 2251 et
1535 2213 1713 2262 reliquis
1734 2213 1807 2264 qui
1827 2213 1959 2251 inter-

319 2285 459 2324 fuere.
500 2287 656 2324 Paucis
678 2286 779 2324 inde
801 2286 1045 2325 interiectis
1074 2286 1244 2332 diebus,
1270 2285 1471 2336 dialogus
1504 2291 1571 2323 est
1603 2284 1760 2332 editus,
1785 2297 1870 2336 quo
1902 2285 1958 2323 la-

318 2356 437 2395 boris
454 2358 735 2408 praestantia,
762 2358 926 2396 Vtilitas
948 2370 1000 2395 ac
1020 2358 1137 2395 bona
1157 2362 1256 2394 sunt
1272 2357 1510 2407 patefacta,
1529 2356 1601 2407 qui
1622 2369 1710 2394 non
1727 2356 1867 2394 minus
1892 2362 1959 2394 est

318 2430 372 2467 ab
409 2431 608 2468 omnibus
644 2436 770 2481 grato
808 2431 951 2468 animo
987 2435 1218 2480 exceptus.
1264 2429 1364 2467 Non
1401 2434 1467 2467 est
1503 2427 1868 2467 scholasticorum
1904 2427 1957 2466 ad

319 2501 463 2539 studia
483 2506 633 2540 nostra
650 2501 793 2552 parm·
809 2503 1070 2552 pendendus
1101 2500 1112 2533 J'
1147 2513 1402 2547 concursus,
1427 2500 1586 2538 adsunt
1603 2500 1708 2538 satis
1730 2499 1854 2538 multi
1875 2500 1900 2537 ¹.

367 2669 387 2688 ἃ
437 2669 618 2712 audiunt,
641 2669 666 2705 ii
686 2675 838 2707 autem.
905 2670 969 2694 —b
993 2668 1178 2705 Emend.
1209 2678 1258 2704 ex
1288 2667 1550 2704 accesserint.
1622 2674 1684 2693 —0
1707 2665 1880 2703 Emend
1910 2675 1960 2702 ex

321 2729 419 2765 vitia
439 2729 514 2773 (Ρ).
572 2729 637 2754 —d
659 2730 737 2765 vel.
793 2737 856 2754 -Θ
878 2728 1165 2765 confessiones.
1233 2728 1291 2752 —f
1329 2727 1481 2774 eisque.
1554 2734 1621 2759 —g
1654 2725 1956 2763 concionantur.

322 2789 389 2814 —h
413 2789 493 2825 illis
514 2793 742 2836 praeterea.
798 2790 854 2813 -ῑ
883 2794 1123 2825 nostrorum.
1184 2787 1234 2820 *j
1264 2786 1518 2834 penitendus.

371 2948 377 2966 ¹
432 2946 476 2983 P.
499 2945 702 2983 Martinus
729 2944 961 2988 Gutierre2‚
995 2948 1141 2987 rector,
1172 2943 1212 2979 in
1243 2943 1360 2990 epist.
1389 2943 1454 2980 die
1484 2941 1530 2980 29
1561 2941 1748 2980 Octobris
1780 2941 1874 2978 data
1904 2940 1954 2977 ad

322 3007 595 3053 praepositum
614 3006 853 3051 generalem
875 3004 975 3048 (cod.
1000 3004 1126 3049 Hz‘sp.
1152 3003 1218 3047 96,
1240 3002 1265 3039 f.
1286 3002 1370 3047 449)
1389 3002 1483 3039 dicit
1516 3002 1557 3039 in
1588 3002 1691 3039 hanc
1719 3013 1819 3038 rem:
1855 3000 1959 3037 ‹Los

320 3065 473 3102 studios
490 3078 569 3101 van
589 3065 795 3107 adelante,
816 3077 839 3110 y
860 3075 1021 3110 aunque
1039 3064 1075 3100 el
1096 3067 1265 3100 numero
1281 3062 1329 3099 de
1349 3063 1409 3099 los
1427 3062 1651 3099 studiantes
1671 3073 1720 3098 no
1736 3073 1778 3098 es
1798 3060 1956 3101 mucho,
