2038 3400
341 242 411 278 316
806 245 1026 282 LITTERAE
1055 245 1410 291 QUADMMESTRES

296 355 511 392 quaerere
534 346 611 396 ipsi
634 358 745 397 quae
767 360 845 386 sua
866 353 980 395 sunt,
1005 347 1083 386 sed
1099 361 1210 400 quae
1232 349 1332 387 Iesu
1354 350 1530 397 Christi,
1554 363 1601 389 se
1623 355 1742 389 totos
1764 350 1920 388 utilita-

295 414 324 452 ti
347 427 587 465 puerorum
609 417 930 469 impendentes.

346 486 384 524 6.
446 487 595 538 Nuper
632 501 729 527 cum
763 491 831 528 Pr.
852 491 1133 541 prouincialis
1167 492 1173 510 ¹
1207 490 1291 530 Pri.
1325 493 1487 530 rectori
1520 493 1608 530 suis
1638 492 1774 530 literis
1806 505 1920 531 com-

293 557 547 596 mendasset
586 560 813 611 negotium
850 562 1128 600 comitiorum
1163 569 1520 614 augustanorum,
1559 569 1603 601 et
1637 563 1671 602 is
1707 563 1921 602 rationem

295 628 496 667 omnibus
524 632 829 681 proposuisset
850 646 934 683 qua
955 633 1100 671 diuina
1126 633 1359 684 impetrari
1384 637 1532 684 posset
1560 635 1700 686 gratia
1721 642 1753 682 a,
1788 635 1922 673 omni-

294 699 373 739 bus
396 699 442 739 id
464 702 482 726 b
498 701 676 752 placuit3
699 702 815 741 vnde
836 710 1011 754 praeter
1032 704 1202 744 litanias
1226 712 1270 743 et
1306 705 1528 744 orationes
1548 706 1808 757 peculiares,
1833 707 1921 744 duo

293 773 440 812 tresue
461 778 479 798 e
503 773 700 824 quotidie
723 775 908 826 flagellis
929 789 1007 827 per
1040 778 1164 815 ..inius
1198 778 1456 816 «Miserere»
1492 778 1684 829 spacium
1716 789 1763 815 se
1794 777 1922 815 cede·

293 845 394 882 bant
430 845 464 891 d,
507 850 551 883 et
583 845 832 896 huiusmodj
874 848 1118 886 litaniarum
1150 849 1351 887 recitatio
1384 848 1547 887 tamdiu
1581 854 1804 899 protracta
1839 852 1920 894 est,

293 915 436 955 donec
458 918 761 956 renunciatum
786 924 905 956 esset
927 920 1072 958 soluta
1094 932 1192 958 esse
1215 921 1405 959 comitia.

345 999 381 1037 7.
446 989 597 1028 Paucis
628 988 785 1028 abhinc
807 990 962 1029 diebus
992 991 1102 1029 duos
1124 992 1178 1030 ad
1208 992 1480 1030 Societatem
1515 998 1709 1030 nostram
1730 991 1920 1041 suscepi-

295 1073 393 1098 mus
415 1070 447 1108 ὃ,
472 1074 657 1112 quorum
680 1062 790 1100 alter
811 1062 872 1100 ita
893 1062 1104 1101 candidus
1127 1068 1208 1110 est,
1231 1063 1403 1102 humilis
1428 1069 1471 1102 et
1494 1063 1724 1110 offitiosus,
1762 1068 1807 1101 ut
1831 1064 1923 1101 eius

292 1133 533 1182 synceritas
554 1145 605 1171 ac
626 1134 949 1184 promptissima
970 1135 1010 1172 in
1044 1136 1242 1173 omnibus
1275 1135 1529 1173 obedientia
1561 1135 1687 1174 nobis
1709 1134 1763 1173 sit
1793 1134 1923 1172 admi-

292 1204 467 1254 rationj.
493 1204 617 1242 Alter
640 1217 747 1243 uero
771 1205 914 1244 adhuc
934 1207 976 1244 in
1000 1205 1224 1245 exercitiis
1247 1207 1539 1258 spiritualibus
1560 1212 1774 1245 uersatur.

345 1278 382 1314 8.
442 1276 531 1315 Iam
566 1289 673 1315 uero
696 1277 1067 1329 quemadmodum
1083 1278 1242 1317 fratres
1263 1279 1305 1317 in
1337 1280 1425 1317 suis
1460 1280 1590 1317 rebus
1620 1292 1708 1317 non
1739 1279 1924 1330 exiguos

291 1348 454 1386 faciunt
474 1361 754 1400 progressus,
786 1349 848 1388 sic
871 1350 1001 1388 etiam
1025 1351 1180 1388 Patres
1201 1351 1243 1388 in
1278 1349 1655 1389 administratione
1677 1350 1799 1400 uerbj
1824 1350 1921 1399 Dej.

292 1420 438 1457 Habet
462 1420 575 1458 enim
593 1419 773 1471 singulis
795 1419 949 1458 diebus
969 1420 1199 1460 dominicis
1221 1426 1353 1472 atque
1374 1421 1499 1460 festis
1521 1434 1642 1459 suain
1665 1421 1924 1459 concionem

291 1504 415 1529 sacra
436 1491 571 1529 aedes
592 1491 967 1542 ingolstadiensis3
990 1492 1123 1530 habet
1147 1498 1191 1530 et
1213 1493 1381 1531 uicinus
1403 1492 1576 1542 quidam
1598 1505 1751 1543 pagus,
1774 1493 1817 1531 in
1838 1505 1923 1543 quo

290 1562 395 1600 satis
417 1562 606 1613 amplum
628 1563 817 1601 fructum
838 1564 1158 1614 perspeximus,
1178 1564 1295 1614 quod
1313 1564 1530 1615 simplices
1547 1564 1606 1613 illj
1630 1571 1761 1614 atque
1778 1576 1925 1615 agres-

291 1640 360 1672 tes
389 1635 400 1659 ἱ
434 1638 606 1673 attento
629 1636 791 1685 pioque
813 1635 957 1674 animo
993 1641 1171 1674 nostros
1193 1636 1388 1683 audiunt,
1411 1635 1567 1686 quibus
1597 1641 1639 1673 et
1662 1648 1763 1674 suas
1791 1636 1924 1674 liben-

290 1711 357 1743 ter
380 1706 580 1756 aperiunt
602 1707 895 1745 conscientias
916 1707 943 1745 ².

343 1788 381 1826 9.
446 1777 544 1816 Hoc
565 1777 682 1815 idem
703 1777 868 1816 faciunt
895 1778 937 1816 in
973 1779 1137 1830 templo
1173 1784 1324 1818 nostro
1347 1781 1579 1831 aliquando
1601 1782 1818 1819 honestae
1840 1792 1925 1817 ma-

290 1853 445 1886 tronae
479 1848 747 1900 ingenuique
771 1849 1098 1888 adolescentes.
1123 1850 1233 1888 Item
1264 1851 1457 1889 nonnulli
1481 1852 1738 1890 sacerdotes
1760 1850 1925 1889 secula-

291 1933 361 1958 res
394 1926 645 1959 nostrorum
671 1922 844 1959 Patrum
867 1929 890 1954 g
910 1922 952 1959 in
984 1922 1283 1960 conscientiae
1315 1935 1419 1962 suae
1450 1923 1700 1974 expiatione
1733 1923 1792 1961 uti
1825 1935 1925 1961 con-

290 1997 546 2031 sueuerunt.
572 1992 693 2042 Multj
717 1993 759 2030 in
781 1993 862 2031 hac
884 1993 1064 2031 ciuitate
1094 1997 1209 2040 sunt,
1233 1993 1304 2043 quj
1329 1994 1384 2032 de
1415 1995 1553 2045 nostrj
1587 1995 1737 2046 templj
1769 2007 1924 2045 angus-

289 2062 359 2100 tiis
382 2068 721 2113 conqueruntur;
744 2063 862 2114 quod
898 2064 932 2101 si
962 2064 1226 2102 haberemus
1249 2065 1400 2112 maius,
1425 2065 1604 2104 dubium
1625 2079 1712 2104 non
1736 2072 1804 2104 est
1824 2066 1925 2116 quin

290 2134 426 2172 multo
462 2135 609 2184 plures
644 2135 698 2173 ad
720 2134 973 2186 quotidiana
994 2134 1221 2182 sacrificia,
1255 2136 1559 2176 confessiones
1596 2137 1925 2186 concionesque

290 2213 619 2245 concurrerent.
644 2205 896 2255 {Quaedam
923 2206 1131 2259 feminae
1162 2220 1189 2244 a
1226 2208 1460 2247 daemonis
1490 2209 1785 2260 infestatione
1823 2208 1924 2247 libe-

292 2279 477 2325 rantum
503 2278 600 2316 alia
620 2279 817 2318 sanitati
839 2279 1127 2329 restitutam]

350 2359 410 2387 10.
475 2349 712 2389 Coeterum
732 2365 871 2402 neque
893 2353 967 2393 hic
997 2356 1130 2395 modo
1165 2354 1291 2392 utilis
1312 2356 1375 2393 est
1404 2354 1689 2400 nostrlornm
1712 2355 1862 2402 opera]
1889 2352 1923 2399 ¹¹,

289 2421 365 2459 sed
385 2420 523 2459 etiam
542 2422 756 2471 partibus
778 2424 961 2464 uicinis.
1000 2426 1149 2477 Nuper
1172 2425 1227 2464 ad
1250 2425 1563 2464 monasterium
1585 2423 1805 2475 quoddam
1826 2424 1927 2462 hine

290 2491 430 2528 tribus
457 2493 703 2543 [remotum]
724 2495 733 2519 i
755 2495 992 2535 miliaribus
1019 2497 1229 2548 postulati
1265 2501 1362 2535 sunt
1380 2495 1466 2534 duo
1490 2508 1544 2534 ex
1574 2495 1773 2533 Patribus
1795 2494 1925 2533 colle—

336 2665 356 2684 a
407 2665 457 2702 ad
476 2666 654 2703 diuinam
674 2667 972 2714 impetrandam
992 2670 1167 2716 gratiam
1186 2682 1230 2706 se
1250 2669 1526 2716 disponerent.
1585 2668 1650 2693 —b
1672 2679 1733 2704 ea.

338 2734 355 2752 0
400 2726 598 2762 nonnulli.
645 2727 711 2752 —d
731 2729 918 2773 quamuis
937 2728 1164 2766 huiusmodi
1183 2728 1361 2775 corporis
1375 2728 1588 2774 castigatio
1603 2727 1752 2773 alioqui
1771 2727 1926 2764 dificilis

290 2785 499 2832 germanis
517 2785 645 2822 videri
665 2786 813 2824 soleat.
872 2796 935 2814 -θ
956 2788 1223 2827 admissimus.
1278 2789 1336 2813 -f
1361 2788 1557 2825 homines.
1610 2795 1678 2820 —g
1698 2799 1834 2834 opera.

338 2847 357 2871 h
403 2845 672 2892 Consumpta
687 2847 853 2884 charta.
910 2849 967 2874 -i
995 2848 1065 2886 Ita
1083 2852 1232 2896 apogr.

340 3011 347 3029 ⁴
403 3008 450 3045 Β.
471 3007 621 3045 Petrus
641 3007 843 3045 Canisius.

342 3070 354 3089 ²
407 3067 522 3106 Vide
536 3080 631 3114 pag.
654 3068 729 3104 155.
