2038 3400
392 270 439 308 24
857 267 1078 304 LlTTERAE
1114 268 1207 313 QUA
1216 276 1474 303 DRIMESTRES

346 381 456 420 pore
479 374 523 407 et
544 368 681 415 annis,
713 379 802 405 non
832 371 979 404 tamen
1013 365 1191 417 ingenio
1225 369 1267 403 et
1302 368 1551 410 venustate,
1586 363 1692 402 ciuis
1721 363 1978 402 nobilissimi

347 441 475 488 filius,
499 440 585 491 qui,
609 443 840 490 postquam
862 437 1069 475 nonnulla
1085 436 1289 483 carmina,
1313 448 1400 473 non
1417 435 1509 473 sine
1526 435 1713 473 maxima
1729 434 1975 472 auditorum

348 511 651 555 admiratione,
678 509 1028 561 pronunciasset,
1052 520 1261 546 summam
1296 507 1578 559 praehabitae
1601 506 1809 545 orationis
1830 505 1975 543 italico

346 582 555 622 idiomate
580 582 812 620 enarrauit.
839 580 971 629 Quod
992 580 1167 632 quidem
1189 585 1309 618 tanta
1329 583 1564 617 venustate
1593 583 1636 616 et
1669 579 1821 629 lepore
1843 590 1976 629 agere

354 656 473 694 visus
497 660 578 702 est,
602 660 648 692 ut
670 665 813 704 neque
837 658 1030 700 senatus,
1053 664 1197 703 neque
1218 651 1380 689 Illmus.
1406 650 1508 697 dux,
1531 662 1674 700 neque
1695 650 1788 700 ipse
1811 648 1977 700 episco-

348 740 443 778 pus,
466 726 605 764 nostri
626 723 961 771 amantissimus,
987 722 1214 762 continere
1237 734 1285 760 se
1305 720 1544 773 potuerint,
1568 721 1669 771 quin
1684 721 1727 759 in
1745 721 1977 759 maximum

346 797 581 849 irruperint
602 797 749 842 risum,
773 807 1046 846 puerumque
1067 793 1266 832 admirati
1288 793 1387 831 sint.
1416 793 1512 831 Deo
1536 791 1590 830 sit
1611 792 1762 843 gloria.

400 870 437 907 8.
497 868 578 906 Die
616 866 832 918 sequenti,
859 866 932 916 qui
967 870 1118 904 sextus
1154 865 1232 904 fuit
1261 864 1542 912 Novembris,
1576 877 1700 903 sacro
1733 863 1787 902 de
1817 863 1978 914 Spiritu

347 945 498 979 sancto
522 939 777 978 solemniter
798 941 979 988 peracto
1002 938 1044 976 in
1066 937 1177 976 aede
1206 938 1365 974 baetae
1395 935 1598 987 Virginis,
1628 937 1862 986 habitaque
1887 948 1977 974 ora-

348 1013 468 1051 tione
506 1011 560 1049 de
596 1010 796 1048 laudibus
831 1009 1091 1056 studiorum,
1130 1007 1199 1046 cui
1235 1008 1365 1046 etiam
1400 1008 1616 1046 interesse
1652 1008 1791 1047 voluit
1831 1009 1975 1045 Rmus.

349 1085 596 1135 episcopus,
622 1087 665 1120 et
687 1082 916 1133 anglorum
937 1080 1055 1132 regis
1082 1081 1254 1132 legatus
1278 1079 1285 1098 ¹

1295 1111 1303 1127 ,
1328 1079 1470 1118 studia
1498 1084 1648 1118 nostra
1677 1079 1978 1130 redintegrare

349 1157 413 1206 (ut
436 1153 615 1206 singulis
650 1153 772 1192 annis
793 1151 888 1190 fieri
910 1153 1042 1202 solet)
1065 1150 1325 1190 curauimus.
1352 1151 1520 1201 Quibus
1543 1152 1741 1190 omnibus
1763 1151 1980 1190 foeliciter

347 1226 552 1279 peractis,
577 1225 874 1276 vnusquisque
909 1229 1248 1276 praeceptorum
1284 1236 1383 1261 suas
1405 1236 1609 1275 agressus
1646 1228 1712 1261 est
1747 1223 1976 1261 lectiones.

353 1297 617 1347 [Domesticzf
638 1310 790 1336 omnes
810 1309 892 1335 suo
915 1308 1099 1335 munere
1122 1295 1344 1335 alacriter
1356 1294 1664 1347 fungunturq

433 1371 618 1409 Genuae
642 1369 740 1408 VIII
761 1367 860 1407 idus
877 1368 1067 1420 Januarii
1092 1377 1205 1417 1559.

424 1444 554 1494 Jussu
577 1440 671 1481 Rdi.
697 1440 838 1479 Patris
859 1439 1061 1488 rectoris,
1086 1441 1138 1478 D.
1161 1438 1325 1486 Loarti‚
1350 1443 1450 1477 tuae
1474 1439 1522 1477 R.
1548 1440 1593 1477 Ρ.
1618 1437 1779 1477 inutilis
1810 1450 1978 1484 seruuS,

1506 1563 1761 1603 ALUARADus
1791 1565 1817 1600 2.

401 1725 439 1763 9.
500 1714 557 1752 Vt
580 1725 634 1751 ex
659 1710 860 1751 omnibus
889 1711 1061 1762 populis
1084 1715 1128 1748 et
1158 1709 1364 1760 gentibus
1388 1713 1432 1747 et
1461 1707 1660 1746 tribubus
1687 1707 1863 1758 aliquod
1893 1721 1982 1744 mu-

348 1786 577 1824 nusculum
608 1785 704 1822 Deo
729 1784 981 1830 offeramus,
1007 1782 1118 1821 scias
1140 1781 1272 1820 velim
1302 1781 1542 1818 hebraeum
1569 1779 1800 1830 quemdam
1830 1777 1872 1816 in
1902 1792 1982 1816 nos

351 1856 508 1909 elapsis
531 1857 686 1895 diebus
707 1855 915 1894 incidisse
931 1854 1067 1905 (quod
1088 1851 1389 1904 imprudenter
1418 1851 1683 1901 omiseram),
1707 1851 1779 1901 qui
1799 1851 1865 1899 (ut
1895 1864 1981 1889 vno

350 1930 619 1980 complectar
641 1927 800 1976 verbo)
835 1939 860 1965 a
895 1927 1025 1964 Patre
1047 1931 1225 1964 rectore
1247 1929 1399 1963 nostro
1424 1921 1733 1969 catechizatur,
1766 1928 1812 1960 ut
1832 1922 1982 1972 paucis

350 2006 450 2052 post
472 2000 627 2038 diebus
650 1999 703 2037 ad
738 1999 906 2037 fontem
935 1997 1046 2036 sacri
1079 1995 1352 2047 baptismatis
1383 1994 1581 2033 accedat.
1619 1995 1715 2033 Deo
1750 1994 1984 2032 immortali

348 2072 621 2111 immortales
644 2071 813 2123 agimus
834 2069 996 2122 gratias
1016 2082 1095 2121 pro
1120 2068 1334 2107 omnibus.

400 2282 406 2300 ¹
456 2279 636 2327 Joannes
651 2280 699 2315 de
720 2277 940 2325 Figucroa,
959 2277 1120 2313 videtur
1138 2277 1212 2313 hoc
1231 2280 1413 2321 tempore
1432 2273 1555 2310 {uisse
1575 2275 1739 2320 legatus
1754 2272 1927 2321 Philippi
1949 2275 1984 2312 II

349 2340 454 2387 apud
474 2352 728 2386 genuensem
746 2338 1054 2385 rempublicam.

399 2399 411 2419 ¹
463 2398 526 2436 Cf.
549 2399 653 2436 Lz’tt.
674 2398 927 2445 Quadrim.,
949 2396 1002 2442 V,
1022 2396 1104 2434 502.
