2038 3400
327 231 392 269 186
789 232 1010 270 LITTERAE
1037 232 1396 278 QUADmMEsrREs

276 333 330 371 rit
350 343 441 382 350,
467 340 540 372 aut
563 335 694 373 etiam
716 335 879 386 plures,
905 335 988 374 hoc
1010 334 1225 386 temporis
1247 333 1446 374 articulo
1469 343 1486 361 a
1507 342 1704 374 nostrum
1727 347 1903 386 gymna-

275 405 384 443 sium
406 405 702 455 frequentare.

327 485 364 522 3.
425 476 743 515 Haebdomade
774 478 860 525 illa,
885 491 996 529 quae
1025 478 1394 516 resurrectionem
1418 478 1679 517 dominicam
1701 492 1901 530 praeces·

273 546 341 593 sit,
368 547 560 586 officium
582 549 879 596 tenebrarum,
905 555 950 587 ut
972 554 1148 596 uocant,
1182 562 1206 587 a
1238 551 1398 589 nostris
1421 551 1702 589 decantatum
1724 552 1898 600 multos,

275 617 406 655 etiam
428 618 605 666 inuitos,
639 619 693 658 ad
726 620 971 670 lachrymas
1001 620 1279 670 prouocauit3
1311 634 1362 660 ac
1396 634 1483 659 non
1517 622 1644 673 pauci
1673 622 1902 673 primariae

272 688 511 727 nobilitatis
543 689 665 728 ciues
696 703 747 729 ac
779 691 911 729 etiarn
934 695 1207 729 mercatores
1230 690 1468 731 ianuenses
1488 693 1507 717 b
1528 693 1689 731 nostris
1712 693 1903 731 confessi

270 764 384 807 sunt,
405 760 680 811 redditaque,
701 767 747 799 ut
769 761 983 813 intelligo,
1003 762 1175 800 illorum
1192 763 1369 801 hortatu
1392 763 1495 801 satis
1512 776 1669 815 magna
1689 765 1901 814 pecuniae

272 831 351 878 uis,
375 832 486 870 mala
507 831 593 870 fide
616 833 669 870 ab
691 833 786 882 alijs
817 838 918 871 ante
950 846 1200 884 possessae.
1234 834 1279 872 Si
1308 834 1509 885 plebeios
1544 840 1587 872 et
1617 835 1812 873 triuiales
1843 835 1902 873 in—

271 908 488 951 tueamur,
512 904 740 942 innumera
761 904 841 942 fuit
873 904 1124 952 multitudo,
1159 909 1201 942 et
1232 904 1404 944 illorum
1435 905 1632 945 maxime
1653 914 1684 953 0,
1709 906 1781 957 qui
1801 912 1902 944 ante

270 975 519 1024 complures
541 987 678 1013 annos
700 989 788 1014 non
812 981 934 1014 erant
958 976 1164 1015 confessi.
1190 966 1316 1015 Voto
1331 977 1445 1015 enirn
1466 976 1639 1028 quidam
1665 990 1717 1016 ex
1740 978 1900 1016 nostris

270 1046 575 1085 sacerdotibus
609 1060 710 1085 sese
749 1048 1075 1087 obstrinxerant
1110 1062 1197 1087 non
1234 1054 1484 1088 cessaturos
1525 1062 1572 1088 se
1613 1049 1900 1101 quoadusque

270 1119 566 1169 unusquisque
606 1119 777 1158 illorum
818 1120 936 1158 XXX
970 1121 1193 1159 hominum
1235 1119 1562 1160 confessionem
1604 1122 1900 1173 excepissent3

268 1191 440 1228 illorum
463 1190 691 1229 dumtaxat
713 1190 785 1241 qui
816 1204 840 1229 a
861 1192 1051 1242 quinque
1074 1192 1145 1230 uel
1167 1205 1246 1230 sex
1269 1193 1391 1231 annis
1412 1194 1526 1231 illam
1548 1193 1898 1233 intermisissent.

270 1261 401 1311 Quod
431 1262 571 1313 probe
602 1262 656 1300 ab
686 1262 784 1310 illis,
816 1263 904 1301 imo
936 1263 1136 1302 fortassis
1159 1264 1286 1315 triplo
1310 1264 1568 1315 praestitum
1592 1270 1674 1312 est,
1698 1265 1839 1303 missis
1860 1265 1901 1303 in

268 1334 353 1372 hoc
374 1334 457 1385 pijs
477 1334 737 1385 quibusdam
760 1334 880 1381 uiris,
906 1339 952 1373 ut
974 1340 1191 1386 quotquot
1214 1336 1387 1383 milites,
1407 1341 1576 1384 nautas,
1595 1337 1783 1375 rusticos
1806 1349 1901 1375 cae-

267 1411 478 1455 terosque
509 1406 759 1445 huiusmodi
794 1406 958 1445 farinae
994 1408 1195 1446 homines
1226 1408 1629 1458 deprehenderent,
1663 1408 1817 1447 sedulo
1848 1408 1902 1447 ad

268 1476 595 1515 confessionem
617 1478 734 1528 prius
757 1476 1031 1526 adhortatos,
1056 1478 1111 1517 ad
1131 1491 1212 1517 nos
1233 1479 1544 1530 perducerent.

318 1561 357 1598 4.
417 1549 535 1587 Inter
558 1554 761 1588 caeteros
782 1555 873 1588 tres
895 1550 1060 1602 reperti
1081 1554 1179 1589 sunt
1201 1551 1284 1590 iam
1311 1551 1604 1602 prouectioris
1635 1552 1807 1600 aetatis,
1830 1565 1902 1604 qur

265 1633 353 1659 non
375 1621 516 1659 solum
538 1633 757 1672 nunquam
788 1621 830 1659 in
854 1622 973 1661 omni
1003 1626 1208 1662 anteacta
1237 1622 1327 1661 uita
1358 1623 1550 1661 confessi
1581 1628 1718 1672 erant,
1749 1637 1901 1663 uerum

266 1693 396 1732 etiarn
420 1692 522 1742 quid
545 1699 665 1731 esset
687 1694 934 1743 symbolum
963 1696 1270 1745 apostolieum,
1300 1700 1538 1746 praecepta
1565 1695 1782 1748 decalogi,
1809 1710 1901 1735 ora-

265 1764 325 1802 tio
345 1763 579 1811 dominica,
599 1769 672 1802 aut
691 1764 894 1803 salutatio
913 1766 1113 1817 angelica
1129 1778 1308 1818 prorsus
1324 1766 1593 1817 ignorarent.
1616 1767 1733 1805 Erat
1754 1768 1774 1792 d
1795 1768 1901 1806 alius

264 1835 455 1887 quidam,
479 1835 545 1874 his
567 1836 701 1874 nihilo
735 1837 941 1884 sanctior,
975 1839 1047 1889 qui
1076 1850 1154 1888 per
1190 1848 1235 1885 13
1261 1837 1319 1890 [12]
1342 1851 1495 1886 annOS‚
1522 1851 1619 1877 cum
1646 1839 1901 1890 frequenter

262 1907 435 1946 interim
473 1914 798 1947 sacrosanctam
830 1910 1012 1960 synaxin
1049 1910 1322 1961 sumpsisset,
1347 1924 1479 1948 unum
1502 1917 1648 1949 tamen
1669 1917 1900 1962 peccatum

265 1991 483 2029 nunquam
506 1979 729 2017 sacerdtti
750 1980 1053 2030 patefecisset,
1077 1981 1209 2032 idque
1231 1994 1318 2020 non
1335 1982 1607 2032 negligentia
1624 1986 1696 2020 aut
1720 1982 1901 2021 obliuio-

263 2063 333 2097 ne,
354 2048 432 2088 sed
450 2048 594 2088 studio
613 2050 850 2099 acciderat,
869 2051 966 2091 siue
984 2054 1349 2103 qnodpeccatum
1365 2053 1463 2100 hoc,
1484 2053 1616 2102 quale
1637 2055 1770 2103 quale
1782 2053 1897 2105 fuit,

266 2124 466 2161 nondum
489 2122 561 2161 illi
576 2123 779 2174 potuerit
801 2122 1053 2174 displicere,
1077 2124 1173 2164 siue
1190 2127 1310 2174 quod
1329 2125 1662 2164 uerecmzdnlns
1678 2138 1730 2164 ea
1752 2139 1803 2164 ne
1824 2139 1899 2164 no-

266 2193 443 2234 minare
465 2194 644 2245 quidem
661 2197 777 2245 prae
793 2197 969 2245 pudore
990 2195 1275 2239 sustinuerit,
1315 2209 1428 2246 quae
1455 2195 1617 2247 facere
1646 2194 1780 2246 prius
1809 2209 1900 2235 non

263 2266 524 2306 erubuerat.
540 2267 651 2304 Fere
670 2271 818 2304 autern
835 2267 882 2304 fit
901 2271 946 2305 ut
965 2268 1061 2305 mali
1080 2267 1202 2316 furijs
1215 2280 1266 2305 ac
1280 2267 1655 2306 excarnificatrice
1674 2269 1899 2307 conscien-

266 2338 325 2376 tia
342 2338 579 2388 agitentur.
605 2338 756 2388 Itaque
779 2338 967 2376 daemon
990 2340 1105 2376 hunc
1140 2338 1253 2376 adeo
1285 2344 1584 2377 transuersum
1617 2345 1785 2390 egerat,
1808 2344 1899 2378 tan-

266 2415 442 2460 tamque
477 2408 620 2447 animo
658 2408 1016 2459 desperationem
1052 2409 1350 2457 instillauerat,
1393 2415 1438 2447 ut
1470 2410 1692 2448 minimum
1722 2410 1899 2449 abesset

264 2481 393 2518 miser
416 2493 440 2518 a
461 2492 567 2518 uera
588 2479 768 2528 insania,
787 2485 1062 2531 negaretque
1080 2480 1166 2518 ulla
1186 2481 1257 2518 uel
1280 2480 1562 2519 confessione
1580 2482 1650 2520 uel
1671 2481 1899 2532 poeniten-

262 2552 322 2590 tia
343 2552 508 2590 crimen
531 2565 655 2590 suum
678 2552 845 2602 expiari
865 2563 1014 2602 posse3
1038 2551 1080 2589 id
1097 2551 1234 2590 maius
1258 2563 1357 2590 esse
1378 2551 1613 2600 affirmans,
1632 2565 1760 2603 quam
1781 2552 1898 2604 quod

264 2623 436 2661 ueniam
459 2624 670 2673 consequi
692 2627 1036 2673 promereretur.
1061 2623 1114 2660 Et
1136 2623 1333 2673 quamuis
1363 2622 1587 2661 literarum
1620 2623 1810 2661 omnium
1832 2623 1898 2662 ita

263 2693 380 2733 rudis
404 2701 538 2741 esset,
566 2696 613 2732 ut
633 2708 686 2733 ne
708 2695 858 2746 legere
889 2693 1068 2744 quidem
1093 2696 1255 2744 posset,
1279 2698 1347 2732 tot
1377 2700 1524 2732 tamen
1553 2695 1626 2733 ille
1657 2695 1898 2733 sententias

261 2765 420 2813 attulit,
446 2766 576 2804 etiam
601 2778 655 2803 ex
678 2765 849 2812 diuinis,
875 2769 921 2803 ut
942 2766 1014 2804 ille
1036 2764 1422 2816 interpretabatur,
1447 2765 1581 2814 libris,
1614 2776 1725 2817 quae
1756 2765 1810 2804 de
1833 2779 1896 2804 sa-

261 2838 352 2876 lute
373 2849 452 2875 sua
472 2842 617 2875 actum
642 2849 740 2875 esse
772 2837 986 2885 dicerent,
1013 2841 1058 2875 ut
1089 2836 1442 2875 manifestissime
1473 2835 1658 2888 intelligi
1684 2837 1894 2887 potuerit,

306 2993 325 3013 ³
376 2998 464 3040 post
482 2992 651 3039 paseha.
709 2994 775 3018 —b
797 2993 968 3030 externi.
1022 3000 1086 3019 -c
1112 2993 1211 3030 satis
1241 3005 1405 3040 magna.
1460 2992 1530 3018 —d
1562 2991 1659 3029 Fuit
1689 2991 1795 3028 inter
1825 2992 1895 3030 hos

262 3055 464 3091 inuentus.
