2038 3400
568 197 865 239 225.—GENUA
891 199 914 237 6
934 198 1031 247 JAN.
1065 200 1155 238 1559
1594 203 1636 240 19

819 416 924 467 225

464 556 759 604 PETRUS
806 558 1288 606 ALVARADUS

579 699 722 725 GENUA
747 694 771 726 o
795 699 990 736 JANUARII
1020 691 1111 728 1559
1140 692 1163 725 ¹.

60 816 93 853 1.
118 816 344 866 Frequens
366 818 674 869 confitentium
696 822 736 859 et
763 821 1200 860 communicantium
1226 821 1438 861 virorum
1465 825 1505 861 et
1534 823 1687 862 mutie-

140 894 244 920 rum
271 883 629 922 multituda—2.
660 885 941 925 Nostrormn
969 886 1161 926 diversis
1188 887 1235 926 in
1256 887 1368 927 locis
1389 887 1688 927 contiones*

137 945 178 985 3.
202 947 399 986 Fructus
415 949 694 1000 exjuvenmn
710 951 954 991 sodalitate
969 953 1416 1003 promancmtes.-—4.
1439 952 1688 1004 anztsctam

139 1011 322 1061 hispani
342 1026 394 1051 ex
414 1014 722 1053 mahumetica
743 1017 862 1054 secta
885 1018 944 1054 ad
971 1017 1279 1056 christianam
1306 1017 1542 1057 veritatem
1573 1018 1688 1057 redi-

138 1076 325 1115 tus—5.
358 1078 491 1116 Alius
518 1080 738 1131 germani
759 1094 786 1118 a
808 1081 1142 1121 lutheranismo
1165 1082 1516 1122 conversio—6.
1543 1083 1688 1123 Disci-

132 1143 351 1192 pulormn
385 1156 617 1183 numerus.
656 1145 915 1185 Litteraria
950 1147 1339 1187 exercitia.—7-8.
1382 1148 1627 1188 Orationes
1661 1162 1688 1187 a

132 1207 291 1257 pueris
317 1210 357 1247 et
380 1222 406 1246 a
435 1209 679 1261 magistris
706 1211 889 1251 habitae
912 1211 959 1250 in
986 1213 1249 1252 studiorum
1278 1213 1689 1254 instauratione.—

137 1271 179 1310 9.
204 1273 439 1312 Hebraeus
460 1275 780 1316 catechizatus.

115 1420 147 1447 Ι.
208 1413 236 1462 †
261 1411 380 1461 Jhus.
405 1412 654 1452 Admodum
677 1415 772 1453 R.de
794 1414 836 1453 in
856 1417 968 1466 Xpo.
994 1417 1062 1454 Pr.
1089 1417 1178 1455 Pax
1195 1416 1290 1467 Xpi.
1315 1416 1399 1465 [Ex
1414 1416 1623 1456 instituto
1644 1431 1689 1457 se

55 1480 337 1531 scripturum
358 1483 481 1531 dicit,
506 1483 608 1524 ticet
629 1498 701 1524 res
716 1488 890 1536 parvae
910 1486 1033 1537 sint.]
1060 1489 1157 1526 Hoc
1178 1489 1309 1539 igitur
1331 1489 1509 1526 habeto:
1534 1489 1575 1526 in
1593 1489 1688 1527 dies

56 1553 192 1603 magis
228 1554 452 1604 magisque
476 1556 778 1596 confitentium
809 1572 1036 1596 numerum
1065 1559 1129 1609 (ut
1151 1571 1175 1596 a
1196 1559 1490 1610 spiritualibus
1520 1560 1686 1598 initium

56 1625 292 1674 sumamus)
313 1625 479 1676 augeri,
506 1632 550 1664 et
578 1628 638 1666 ita
658 1629 825 1679 augeri,
851 1634 896 1667 ut
917 1630 991 1667 vix
1013 1635 1175 1668 tantam
1206 1631 1529 1670 multitudinem
1552 1631 1688 1670 domi-

55 1693 163 1731 nicis
185 1693 340 1734 diebus
361 1697 569 1736 sacellum
591 1703 783 1738 nostrum
806 1712 965 1750 capere
986 1701 1140 1751 possit.
1166 1702 1445 1740 Conueniunt
1469 1703 1581 1740 enim
1604 1703 1687 1740 fre-

55 1766 340 1814 quentissimi,
365 1769 436 1806 alii
456 1775 503 1806 ut
523 1771 684 1808 nostris
706 1772 1011 1810 sacerdotibus
1032 1777 1216 1823 peccata
1237 1772 1464 1825 detegant,
1488 1775 1559 1812 alii
1580 1787 1686 1813 uero

56 1841 101 1873 ut
123 1837 176 1874 ab
197 1837 279 1875 illis
301 1839 482 1878 consilio
507 1846 550 1878 et
572 1842 822 1880 hortatione
845 1843 984 1881 iuuari
1009 1844 1193 1894 possint.
1218 1845 1400 1895 Magnus
1422 1845 1598 1894 quidem
1622 1852 1687 1883 est

56 1907 220 1946 deuote
239 1910 649 1950 communicantium
672 1926 893 1961 numerus,
918 1914 997 1952 sed
1019 1915 1308 1953 confitentiun
1330 1915 1558 1954 maximus.
1578 1917 1687 1954 Nam

55 1980 272 2029 permulti,
315 1982 408 2020 aliis
447 1983 710 2033 spiritalibus
750 1986 882 2023 rebus
920 1985 1092 2033 intenti,
1133 1992 1364 2036 postquam
1403 1993 1687 2038 peccatorum

55 2050 257 2089 sordibus
278 2053 392 2102 apud
413 2067 493 2092 nos
516 2056 829 2098 conscientiam
852 2056 1127 2104 mundarunt,
1152 2058 1194 2095 in
1225 2058 1307 2095 alia
1327 2059 1489 2109 templa
1510 2071 1556 2096 se
1586 2071 1687 2096 con-

55 2122 213 2170 ferunt,
238 2124 384 2174 ibique
406 2138 572 2164 sacram
596 2128 792 2176 synaxim
814 2133 1075 2166 reuerenter
1097 2129 1352 2179 suscipiunt,
1375 2142 1463 2168 non
1485 2130 1578 2167 sine
1600 2143 1686 2168 ma-

57 2194 170 2232 xima
200 2195 381 2234 aliorum
411 2196 710 2236 admiratione.
737 2198 868 2246 Quod
899 2199 954 2237 de
982 2200 1193 2238 industria
1221 2201 1383 2239 factum
1406 2201 1525 2239 iussu
1548 2201 1687 2239 Patris

55 2267 239 2303 rectoris
260 2269 272 2287 ²
292 2280 615 2319 nonnumquam
633 2269 934 2318 animaduerti,
953 2277 1000 2308 ut
1017 2272 1125 2309 alios
1142 2273 1214 2322 qui
1231 2273 1530 2322 voluptatibus
1547 2272 1686 2310 irreti-

53 2336 100 2383 ti,
135 2337 437 2388 scelerumque
469 2340 650 2378 sentinis
672 2340 905 2391 deturpati,
930 2342 983 2379 ab
1005 2343 1091 2380 hoc
1121 2343 1346 2381 salutifero
1372 2344 1585 2381 exercitio
1615 2345 1686 2381 ab·

55 2407 307 2455 horrebant,
342 2410 543 2460 exemplo
576 2424 654 2449 suo
676 2411 917 2459 allicerent,
942 2412 996 2450 ad
1023 2414 1176 2463 suique
1206 2414 1496 2452 imitationem
1527 2427 1686 2464 prouo-

56 2484 221 2516 carent.
246 2478 370 2517 Vnde
391 2492 478 2518 non
498 2493 656 2531 paruus
678 2482 855 2520 metitur
876 2482 1058 2522 fructus.
1085 2485 1170 2533 Qui
1191 2488 1339 2522 autem
1370 2485 1463 2522 aliis
1495 2485 1686 2535 negotiis

57 2549 251 2600 expediti
281 2556 394 2598 sunt,
426 2552 499 2601 qui
527 2553 830 2603 quamplurimi
859 2560 973 2601 sunt,
1011 2555 1125 2605 apud
1154 2568 1235 2593 nos
1267 2562 1459 2604 manent,
1493 2562 1537 2593 et
1559 2569 1684 2594 sacro

56 2620 195 2658 Patris
216 2621 401 2660 rectoris
430 2623 647 2662 interesse
678 2625 888 2676 gaudent3
911 2638 936 2663 a
956 2639 1057 2676 quo,
1082 2627 1151 2676 pia
1173 2632 1218 2663 et
1239 2626 1403 2665 deuota
1432 2627 1687 2677 praehabita

56 2691 378 2741 exhortatione,
402 2694 582 2745 singulis
599 2695 753 2733 diebus
776 2695 1005 2735 dominicis
1028 2703 1072 2735 et
1100 2697 1270 2735 festiuis
1291 2698 1493 2749 flagranti
1514 2698 1685 2736 deside-

103 2882 112 2901 ¹
166 2880 226 2918 Ex
252 2882 439 2929 originali
470 2883 510 2919 in
541 2883 677 2921 codice
708 2884 817 2922 Med.
857 2885 913 2922 75
939 2885 1196 2929 (Mediolan.
1230 2887 1420 2924 Annuae
1450 2887 1682 2933 1557-85),

55 2937 78 2975 2
94 2939 152 2985 ff„
173 2953 239 2978 nn.
263 2941 318 2984 11,
341 2941 395 2987 125
417 2943 530 2988 prius
548 2942 632 2987 393,
654 2944 738 2980 394.

103 2999 116 3018 ²
165 2998 209 3037 P.
230 2998 393 3048 Gaspar
412 2999 579 3040 Loarte.
