2038 3400
285 256 355 294 638
753 258 973 296 LITTERAE
999 260 1358 305 QUADmMESTREs

238 361 480 400 Eiusmodi
500 361 618 401 enim
640 364 679 401 et
701 362 949 415 dignitatis
969 366 1008 403 et
1031 363 1327 403 auctoritatis
1354 366 1460 403 sunt
1495 364 1541 404 in
1563 365 1649 405 lzac
1673 366 1794 413 urbe,
1821 368 1866 404 ut

237 446 365 472 nemo
389 446 493 481 non,
532 434 830 484 quantumuis
850 434 989 474 etiam
1010 435 1198 487 egregie
1211 435 1377 486 foelix,
1400 449 1605 476 summae
1633 437 1865 489 foelicita-

237 505 294 542 tis
315 506 413 544 loco
436 507 573 545 ducat
597 505 691 545 illis
713 520 891 557 quoquo
915 509 1046 546 modo
1070 507 1361 548 innotescere.

290 589 327 625 3.
390 577 543 616 Mulier
565 591 692 628 quam
716 580 929 630 malignus
951 579 1126 630 spiritus
1148 592 1225 630 per
1247 580 1497 630 quindecim
1523 592 1660 619 annos
1682 581 1865 619 crudeli-

234 653 301 685 ter
324 648 629 697 diuexriuerat,
654 650 708 688 ad
729 663 810 689 nos
833 649 1038 697 deducta,
1073 650 1191 689 facto
1224 650 1489 697 exorcismo,
1523 665 1610 689 non
1631 653 1690 690 ita
1721 653 1864 690 statim

235 720 418 759 liberata
441 726 523 768 est,
548 728 595 759 ut
616 722 752 772 prima
782 723 1071 773 impressione
1095 721 1284 760 daemon
1315 722 1416 760 inde
1448 724 1759 773 protelaretur,
1793 724 1865 761 ubi

234 797 356 831 tanto
379 798 580 843 tempore
604 793 755 831 sedem
787 794 959 840 fixeratg
985 806 1136 831 verum
1165 793 1371 832 adhibitis
1404 794 1604 832 omnibus
1635 795 1861 842 machinis,

232 864 409 903 tandem
430 864 593 903 inuitus
617 865 766 911 cessit3
789 870 919 916 atque
942 866 1015 903 illa
1036 865 1097 903 ita
1117 864 1201 903 iam
1219 866 1354 912 ualet,
1378 871 1425 903 ut
1448 878 1666 917 nunquam
1688 865 1730 903 in
1748 866 1863 904 omni

233 942 438 974 anteacta
460 938 550 975 uita
566 936 737 975 melius.

285 1021 322 1057 4.
385 1010 487 1047 Erat
509 1009 633 1047 miles
654 1009 900 1060 gregarius,
924 1009 1103 1046 natione
1138 1020 1389 1059 germanus,
1423 1007 1494 1058 qui
1517 1008 1719 1051 undecim
1741 1009 1864 1047 annis

233 1081 446 1130 uirginem
469 1093 493 1118 a
511 1093 557 1118 se
576 1081 771 1118 uitiatam
803 1092 952 1118 secum
976 1091 1053 1129 per
1078 1079 1222 1117 onmia
1243 1079 1445 1126 duxerat,
1467 1092 1563 1118 cum
1586 1086 1733 1119 tamen
1754 1093 1863 1118 sern-

230 1166 307 1202 per
329 1153 509 1190 incertis
540 1152 718 1190 sedibus
751 1158 868 1190 esset
892 1157 1094 1203 uagatus3
1119 1165 1173 1189 ex
1196 1164 1280 1202 qua
1303 1164 1399 1189 cum
1421 1151 1567 1202 plures
1590 1151 1751 1193 liberos
1773 1165 1863 1190 sus-

231 1225 436 1274 cepisset,
460 1229 550 1262 tres
574 1225 749 1262 omnino
781 1224 973 1262 habebat
1005 1223 1284 1274 superstites;
1317 1236 1503 1274 cumque
1534 1223 1587 1261 ad
1620 1223 1863 1274 expeditio—

229 1310 328 1334 nem
349 1297 644 1346 tripolitanam
663 1309 710 1334 se
730 1297 1001 1347 accingeret,
1024 1296 1210 1334 edoctus
1232 1309 1255 1334 a
1277 1295 1468 1346 quodam
1486 1308 1539 1333 ex
1557 1296 1717 1334 nostris
1735 1308 1860 1347 quam

228 1374 595 1418 praesentaneum
617 1368 677 1406 illi
698 1369 849 1406 mortis
870 1367 1052 1406 instaret
1076 1367 1331 1417 periculum,
1350 1367 1551 1418 illiusque
1569 1367 1746 1405 monitis
1767 1380 1862 1419 per-

229 1445 388 1486 motus,
422 1440 535 1478 illam
573 1452 756 1478 uxorem
788 1439 927 1487 duxit3
959 1444 1089 1490 atque
1112 1440 1147 1477 is
1168 1439 1277 1490 ipse,
1301 1438 1374 1489 qui
1394 1439 1480 1477 hoc
1501 1438 1624 1477 militi
1645 1439 1861 1489 persuasit

227 1512 344 1560 (cnm
366 1517 542 1561 praeter
564 1511 681 1549 illum
698 1524 828 1549 nemo
853 1515 971 1549 esset
996 1512 1240 1555 Messanae,
1265 1510 1335 1564 qui
1354 1510 1606 1561 germanice
1629 1510 1747 1560 loqui
1764 1523 1860 1561 pos—

228 1585 328 1633 set),
352 1584 608 1635 sponsalitia
629 1583 860 1634 stipulatus
884 1588 965 1621 est.

283 1666 318 1703 5.
380 1656 606 1706 Exceptae
629 1661 728 1693 sunt
751 1656 882 1693 etiam
911 1655 1142 1706 gallorum,
1175 1654 1442 1692 flandrorum
1476 1656 1517 1692 et
1547 1666 1856 1705 germanorum

229 1727 550 1773 confessiones,
574 1727 745 1765 illorum
768 1727 1005 1778 praecipue
1028 1726 1101 1776 qui
1131 1727 1173 1764 in
1203 1727 1464 1764 nosocomio
1484 1725 1600 1764 lecto
1624 1725 1860 1764 decumbe-

226 1799 344 1836 bant.
372 1798 488 1848 Quid
510 1804 655 1837 autem
679 1798 868 1836 referam
890 1811 1119 1836 numerum
1151 1797 1470 1844 confitentium,
1502 1798 1573 1847 qui
1602 1797 1815 1846 jubileum
1836 1810 1860 1834 a

227 1882 335 1920 papa
356 1870 398 1908 in
419 1870 618 1908 fauorem
642 1869 936 1921 expeditionis
958 1869 1237 1920 tripolitanae
1261 1881 1521 1907 concessum
1552 1869 1860 1920 promeruere?

227 1943 360 1980 Certe
381 1946 528 1979 tantus
549 1942 644 1989 fuit,
670 1948 716 1979 ut
738 1942 811 1980 uix
834 1942 979 1979 multis
997 1941 1152 1979 diebus
1175 1941 1334 1979 decem
1353 1941 1635 1979 confessores
1659 1941 1859 1979 omnibus

226 2013 452 2052 audiendis
475 2014 745 2060 sufficerent,
770 2014 970 2065 quamuis
991 2014 1248 2064 frequenter
1278 2013 1320 2051 in
1351 2013 1446 2063 ipso
1479 2012 1565 2051 diei
1597 2013 1857 2063 crepusculo

226 2087 486 2136 incipientes
507 2099 595 2124 nox
619 2085 903 2137 oppresserit.
930 2086 1107 2123 Plurimi
1139 2089 1286 2123 autem
1317 2084 1454 2122 totius
1485 2090 1718 2122 anteactae
1742 2084 1858 2122 uitae

225 2163 407 2207 peccata
426 2158 618 2196 confessi
641 2164 754 2196 sunt.

278 2230 316 2267 6.
378 2230 585 2280 Discipuli
609 2230 673 2279 (ut
697 2230 750 2268 de
775 2230 937 2268 scholis
960 2229 1091 2267 etiam
1114 2229 1275 2279 aliquid
1299 2230 1663 2277 commemorem)
1688 2233 1731 2266 et
1753 2229 1857 2266 mul-

226 2301 257 2338 ti
280 2305 393 2347 sunt,
429 2307 471 2338 et
503 2302 873 2339 nobilissimorum
905 2314 1179 2352 quorumque
1212 2300 1302 2347 filii,
1333 2299 1446 2338 adeo
1480 2305 1525 2338 ut
1557 2299 1627 2338 uel
1650 2300 1723 2346 illi,
1748 2312 1857 2349 quos

226 2373 438 2410 habemus
472 2374 598 2411 nobis
629 2373 937 2411 infestissimos
972 2373 1190 2423 pueritiae
1223 2372 1504 2418 formatores,
1544 2371 1754 2421 conqueri
1791 2384 1857 2408 so-

225 2446 342 2482 leant
366 2457 539 2482 omnem
571 2445 651 2482 sibi
674 2446 819 2483 bolum
844 2459 866 2483 e
889 2445 1088 2482 faucibus
1111 2445 1233 2494 eripi,
1258 2443 1359 2481 dum
1395 2449 1644 2493 magnatum
1668 2443 1741 2480 filii
1763 2442 1856 2480 fere

227 2529 395 2563 omnes,
420 2529 604 2566 quorum
634 2530 768 2567 opera
797 2516 1171 2562 sustentabantur,
1205 2515 1258 2552 ad
1294 2528 1374 2553 nos
1407 2516 1646 2553 confluunt.
1680 2514 1857 2561 [Preces

221 2589 459 2638 postulat]
487 2590 712 2626 Messanae
745 2589 871 2626 nonis
904 2589 1003 2626 Maii
1029 2591 1141 2636 1500.
1168 2589 1215 2625 R.
1242 2588 1288 2626 P.
1314 2588 1363 2625 T.
1390 2586 1594 2637 indignus
1615 2587 1657 2624 in
1679 2585 1854 2624 Christo

225 2660 352 2698 filius.

1054 2713 1262 2750 AEGmms
1284 2713 1424 2749 FABER
1456 2712 1648 2749 BRUGEN.
1687 2715 1691 2733 ¹

303 2839 412 2878 Alia
432 2852 588 2878 manu.
615 2838 870 2876 Emendata.
898 2837 1113 2875 Mandata:
1139 2838 1328 2876 Genoua
1351 2842 1455 2882 etc.;
1479 2836 1737 2885 Alemagna3
1770 2835 1853 2872 alle

223 2923 248 2960 4
277 2911 504 2962 prouincie
526 2910 568 2948 di
599 2910 788 2960 Spagna.

273 3080 284 3101 ¹
336 3079 443 3115 Vide
462 3091 499 3125 p.
519 3078 555 3121 5,
575 3077 657 3113 440.
