2038 3400
333 238 403 276 322
796 240 1015 279 LmERAE
1041 240 1398 288 QUADRIMESTRES

288 343 367 380 bus
388 355 466 394 per
488 342 691 395 indignos
727 356 882 383 seruos
917 357 1020 383 suos
1054 344 1097 382 in
1132 344 1218 384 hoc
1255 344 1446 396 collegio
1483 345 1714 384 viennensi
1750 346 1920 397 operari

289 413 467 465 dignata
489 419 572 462 est;
597 428 623 453 a
655 416 908 454 multorum
931 429 1047 468 erga
1077 429 1160 456 nos
1182 417 1359 469 fauore
1380 419 1420 456 et
1451 416 1762 457 beneuolentia
1781 417 1800 435 a
1820 416 1923 454 inci-

288 488 425 536 piens,
463 485 517 525 ad
553 500 623 525 res
659 487 941 536 domesticas,
979 488 1250 539 fratrumque
1284 490 1304 514 b
1344 489 1386 528 in
1419 490 1601 541 pietate,
1639 494 1730 527 tum
1765 489 1807 526 in
1847 489 1924 526 bo-

288 557 353 595 nis
389 556 525 596 literis
569 558 817 609 profectum
859 559 1107 598 deueniam.
1132 560 1197 599 Ac
1226 560 1365 611 primo
1403 561 1593 599 omnium
1629 560 1923 612 augustissimi

289 629 419 667 electi
459 629 737 680 imperatoris
778 635 803 677 ¹,
847 636 894 668 ut
929 644 1096 669 summa
1133 644 1239 683 erga
1272 645 1354 670 nos
1389 631 1626 671 clementia
1660 638 1677 657 ⁰
1703 644 1780 682 per
1815 643 1925 682 quos

288 700 451 739 Christi
474 706 518 739 et
534 702 761 740 Ecclesiae
785 702 1014 753 negotium
1031 703 1073 741 in
1096 703 1243 754 regnis
1264 704 1353 742 suis
1374 702 1627 754 promoueri
1647 708 1853 754 peroptat
1882 706 1925 740 et

289 773 533 821 contendit,
557 774 702 812 multis
726 780 793 812 est
815 774 948 825 signis
972 775 1172 813 omnibus
1194 775 1440 826 perspicua.
1464 786 1546 824 400
1568 774 1607 813 is
1633 777 1778 825 nuper
1790 774 1926 826 flore-

288 858 370 883 nos
391 845 426 893 d,
451 846 551 884 M.00
580 845 757 884 domino
781 846 928 897 Pigler
962 852 975 872 ²
1004 846 1206 898 idipsum,
1230 847 1407 885 nomine
1429 847 1605 898 quidem
1640 852 1809 894 nostrO,
1849 844 1926 884 sed

288 918 414 955 nobis
441 918 569 968 plane
599 917 762 967 inscijs,
795 931 873 969 per
908 918 1056 957 literas
1086 919 1355 969 postulante,
1390 919 1642 967 destinauit,
1675 919 1830 969 quibus
1852 918 1927 956 do-

289 1002 382 1027 mus
404 989 618 1039 quaedam
642 990 832 1041 collegio
855 990 956 1029 huic
977 1003 1189 1030 caesareo
1213 990 1422 1042 contigua
1444 996 1628 1038 ematur,
1655 990 1928 1041 disponatur-

288 1073 373 1111 que
410 1073 462 1099 eo
499 1061 631 1099 modo
663 1067 709 1099 ut
743 1062 1027 1112 plurimorum
1059 1063 1113 1101 sit
1145 1075 1281 1114 capax
1313 1063 1633 1102 conuictorum.
1667 1062 1776 1100 Sunt
1813 1062 1926 1099 enim

288 1133 490 1183 permulti
525 1133 639 1183 (Deo
677 1132 779 1184 Opt.
818 1134 1007 1173 maximo
1044 1135 1155 1184 laus)
1205 1147 1389 1184 quorum
1425 1139 1648 1186 parentes,
1688 1133 1759 1172 uel
1797 1134 1926 1171 etiam

288 1204 475 1254 ipsimet,
500 1205 748 1256 aegerrime
770 1204 916 1243 ferunt
952 1219 998 1244 se
1030 1206 1144 1257 apud
1178 1219 1260 1244 nos
1296 1206 1441 1245 locum
1472 1219 1560 1244 non
1590 1205 1772 1252 habere,
1797 1210 1927 1254 atque

289 1276 347 1314 illi
370 1276 558 1314 maxime
580 1277 653 1327 qui
686 1280 728 1314 et
764 1277 982 1316 bonorum
1017 1290 1186 1316 morum
1226 1283 1269 1315 et
1302 1277 1561 1329 optimarum
1598 1282 1696 1316 sunt
1732 1275 1887 1314 artium
1911 1283 1927 1301 θ

289 1346 610 1386 studiosissimi.
650 1347 783 1386 Nihil
805 1349 877 1387 hic
899 1350 949 1388 de
973 1348 1172 1399 pecunia
1203 1349 1354 1388 dicam
1376 1362 1513 1399 qnam
1543 1352 1776 1400 praeterea
1805 1347 1929 1386 iussit

289 1418 415 1457 nobis
436 1419 448 1443 f
473 1419 580 1467 dari,
604 1425 651 1457 ut
672 1420 715 1458 in
751 1419 837 1458 hoc
868 1432 1078 1459 caesareo
1111 1433 1189 1459 suo
1214 1421 1404 1472 collegio
1430 1420 1738 1471 calcographia
1764 1418 1793 1466 ³,
1817 1431 1928 1470 quae

290 1491 434 1541 plures
468 1492 522 1529 ob
555 1504 708 1529 causas
741 1496 808 1529 est
829 1493 1177 1542 pernecessaria,
1213 1493 1473 1544 erigeretur.
1513 1492 1720 1531 Prudens
1749 1491 1929 1530 silentio

287 1564 525 1612 praetereo
549 1575 685 1612 quam
706 1563 830 1613 plura
851 1570 873 1595 g
894 1564 977 1601 alia
998 1576 1111 1615 quae
1133 1563 1175 1602 in
1210 1576 1292 1602 nos
1314 1564 1499 1602 contulit
1521 1576 1572 1602 ac
1603 1575 1736 1614 saepe
1759 1562 1929 1601 confert

289 1634 521 1682 beneficia,
551 1647 606 1672 ne
630 1635 709 1673 sim
730 1640 908 1686 praeter
931 1634 1108 1674 modum
1130 1636 1343 1687 prolixus,
1369 1636 1515 1686 Atque
1537 1636 1609 1674 illa
1633 1636 1763 1674 etiam
1788 1635 1931 1674 omnia

290 1705 523 1744 commoda
559 1705 715 1744 eadem
751 1706 922 1744 ratione
957 1707 1305 1757 praetermittam
1342 1707 1512 1755 lubens,
1545 1719 1658 1757 quae
1678 1712 1929 1745 nostrorum

292 1778 649 1829 interpellatione
686 1790 733 1816 se
773 1779 920 1829 plures
957 1791 1056 1818 esse
1093 1785 1362 1818 consecutos
1396 1779 1616 1818 fateantur
1652 1784 1844 1830 oportet,
1882 1780 1931 1816 ut

294 1850 387 1888 iam
408 1863 500 1889 non
521 1849 681 1902 officia
704 1852 837 1889 modo
859 1853 1023 1889 nostra
1045 1851 1216 1898 omnia,
1240 1853 1317 1891 sed
1346 1864 1429 1890 nos
1450 1851 1572 1903 ipsos
1593 1851 1746 1898 etiam,
1770 1852 1819 1888 ut
1841 1849 1932 1888 clici

289 1922 416 1969 solet,
443 1920 624 1961 caesari
657 1924 817 1961 nostro
841 1923 1094 1971 debeamus,
1120 1922 1195 1962 cui
1218 1924 1236 1948 h
1258 1936 1336 1975 pro
1359 1923 1518 1975 insigni
1539 1923 1822 1974 imperatoria
1842 1923 1930 1972 pie·

291 1997 399 2040 tate,
422 2007 515 2032 uon
544 2006 790 2033 seruorum
810 1996 886 2034 sed
906 1995 1094 2033 filiorum
1128 1994 1281 2043 eiiam,
1307 2001 1396 2043 aut,
1430 2000 1476 2034 ut
1498 1996 1591 2047 ipse
1622 2006 1930 2046 nonnunquam

291 2065 441 2104 dicere
480 2068 728 2115 consueuit,
766 2073 937 2118 patrum
974 2067 1277 2119 spiritualium,
1314 2071 1364 2107 Ίιΐ
1400 2070 1579 2115 uocant,
1614 2068 1761 2120 potius
1795 2067 1929 2105 locoi

294 2150 393 2176 esse
411 2139 532 2177 multi
552 2139 707 2177 Patres
724 2139 863 2177 nostri
894 2139 1116 2187 uidentur,
1140 2152 1250 2190 quos
1266 2153 1345 2191 pro
1365 2140 1570 2192 singulari
1593 2152 1678 2191 quo
1697 2140 1739 2178 in
1755 2144 1931 2177 nostros

292 2216 358 2248 est
393 2222 637 2261 propensus
674 2210 839 2249 affectu
873 2210 1188 2250 humanissime
1221 2224 1354 2262 saepe
1387 2212 1552 2262 excipit
1578 2211 1606 2249 J'.
1632 2211 1767 2249 Audit
1797 2210 1931 2248 liben-

337 2371 356 2389 a
406 2371 457 2408 ab
473 2372 653 2408 externis
669 2384 781 2418 ergo.
838 2373 902 2398 —b
924 2378 1021 2409 tum,
1077 2380 1140 2399 —0
1167 2372 1414 2419 benignitas.
1460 2372 1528 2398 -ᾱ
1548 2384 1740 2418 magnam
1757 2371 1788 2408 is
1802 2383 1932 2418 nuper

293 2431 490 2477 pecuniae
510 2444 724 2468 summam.
779 2440 842 2458 -e
865 2432 956 2479 Seq.
980 2432 1063 2469 del.
1087 2438 1192 2469 sunt.
1247 2432 1305 2457 —f
1331 2432 1453 2469 aliam
1482 2432 1605 2469 etiam
1634 2432 1781 2468 bonam
1814 2443 1931 2478 pecu-

291 2491 383 2527 niae
401 2503 571 2528 surnam.
606 2499 676 2523 -Ξ
697 2491 851 2529 Omitto
869 2492 1091 2539 complura.
1127 2494 1193 2518 —h
1215 2492 1316 2529 adeo
1335 2497 1390 2528 vt.
1427 2493 1482 2518 -ἰ
1510 2491 1652 2529 cesari.
1688 2491 1744 2523 -J'
1775 2491 1931 2528 Emen—

291 2551 383 2588 dat.
405 2561 455 2587 ex
474 2551 644 2598 excepit.

341 2715 348 2732 ¹
402 2712 700 2749 Ferdinandus.

339 2773 351 2792 ²
403 2772 641 2809 Leonardus
677 2771 903 2809 Puchlerus
938 2773 1117 2810 caesaris
1156 2773 1424 2809 consiliarius.
1461 2771 1525 2809 Cf.
1568 2771 1927 2816 BRAUNSBERGER,

297 2834 345 2870 Β.
367 2832 491 2870 Petri
511 2832 682 2869 Canisiz'
698 2833 836 2878 epist„
858 2831 907 2875 ΙΙ,
928 2832 1011 2869 571.

340 2893 352 2912 ⁸
404 2891 467 2928 De
517 2892 634 2939 hujus
677 2892 973 2938 typographiae
1018 2892 1363 2930 vicissitudinibus
1417 2892 1545 2928 multa
1598 2892 1781 2928 invenies
1824 2892 1929 2938 apud

296 2952 650 2992 BRAUNSBERGER,
683 2951 705 2986 l.
738 2963 783 2995 c.‚
817 2950 866 2995 II,
896 2962 1005 2998 sqq.;
1042 2951 1191 2989 Lainiz'
1220 2951 1430 2995 Manum..
1467 2950 1538 2992 IV,
1571 2964 1662 2998 sqq.
1699 2951 1768 2987 Cf.
1805 2951 1928 2987 etiam

296 3012 435 3053 Dima.
459 3010 764 3053 Gesclzz‘chte...,
786 3010 815 3053 Ι,
844 3010 926 3053 582,
956 3023 1053 3058 500.;
1083 3010 1234 3049 GOMEZ
1261 3011 1477 3052 RODELES.
1509 3010 1760 3057 Imprentas
1787 3010 1842 3047 de
1868 3011 1930 3047 los

293 3072 497 3115 ttl'zll'glcos
509 3070 723 3116 Jesuitas,
745 3071 849 3117 apud
870 3070 1018 3110 Razon
1032 3082 1064 3116 y
1086 3071 1155 3116 Fe,
1179 3070 1261 3107 vol.
1287 3070 1334 3107 25
1351 3070 1489 3115 (1909),
1510 3070 1579 3107 477
1598 3082 1682 3117 sqq.
