2038 3400
546 284 933 323 407.—V1N00130NA
959 288 1000 324 31
1033 289 1222 325 Amusn
1253 288 1342 326 1560
1636 290 1706 327 757

127 384 227 434 quin
251 390 294 423 et
314 386 533 436 pijssimus
557 394 678 426 certe
709 402 759 428 ac
791 389 1126 440 eruditissimus)
1156 404 1463 441 nonnunquam
1499 398 1640 442 rogat,
1674 392 1749 429 sed

124 456 232 494 alios
269 457 397 495 etiam
428 459 499 508 qui
522 459 586 496 his
609 460 661 497 de
685 460 815 498 rebus
839 461 1027 499 eundem
1050 463 1296 508 consulunt,
1322 462 1374 499 ad
1395 475 1475 499 nos
1498 463 1642 501 mittit.
1667 463 1749 501 Cu-

125 533 242 565 ratur
263 528 409 579 itaque
433 530 576 567 multis
598 531 752 577 modis,
778 536 822 569 ut
845 532 960 582 quod
992 534 1216 571 execratio
1249 534 1471 571 haeretica
1502 534 1654 572 horum
1688 549 1749 573 sa-

124 604 445 637 cramentorum
478 599 605 650 impie
638 602 678 638 in
708 603 818 641 lianc
849 604 1070 642 ciuitatem
1099 605 1266 642 inuexit
1298 607 1523 651 malorum,
1547 605 1589 643 id
1613 606 1747 655 ipsum

123 669 191 719 pie
214 676 232 694 a
252 682 329 720 per
351 670 592 721 legitimum
615 685 665 710 ac
686 673 962 724 frequentem
986 688 1135 713 eorum
1160 688 1281 713 usum
1312 677 1496 726 pellatur
1525 675 1746 726 imprimis,

121 752 172 778 ac
203 741 341 779 omnis
370 740 529 780 deinde
561 743 760 794 impietas
790 745 942 795 pietati
974 758 1078 783 uere
1102 745 1361 784 christianae
1384 747 1457 785 det
1479 760 1657 797 prorsus
1679 748 1746 784 uel

122 812 256 849 inuita
277 813 436 850 locum.

174 893 211 930 3.
273 884 395 922 Haec
416 885 563 935 itaque
587 885 689 922 satis
720 886 761 923 in
793 899 959 936 genere
992 888 1044 925 de
1077 894 1449 927 sacramentorum
1481 889 1748 927 administra-

120 954 239 992 tione
258 955 372 993 dicta
390 955 487 993 sint.
510 956 597 993 Iam
615 968 723 994 uero
742 956 796 994 de
815 958 1100 996 concionibus
1117 972 1255 1009 pauca
1272 959 1473 997 referam.
1495 960 1661 998 Omitto
1680 960 1748 998 hic

119 1025 236 1076 quod
267 1027 459 1076 (praeter
497 1039 586 1073 eas,
619 1040 730 1078 quae
753 1028 793 1065 in
816 1034 967 1067 nostro
991 1031 1155 1080 templo
1178 1044 1201 1068 a
1222 1031 1274 1069 D.
1300 1031 1532 1068 Lamberto
1559 1033 1565 1050 ¹
1589 1045 1746 1081 magno

120 1109 215 1135 Cum
237 1098 381 1136 fructu
400 1104 443 1135 et
467 1099 713 1138 auditorum
736 1100 981 1151 frequentia
1003 1101 1124 1148 fiunt,
1145 1101 1199 1139 de
1216 1102 1371 1153 quibus
1390 1117 1520 1153 saepe
1539 1105 1746 1153 scriptum

119 1169 172 1207 ad
196 1170 242 1206 R.
267 1169 317 1207 T.
343 1171 389 1207 P.
421 1171 504 1208 iam
536 1177 665 1208 antea
697 1172 781 1220 est)
810 1172 1161 1221 frequentissime
1194 1178 1279 1211 tam
1311 1175 1352 1212 in
1374 1187 1541 1212 summo
1565 1176 1744 1225 templo,

117 1255 243 1292 quam
274 1242 315 1279 in
350 1242 444 1291 alijs
476 1243 690 1292 primarijs
721 1243 828 1280 locis
859 1256 882 1281 a
910 1244 1071 1281 nostris
1102 1245 1211 1283 hanc
1244 1246 1299 1283 ob
1331 1258 1504 1284 causam
1527 1247 1746 1297 requisitis

118 1312 333 1350 habentur
356 1313 609 1351 conciones,
634 1313 784 1364 Nuper
807 1327 904 1352 cum
925 1327 1003 1365 pro
1027 1322 1240 1366 suggesto
1264 1330 1478 1368 pauperes
1501 1317 1676 1364 Christi,
1703 1323 1746 1355 et

116 1383 143 1432 ij
163 1384 232 1433 qui
255 1383 297 1420 in
321 1395 498 1421 carcere
517 1383 768 1421 detinentur
786 1385 959 1435 (quibus
979 1399 1057 1436 pro
1076 1399 1197 1424 more
1221 1388 1456 1426 Societatis
1480 1401 1607 1439 opem
1629 1389 1743 1427 ferre

117 1455 377 1505 studemus),
402 1456 563 1505 populo
583 1455 635 1493 ab
655 1456 812 1494 eodem
830 1457 882 1494 D.
903 1457 1136 1496 Lamberto
1156 1459 1567 1498 commendarentur
1584 1461 1626 1498 in
1645 1473 1744 1498 con-

117 1526 259 1572 cione,
292 1525 360 1574 alij
394 1524 568 1575 quidem
600 1527 822 1576 pecunias,
856 1527 925 1576 alij
959 1527 1117 1575 cibum,
1155 1529 1224 1579 alij
1262 1542 1332 1567 res
1365 1544 1556 1581 quasque
1592 1544 1744 1570 neces-

115 1597 263 1643 sarias,
304 1602 510 1647 quantum
547 1597 757 1647 cuiusque
792 1598 1023 1637 facultates
1057 1599 1347 1650 patiebantur,
1385 1602 1425 1639 in
1466 1603 1580 1640 hunc
1618 1617 1742 1642 usum

114 1667 227 1706 haud
257 1666 439 1718 impigre
468 1669 763 1707 contulerunt.
790 1671 963 1719 Quanto
986 1685 1092 1710 uero
1117 1685 1214 1710 cum
1236 1672 1380 1711 fructu
1403 1674 1613 1713 exercitia
1634 1675 1743 1713 haec

112 1739 289 1790 pietatis
310 1751 360 1777 ac
384 1739 527 1777 officia
547 1745 697 1778 nostra
719 1742 990 1792 excipiantur
1011 1744 1063 1782 ab
1088 1744 1303 1791 omnibus,
1341 1745 1513 1783 abunde
1545 1746 1648 1784 satis
1670 1746 1742 1784 de-

113 1813 261 1857 clarat,
299 1816 389 1847 tum
424 1822 630 1849 accessus
667 1814 899 1851 multorum
935 1814 989 1852 ad
1024 1821 1273 1853 nostrorum
1306 1817 1545 1854 conciones
1575 1818 1616 1854 in
1647 1816 1741 1856 dies

113 1883 248 1920 maior
270 1894 320 1920 ac
349 1882 500 1929 maior,
534 1888 624 1920 tum
657 1896 786 1934 saepe
818 1897 842 1922 a
874 1885 1072 1924 Patribus
1106 1887 1267 1924 nostris
1298 1887 1507 1938 requisita
1544 1889 1738 1935 consilia,

112 1958 202 1992 tum
225 1953 355 1991 etiam
376 1952 649 2003 frequentior
671 1967 908 1994 concursus
930 1958 983 1995 ad
1006 1958 1238 1996 ecclesiam
1259 1965 1468 2006 nostram,
1489 1965 1532 1998 et
1554 1962 1738 1999 maxime

112 2038 212 2062 usus
235 2033 607 2065 sacramentorum
638 2026 873 2078 legitimuS,
908 2034 951 2065 et
981 2029 1256 2080 frequentius
1287 2044 1414 2082 quam
1450 2033 1636 2071 antehac
1667 2046 1740 2070 un-

112 2109 253 2146 quam,
275 2101 317 2134 et
334 2098 569 2148 apluribus
591 2097 814 2144 ambabus,
838 2103 884 2135 ut
914 2100 1046 2147 aiunt,
1072 2101 1183 2139 ulnis
1206 2114 1303 2140 cum
1326 2103 1485 2153 gaudio
1509 2108 1736 2154 exceptus.

112 2168 367 2206 Excitantur
389 2181 509 2215 sane,
534 2181 585 2207 ac
606 2169 659 2207 ad
689 2169 908 2220 antiquam
938 2171 1053 2210 illam
1083 2173 1293 2224 pietatem
1325 2175 1618 2226 germanicam
1650 2175 1738 2213 ubi-

111 2252 194 2290 que
226 2244 438 2278 terrarum
471 2240 627 2279 merito
664 2241 879 2280 laudatam
915 2250 1180 2283 reuocantur
1210 2247 1347 2293 multi,
1380 2248 1496 2298 quod
1528 2249 1736 2298 templum

110 2316 305 2349 nostrum
340 2311 452 2350 adeo
488 2310 694 2350 mundum
724 2325 775 2351 ac
805 2314 949 2353 multis
971 2315 1111 2354 modis
1134 2322 1333 2356 ornatum
1356 2318 1521 2357 uident.
1545 2319 1654 2357 Cum
1678 2325 1737 2357 ta·

110 2382 392 2420 bernaculum
414 2382 674 2420 sanctissimi
696 2384 904 2434 Corporis
927 2385 1087 2424 Christi
1107 2387 1149 2425 in
1170 2387 1286 2427 festo
1309 2389 1351 2427 S.
1371 2389 1548 2439 Joannis
1571 2390 1737 2440 Baptis-

111 2458 180 2490 tae
203 2453 244 2490 in
266 2452 389 2490 altari
409 2457 560 2491 nostro
584 2454 1014 2504 magnificentissime
1037 2463 1233 2496 erectum
1256 2459 1327 2497 uix
1349 2469 1426 2508 250
1447 2465 1520 2497 aut
1551 2470 1628 2507 300
1661 2462 1736 2499 flo-

111 2523 225 2561 renis
260 2528 394 2570 esset,
426 2524 483 2574 pij
516 2524 716 2562 homines
746 2526 992 2576 gratissimo
1025 2528 1067 2566 id
1097 2528 1271 2578 quidem
1304 2531 1445 2568 animo
1477 2543 1564 2569 non
1604 2531 1734 2569 modo

111 2593 328 2641 uiderunt,
352 2593 430 2632 sed
452 2594 753 2633 liberalissime
776 2596 905 2634 etiam
922 2604 1129 2646 quantum
1149 2611 1334 2638 necesse
1356 2600 1437 2639 fuit
1452 2602 1733 2652 pecuniarum

108 2664 150 2702 in
179 2665 294 2702 hunc
323 2678 447 2703 usum
479 2667 773 2705 contulerunt.
810 2667 901 2706 Imo
934 2681 1036 2707 sane
1070 2672 1257 2720 permoti
1287 2673 1588 2723 quamplurimi
1622 2674 1735 2712 fama

109 2735 210 2773 dicti
242 2735 525 2783 tabernaculi,
560 2736 736 2776 uidendi
768 2750 899 2777 causa
927 2739 1013 2778 huc
1042 2753 1141 2779 sese
1173 2742 1474 2790 conferebant,
1504 2756 1554 2782 ac
1583 2756 1734 2783 omnes

110 2808 405 2858 cuiuscunque
428 2807 692 2847 conditionis
714 2810 785 2847 uel
806 2810 1030 2861 religionis
1052 2818 1215 2860 essent,
1254 2827 1339 2852 uno
1371 2814 1512 2854 animo
1546 2815 1733 2855 studium

155 2945 175 2965 ²²
224 2946 289 2992 pie
307 2950 446 2992 supra
463 2955 572 2983 vers.

158 3086 167 3106 ¹
224 3084 266 3123 P.
287 3085 532 3126 Lambertus
546 3088 677 3127 Auer.
