<?xml version="1.0" encoding="UTF-8"?>
<!DOCTYPE html PUBLIC "-//W3C//DTD XHTML 1.0 Transitional//EN"
    "http://www.w3.org/TR/xhtml1/DTD/xhtml1-transitional.dtd">
<html xmlns="http://www.w3.org/1999/xhtml" xml:lang="en" lang="en">
 <head>
  <title>
</title>
<meta http-equiv="Content-Type" content="text/html;charset=utf-8" />
  <meta name='ocr-system' content='tesseract 3.04.00' />
  <meta name='ocr-capabilities' content='ocr_page ocr_carea ocr_par ocr_line ocrx_word'/>
</head>
<body>
  <div class='ocr_page' id='page_1' title='image "./litteraequadrime18lain_0197.png"; bbox 0 0 2038 3400; ppageno 0'>
   <div class='ocr_carea' id='block_1_1' title="bbox 523 214 1631 263">
    <p class='ocr_par' dir='ltr' id='par_1_1' title="bbox 523 214 1631 263">
     <span class='ocr_line' id='line_1_1' title="bbox 523 214 1631 263; baseline 0.003 -10"><span class='ocrx_word' id='word_1_1' title='bbox 523 214 909 254; x_wconf 62' lang='lat' dir='ltr'>257.--V1N120130m</span> <span class='ocrx_word' id='word_1_2' title='bbox 940 217 954 252; x_wconf 91' lang='lat'>1</span> <span class='ocrx_word' id='word_1_3' title='bbox 985 215 1093 263; x_wconf 80' lang='lat' dir='ltr'>MAJ1</span> <span class='ocrx_word' id='word_1_4' title='bbox 1124 217 1213 253; x_wconf 70' lang='lat'>1559</span> <span class='ocrx_word' id='word_1_5' title='bbox 1568 219 1631 256; x_wconf 54' lang='lat'>172)</span> 
     </span>
    </p>
   </div>
   <div class='ocr_carea' id='block_1_2' title="bbox 63 319 1706 2225">
    <p class='ocr_par' dir='ltr' id='par_1_2' title="bbox 63 319 1706 2225">
     <span class='ocr_line' id='line_1_2' title="bbox 63 319 1680 373; baseline 0.001 -15"><span class='ocrx_word' id='word_1_6' title='bbox 63 332 193 359; x_wconf 91' lang='lat' dir='ltr'>unum</span> <span class='ocrx_word' id='word_1_7' title='bbox 222 319 347 359; x_wconf 89' lang='lat' dir='ltr'>nobis</span> <span class='ocrx_word' id='word_1_8' title='bbox 376 319 631 371; x_wconf 89' lang='lat' dir='ltr'>discipulum</span> <span class='ocrx_word' id='word_1_9' title='bbox 659 319 798 359; x_wconf 91' lang='lat' dir='ltr'>daret.</span> <span class='ocrx_word' id='word_1_10' title='bbox 825 319 951 369; x_wconf 70' lang='lat' dir='ltr'>Quae</span> <span class='ocrx_word' id='word_1_11' title='bbox 970 328 989 346; x_wconf 60' lang='grc' dir='ltr'><strong>ὃ</strong></span> <span class='ocrx_word' id='word_1_12' title='bbox 1008 322 1210 359; x_wconf 78' lang='lat' dir='ltr'>comedia</span> <span class='ocrx_word' id='word_1_13' title='bbox 1232 335 1331 360; x_wconf 69' lang='lat' dir='ltr'>cnm</span> <span class='ocrx_word' id='word_1_14' title='bbox 1353 322 1535 373; x_wconf 87' lang='lat' dir='ltr'>primum</span> <span class='ocrx_word' id='word_1_15' title='bbox 1559 323 1680 360; x_wconf 83' lang='lat' dir='ltr'>exhi-</span> 
     </span>
     <span class='ocr_line' id='line_1_3' title="bbox 63 391 1679 444; baseline 0.001 -15"><span class='ocrx_word' id='word_1_16' title='bbox 63 392 255 438; x_wconf 83' lang='lat' dir='ltr'>beretur,</span> <span class='ocrx_word' id='word_1_17' title='bbox 277 391 631 442; x_wconf 81' lang='lat' dir='ltr'>archiepiscopus</span> <span class='ocrx_word' id='word_1_18' title='bbox 653 391 954 443; x_wconf 82' lang='lat' dir='ltr'>strigoniensis</span> <span class='ocrx_word' id='word_1_19' title='bbox 978 397 1021 430; x_wconf 87' lang='lat' dir='ltr'>et</span> <span class='ocrx_word' id='word_1_20' title='bbox 1045 393 1293 431; x_wconf 81' lang='lat' dir='ltr'>viennensis</span> <span class='ocrx_word' id='word_1_21' title='bbox 1323 394 1553 444; x_wconf 79' lang='lat' dir='ltr'>episcopus</span> <span class='ocrx_word' id='word_1_22' title='bbox 1585 406 1679 431; x_wconf 81' lang='lat' dir='ltr'>cum</span> 
     </span>
     <span class='ocr_line' id='line_1_4' title="bbox 63 463 1685 515; baseline 0.001 -15"><span class='ocrx_word' id='word_1_23' title='bbox 63 464 157 512; x_wconf 85' lang='lat' dir='ltr'>alijs</span> <span class='ocrx_word' id='word_1_24' title='bbox 180 463 394 513; x_wconf 90' lang='lat' dir='ltr'>episcopis</span> <span class='ocrx_word' id='word_1_25' title='bbox 415 463 603 513; x_wconf 88' lang='lat' dir='ltr'>quinque</span> <span class='ocrx_word' id='word_1_26' title='bbox 626 463 930 511; x_wconf 86' lang='lat' dir='ltr'>interfuerunt,</span> <span class='ocrx_word' id='word_1_27' title='bbox 954 476 1038 502; x_wconf 90' lang='lat' dir='ltr'>nec</span> <span class='ocrx_word' id='word_1_28' title='bbox 1058 464 1139 502; x_wconf 90' lang='lat' dir='ltr'>illis</span> <span class='ocrx_word' id='word_1_29' title='bbox 1161 464 1281 502; x_wconf 88' lang='lat' dir='ltr'>tedio</span> <span class='ocrx_word' id='word_1_30' title='bbox 1304 465 1384 502; x_wconf 85' lang='lat' dir='ltr'>fuit</span> <span class='ocrx_word' id='word_1_31' title='bbox 1406 465 1564 515; x_wconf 87' lang='lat' dir='ltr'>agendi</span> <span class='ocrx_word' id='word_1_32' title='bbox 1586 478 1685 515; x_wconf 89' lang='lat' dir='ltr'>pro-</span> 
     </span>
     <span class='ocr_line' id='line_1_5' title="bbox 63 533 1684 586; baseline 0 -13"><span class='ocrx_word' id='word_1_33' title='bbox 63 535 220 574; x_wconf 86' lang='lat' dir='ltr'>lixitas.</span> <span class='ocrx_word' id='word_1_34' title='bbox 253 534 362 571; x_wconf 90' lang='lat' dir='ltr'>Nam</span> <span class='ocrx_word' id='word_1_35' title='bbox 397 547 421 572; x_wconf 91' lang='lat' dir='ltr'>a</span> <span class='ocrx_word' id='word_1_36' title='bbox 450 533 712 573; x_wconf 89' lang='lat' dir='ltr'>duodecima</span> <span class='ocrx_word' id='word_1_37' title='bbox 741 535 879 573; x_wconf 89' lang='lat' dir='ltr'>ferme</span> <span class='ocrx_word' id='word_1_38' title='bbox 910 536 1018 574; x_wconf 90' lang='lat' dir='ltr'>hora</span> <span class='ocrx_word' id='word_1_39' title='bbox 1048 535 1101 573; x_wconf 87' lang='lat' dir='ltr'>ad</span> <span class='ocrx_word' id='word_1_40' title='bbox 1123 539 1319 586; x_wconf 78' lang='lat' dir='ltr'>quintam</span> <span class='ocrx_word' id='word_1_41' title='bbox 1343 548 1478 586; x_wconf 85' lang='lat' dir='ltr'>usque</span> <span class='ocrx_word' id='word_1_42' title='bbox 1502 536 1684 573; x_wconf 84' lang='lat' dir='ltr'>durabat</span> 
     </span>
     <span class='ocr_line' id='line_1_6' title="bbox 64 604 1689 658; baseline 0.001 -14"><span class='ocrx_word' id='word_1_43' title='bbox 64 606 194 652; x_wconf 89' lang='lat' dir='ltr'>actio,</span> <span class='ocrx_word' id='word_1_44' title='bbox 217 604 329 642; x_wconf 89' lang='lat' dir='ltr'>adeo</span> <span class='ocrx_word' id='word_1_45' title='bbox 353 606 520 644; x_wconf 88' lang='lat' dir='ltr'>cunctis</span> <span class='ocrx_word' id='word_1_46' title='bbox 543 606 813 657; x_wconf 88' lang='lat' dir='ltr'>uoluptatem</span> <span class='ocrx_word' id='word_1_47' title='bbox 836 607 994 654; x_wconf 88' lang='lat' dir='ltr'>attulit,</span> <span class='ocrx_word' id='word_1_48' title='bbox 1021 613 1064 644; x_wconf 91' lang='lat' dir='ltr'>et</span> <span class='ocrx_word' id='word_1_49' title='bbox 1095 607 1346 658; x_wconf 81' lang='lat' dir='ltr'>applausum</span> <span class='ocrx_word' id='word_1_50' title='bbox 1380 606 1588 646; x_wconf 84' lang='lat' dir='ltr'>excitauit</span> <span class='ocrx_word' id='word_1_51' title='bbox 1621 606 1689 645; x_wconf 71' lang='lat' dir='ltr'>rei</span> 
     </span>
     <span class='ocr_line' id='line_1_7' title="bbox 65 676 1689 729; baseline 0.001 -14"><span class='ocrx_word' id='word_1_52' title='bbox 65 682 346 725; x_wconf 70' lang='lat' dir='ltr'>actorumque</span> <span class='ocrx_word' id='word_1_53' title='bbox 368 676 547 715; x_wconf 77' lang='lat' dir='ltr'>solertia</span> <span class='ocrx_word' id='word_1_54' title='bbox 569 683 612 714; x_wconf 88' lang='lat' dir='ltr'>et</span> <span class='ocrx_word' id='word_1_55' title='bbox 633 678 694 715; x_wconf 87' lang='lat' dir='ltr'>rei</span> <span class='ocrx_word' id='word_1_56' title='bbox 718 677 891 716; x_wconf 90' lang='lat' dir='ltr'>diuinae</span> <span class='ocrx_word' id='word_1_57' title='bbox 927 678 1271 729; x_wconf 87' lang='lat' dir='ltr'>magnificencia.</span> <span class='ocrx_word' id='word_1_58' title='bbox 1307 680 1545 716; x_wconf 84' lang='lat' dir='ltr'>Praetereo</span> <span class='ocrx_word' id='word_1_59' title='bbox 1582 685 1689 728; x_wconf 75' lang='lat' dir='ltr'>quot</span> 
     </span>
     <span class='ocr_line' id='line_1_8' title="bbox 65 747 1689 799; baseline 0.001 -15"><span class='ocrx_word' id='word_1_60' title='bbox 65 747 150 785; x_wconf 94' lang='lat' dir='ltr'>illic</span> <span class='ocrx_word' id='word_1_61' title='bbox 171 747 250 785; x_wconf 86' lang='lat' dir='ltr'>uisi</span> <span class='ocrx_word' id='word_1_62' title='bbox 273 747 356 784; x_wconf 89' lang='lat' dir='ltr'>sint</span> <span class='ocrx_word' id='word_1_63' title='bbox 378 747 619 797; x_wconf 85' lang='lat' dir='ltr'>lachrymas</span> <span class='ocrx_word' id='word_1_64' title='bbox 640 748 922 799; x_wconf 84' lang='lat' dir='ltr'>profundere,</span> <span class='ocrx_word' id='word_1_65' title='bbox 945 762 1001 787; x_wconf 92' lang='lat' dir='ltr'>ne</span> <span class='ocrx_word' id='word_1_66' title='bbox 1022 750 1041 774; x_wconf 78' lang='lat' dir='ltr'>b</span> <span class='ocrx_word' id='word_1_67' title='bbox 1065 749 1205 788; x_wconf 90' lang='lat' dir='ltr'>dicam</span> <span class='ocrx_word' id='word_1_68' title='bbox 1229 750 1283 788; x_wconf 90' lang='lat' dir='ltr'>de</span> <span class='ocrx_word' id='word_1_69' title='bbox 1306 749 1563 788; x_wconf 82' lang='lat' dir='ltr'>densissima</span> <span class='ocrx_word' id='word_1_70' title='bbox 1585 750 1689 787; x_wconf 87' lang='lat' dir='ltr'>mul-</span> 
     </span>
     <span class='ocr_line' id='line_1_9' title="bbox 65 818 1686 872; baseline 0.001 -17"><span class='ocrx_word' id='word_1_71' title='bbox 65 824 208 856; x_wconf 91' lang='lat' dir='ltr'>torum</span> <span class='ocrx_word' id='word_1_72' title='bbox 229 818 390 856; x_wconf 91' lang='lat' dir='ltr'>milium</span> <span class='ocrx_word' id='word_1_73' title='bbox 413 830 591 865; x_wconf 84' lang='lat' dir='ltr'>corona,</span> <span class='ocrx_word' id='word_1_74' title='bbox 615 831 726 868; x_wconf 86' lang='lat' dir='ltr'>quae</span> <span class='ocrx_word' id='word_1_75' title='bbox 748 820 873 858; x_wconf 87' lang='lat' dir='ltr'>nobis</span> <span class='ocrx_word' id='word_1_76' title='bbox 905 833 1080 859; x_wconf 85' lang='lat' dir='ltr'>scamna</span> <span class='ocrx_word' id='word_1_77' title='bbox 1111 820 1338 872; x_wconf 80' lang='lat' dir='ltr'>perfregit,</span> <span class='ocrx_word' id='word_1_78' title='bbox 1375 833 1458 859; x_wconf 90' lang='lat' dir='ltr'>nec</span> <span class='ocrx_word' id='word_1_79' title='bbox 1492 821 1686 870; x_wconf 84' lang='lat' dir='ltr'>plebeio-</span> 
     </span>
     <span class='ocr_line' id='line_1_10' title="bbox 67 887 1687 941; baseline 0.002 -16"><span class='ocrx_word' id='word_1_80' title='bbox 67 900 157 926; x_wconf 89' lang='lat' dir='ltr'>rum</span> <span class='ocrx_word' id='word_1_81' title='bbox 179 893 361 935; x_wconf 87' lang='lat' dir='ltr'>tantum,</span> <span class='ocrx_word' id='word_1_82' title='bbox 386 887 465 925; x_wconf 86' lang='lat' dir='ltr'>sed</span> <span class='ocrx_word' id='word_1_83' title='bbox 482 894 525 926; x_wconf 88' lang='lat' dir='ltr'>et</span> <span class='ocrx_word' id='word_1_84' title='bbox 543 888 774 928; x_wconf 89' lang='lat' dir='ltr'>doctorum</span> <span class='ocrx_word' id='word_1_85' title='bbox 798 896 841 927; x_wconf 89' lang='lat' dir='ltr'>et</span> <span class='ocrx_word' id='word_1_86' title='bbox 858 891 1166 941; x_wconf 88' lang='lat' dir='ltr'>magistrorum</span> <span class='ocrx_word' id='word_1_87' title='bbox 1185 897 1229 929; x_wconf 90' lang='lat' dir='ltr'>et</span> <span class='ocrx_word' id='word_1_88' title='bbox 1250 890 1511 930; x_wconf 85' lang='lat' dir='ltr'>nobiliorum</span> <span class='ocrx_word' id='word_1_89' title='bbox 1530 891 1687 928; x_wconf 86' lang='lat' dir='ltr'>ciuium</span> 
     </span>
     <span class='ocr_line' id='line_1_11' title="bbox 65 960 1689 1014; baseline 0.001 -16"><span class='ocrx_word' id='word_1_90' title='bbox 65 960 221 1011; x_wconf 84' lang='lat' dir='ltr'>ingens</span> <span class='ocrx_word' id='word_1_91' title='bbox 243 965 335 998; x_wconf 87' lang='lat' dir='ltr'>erat</span> <span class='ocrx_word' id='word_1_92' title='bbox 357 972 609 1007; x_wconf 82' lang='lat' dir='ltr'>concursuS,</span> <span class='ocrx_word' id='word_1_93' title='bbox 634 967 679 999; x_wconf 87' lang='lat' dir='ltr'>ut</span> <span class='ocrx_word' id='word_1_94' title='bbox 700 962 797 1000; x_wconf 82' lang='lat' dir='ltr'>loca</span> <span class='ocrx_word' id='word_1_95' title='bbox 819 962 1091 1013; x_wconf 86' lang='lat' dir='ltr'>magnatibus</span> <span class='ocrx_word' id='word_1_96' title='bbox 1109 963 1325 1001; x_wconf 88' lang='lat' dir='ltr'>destinata</span> <span class='ocrx_word' id='word_1_97' title='bbox 1344 969 1387 1001; x_wconf 89' lang='lat' dir='ltr'>et</span> <span class='ocrx_word' id='word_1_98' title='bbox 1409 976 1512 1001; x_wconf 90' lang='lat' dir='ltr'>area</span> <span class='ocrx_word' id='word_1_99' title='bbox 1532 962 1689 1014; x_wconf 84' lang='lat' dir='ltr'>passim</span> 
     </span>
     <span class='ocr_line' id='line_1_12' title="bbox 68 1032 1694 1085; baseline 0.002 -17"><span class='ocrx_word' id='word_1_100' title='bbox 68 1037 402 1081; x_wconf 81' lang='lat' dir='ltr'>occuparentur,</span> <span class='ocrx_word' id='word_1_101' title='bbox 428 1036 471 1068; x_wconf 90' lang='lat' dir='ltr'>et</span> <span class='ocrx_word' id='word_1_102' title='bbox 492 1032 674 1070; x_wconf 82' lang='lat' dir='ltr'>arbores</span> <span class='ocrx_word' id='word_1_103' title='bbox 696 1033 1102 1072; x_wconf 83' lang='lat' dir='ltr'>conscenderentur</span> <span class='ocrx_word' id='word_1_104' title='bbox 1126 1040 1169 1072; x_wconf 90' lang='lat' dir='ltr'>et</span> <span class='ocrx_word' id='word_1_105' title='bbox 1200 1034 1366 1085; x_wconf 88' lang='lat' dir='ltr'>reliqua</span> <span class='ocrx_word' id='word_1_106' title='bbox 1403 1034 1694 1072; x_wconf 88' lang='lat' dir='ltr'>eminentiora</span> 
     </span>
     <span class='ocr_line' id='line_1_13' title="bbox 68 1101 1693 1156; baseline 0.002 -17"><span class='ocrx_word' id='word_1_107' title='bbox 68 1102 165 1140; x_wconf 94' lang='lat' dir='ltr'>loca</span> <span class='ocrx_word' id='word_1_108' title='bbox 182 1101 308 1140; x_wconf 90' lang='lat' dir='ltr'>sicuti</span> <span class='ocrx_word' id='word_1_109' title='bbox 330 1107 463 1148; x_wconf 89' lang='lat' dir='ltr'>tecta,</span> <span class='ocrx_word' id='word_1_110' title='bbox 484 1103 666 1141; x_wconf 90' lang='lat' dir='ltr'>cancelli</span> <span class='ocrx_word' id='word_1_111' title='bbox 686 1104 841 1153; x_wconf 90' lang='lat' dir='ltr'>pinnae</span> <span class='ocrx_word' id='word_1_112' title='bbox 862 1109 905 1141; x_wconf 86' lang='lat' dir='ltr'>et</span> <span class='ocrx_word' id='word_1_113' title='bbox 928 1117 1082 1156; x_wconf 89' lang='lat' dir='ltr'>saepes</span> <span class='ocrx_word' id='word_1_114' title='bbox 1107 1106 1441 1156; x_wconf 90' lang='lat' dir='ltr'>obtegerentur.</span> <span class='ocrx_word' id='word_1_115' title='bbox 1466 1107 1529 1143; x_wconf 85' lang='lat' dir='ltr'>Ex</span> <span class='ocrx_word' id='word_1_116' title='bbox 1553 1106 1693 1155; x_wconf 87' lang='lat' dir='ltr'>inspe-</span> 
     </span>
     <span class='ocr_line' id='line_1_14' title="bbox 69 1173 1693 1229; baseline 0.002 -19"><span class='ocrx_word' id='word_1_117' title='bbox 69 1178 163 1211; x_wconf 88' lang='lat' dir='ltr'>rato</span> <span class='ocrx_word' id='word_1_118' title='bbox 195 1178 341 1211; x_wconf 89' lang='lat' dir='ltr'>autem</span> <span class='ocrx_word' id='word_1_119' title='bbox 372 1173 645 1224; x_wconf 88' lang='lat' dir='ltr'>importunus</span> <span class='ocrx_word' id='word_1_120' title='bbox 675 1175 813 1213; x_wconf 86' lang='lat' dir='ltr'>imber</span> <span class='ocrx_word' id='word_1_121' title='bbox 844 1177 1094 1224; x_wconf 89' lang='lat' dir='ltr'>interuenit,</span> <span class='ocrx_word' id='word_1_122' title='bbox 1129 1177 1208 1215; x_wconf 88' lang='lat' dir='ltr'>sed</span> <span class='ocrx_word' id='word_1_123' title='bbox 1238 1176 1310 1229; x_wconf 88' lang='lat' dir='ltr'>qui</span> <span class='ocrx_word' id='word_1_124' title='bbox 1339 1177 1576 1228; x_wconf 87' lang='lat' dir='ltr'>prohibere</span> <span class='ocrx_word' id='word_1_125' title='bbox 1607 1190 1693 1215; x_wconf 92' lang='lat' dir='ltr'>non</span> 
     </span>
     <span class='ocr_line' id='line_1_15' title="bbox 68 1243 1693 1299; baseline 0.002 -18"><span class='ocrx_word' id='word_1_126' title='bbox 68 1243 210 1294; x_wconf 88' lang='lat' dir='ltr'>potuit</span> <span class='ocrx_word' id='word_1_127' title='bbox 230 1244 331 1294; x_wconf 91' lang='lat' dir='ltr'>quin</span> <span class='ocrx_word' id='word_1_128' title='bbox 353 1243 483 1282; x_wconf 91' lang='lat' dir='ltr'>domo</span> <span class='ocrx_word' id='word_1_129' title='bbox 506 1243 743 1284; x_wconf 86' lang='lat' dir='ltr'>redeuntes</span> <span class='ocrx_word' id='word_1_130' title='bbox 764 1246 817 1284; x_wconf 89' lang='lat' dir='ltr'>ad</span> <span class='ocrx_word' id='word_1_131' title='bbox 840 1247 1047 1298; x_wconf 86' lang='lat' dir='ltr'>reliquam</span> <span class='ocrx_word' id='word_1_132' title='bbox 1071 1248 1299 1286; x_wconf 92' lang='lat' dir='ltr'>comediae</span> <span class='ocrx_word' id='word_1_133' title='bbox 1320 1254 1489 1299; x_wconf 87' lang='lat' dir='ltr'>partem</span> <span class='ocrx_word' id='word_1_134' title='bbox 1513 1260 1693 1287; x_wconf 92' lang='lat' dir='ltr'>concur-</span> 
     </span>
     <span class='ocr_line' id='line_1_16' title="bbox 70 1315 1693 1371; baseline 0.002 -18"><span class='ocrx_word' id='word_1_135' title='bbox 70 1321 232 1363; x_wconf 90' lang='lat' dir='ltr'>rerent,</span> <span class='ocrx_word' id='word_1_136' title='bbox 255 1316 473 1366; x_wconf 86' lang='lat' dir='ltr'>finemque</span> <span class='ocrx_word' id='word_1_137' title='bbox 490 1315 624 1354; x_wconf 83' lang='lat' dir='ltr'>totius</span> <span class='ocrx_word' id='word_1_138' title='bbox 641 1317 826 1356; x_wconf 90' lang='lat' dir='ltr'>actionis</span> <span class='ocrx_word' id='word_1_139' title='bbox 843 1319 1108 1369; x_wconf 88' lang='lat' dir='ltr'>acciperent.</span> <span class='ocrx_word' id='word_1_140' title='bbox 1132 1321 1328 1370; x_wconf 88' lang='lat' dir='ltr'>Sequuta</span> <span class='ocrx_word' id='word_1_141' title='bbox 1346 1326 1413 1358; x_wconf 84' lang='lat' dir='ltr'>est</span> <span class='ocrx_word' id='word_1_142' title='bbox 1428 1333 1560 1371; x_wconf 92' lang='lat' dir='ltr'>porro</span> <span class='ocrx_word' id='word_1_143' title='bbox 1579 1320 1693 1358; x_wconf 87' lang='lat' dir='ltr'>actio</span> 
     </span>
     <span class='ocr_line' id='line_1_17' title="bbox 71 1386 1696 1443; baseline 0.002 -19"><span class='ocrx_word' id='word_1_144' title='bbox 71 1388 217 1433; x_wconf 84' lang='lat' dir='ltr'>altera,</span> <span class='ocrx_word' id='word_1_145' title='bbox 241 1399 324 1425; x_wconf 90' lang='lat' dir='ltr'>nec</span> <span class='ocrx_word' id='word_1_146' title='bbox 346 1387 485 1425; x_wconf 90' lang='lat' dir='ltr'>minor</span> <span class='ocrx_word' id='word_1_147' title='bbox 506 1386 642 1425; x_wconf 87' lang='lat' dir='ltr'>adfuit</span> <span class='ocrx_word' id='word_1_148' title='bbox 663 1394 680 1413; x_wconf 84' lang='lat' dir='ltr'>e</span> <span class='ocrx_word' id='word_1_149' title='bbox 702 1394 791 1427; x_wconf 91' lang='lat' dir='ltr'>tum</span> <span class='ocrx_word' id='word_1_150' title='bbox 813 1402 988 1440; x_wconf 89' lang='lat' dir='ltr'>quoque</span> <span class='ocrx_word' id='word_1_151' title='bbox 1011 1391 1137 1429; x_wconf 86' lang='lat' dir='ltr'>turba</span> <span class='ocrx_word' id='word_1_152' title='bbox 1157 1395 1456 1443; x_wconf 88' lang='lat' dir='ltr'>spectatorum</span> <span class='ocrx_word' id='word_1_153' title='bbox 1492 1406 1587 1430; x_wconf 90' lang='lat' dir='ltr'>cum</span> <span class='ocrx_word' id='word_1_154' title='bbox 1624 1392 1696 1429; x_wconf 91' lang='lat' dir='ltr'>tri-</span> 
     </span>
     <span class='ocr_line' id='line_1_18' title="bbox 72 1458 1697 1511; baseline 0.004 -15"><span class='ocrx_word' id='word_1_155' title='bbox 72 1459 152 1496; x_wconf 78' lang='lat' dir='ltr'>bus</span> <span class='ocrx_word' id='word_1_156' title='bbox 175 1458 407 1509; x_wconf 88' lang='lat' dir='ltr'>episcopis:</span> <span class='ocrx_word' id='word_1_157' title='bbox 430 1471 509 1497; x_wconf 79' lang='lat' dir='ltr'>nec</span> <span class='ocrx_word' id='word_1_158' title='bbox 530 1459 662 1498; x_wconf 80' lang='lat' dir='ltr'>defuit</span> <span class='ocrx_word' id='word_1_159' title='bbox 686 1459 780 1499; x_wconf 67' lang='lat' dir='ltr'>illic</span> <span class='ocrx_word' id='word_1_160' title='bbox 801 1460 821 1485; x_wconf 75' lang='lat'>‘¹</span> <span class='ocrx_word' id='word_1_161' title='bbox 843 1462 1011 1509; x_wconf 89' lang='lat' dir='ltr'>consul,</span> <span class='ocrx_word' id='word_1_162' title='bbox 1035 1462 1184 1510; x_wconf 86' lang='lat' dir='ltr'>iudex,</span> <span class='ocrx_word' id='word_1_163' title='bbox 1208 1470 1402 1511; x_wconf 88' lang='lat' dir='ltr'>senatus,</span> <span class='ocrx_word' id='word_1_164' title='bbox 1427 1470 1577 1502; x_wconf 82' lang='lat' dir='ltr'>rector</span> <span class='ocrx_word' id='word_1_165' title='bbox 1608 1465 1697 1501; x_wconf 89' lang='lat' dir='ltr'>uni-</span> 
     </span>
     <span class='ocr_line' id='line_1_19' title="bbox 74 1529 1697 1578; baseline 0.003 -11"><span class='ocrx_word' id='word_1_166' title='bbox 74 1529 295 1567; x_wconf 88' lang='lat' dir='ltr'>uersitatis</span> <span class='ocrx_word' id='word_1_167' title='bbox 317 1534 360 1566; x_wconf 90' lang='lat' dir='ltr'>et</span> <span class='ocrx_word' id='word_1_168' title='bbox 383 1529 469 1578; x_wconf 89' lang='lat' dir='ltr'>alij,</span> <span class='ocrx_word' id='word_1_169' title='bbox 494 1529 548 1567; x_wconf 92' lang='lat' dir='ltr'>ad</span> <span class='ocrx_word' id='word_1_170' title='bbox 575 1530 656 1568; x_wconf 91' lang='lat' dir='ltr'>tria</span> <span class='ocrx_word' id='word_1_171' title='bbox 685 1532 778 1569; x_wconf 74' lang='lat' dir='ltr'>iere</span> <span class='ocrx_word' id='word_1_172' title='bbox 809 1532 1031 1571; x_wconf 89' lang='lat' dir='ltr'>hominum</span> <span class='ocrx_word' id='word_1_173' title='bbox 1063 1533 1191 1573; x_wconf 90' lang='lat' dir='ltr'>milia.</span> <span class='ocrx_word' id='word_1_174' title='bbox 1226 1534 1437 1573; x_wconf 90' lang='lat' dir='ltr'>Videmus</span> <span class='ocrx_word' id='word_1_175' title='bbox 1464 1536 1697 1574; x_wconf 91' lang='lat' dir='ltr'>multorum</span> 
     </span>
     <span class='ocr_line' id='line_1_20' title="bbox 74 1599 1699 1657; baseline 0.003 -19"><span class='ocrx_word' id='word_1_176' title='bbox 74 1599 240 1639; x_wconf 90' lang='lat' dir='ltr'>animos</span> <span class='ocrx_word' id='word_1_177' title='bbox 270 1599 370 1637; x_wconf 89' lang='lat' dir='ltr'>inde</span> <span class='ocrx_word' id='word_1_178' title='bbox 401 1599 455 1638; x_wconf 89' lang='lat' dir='ltr'>ad</span> <span class='ocrx_word' id='word_1_179' title='bbox 475 1600 685 1650; x_wconf 89' lang='lat' dir='ltr'>pietatem</span> <span class='ocrx_word' id='word_1_180' title='bbox 709 1610 956 1642; x_wconf 84' lang='lat' dir='ltr'>commotos</span> <span class='ocrx_word' id='word_1_181' title='bbox 986 1605 1135 1653; x_wconf 83' lang='lat' dir='ltr'>fuisse,</span> <span class='ocrx_word' id='word_1_182' title='bbox 1161 1612 1205 1644; x_wconf 87' lang='lat' dir='ltr'>et</span> <span class='ocrx_word' id='word_1_183' title='bbox 1226 1606 1268 1644; x_wconf 89' lang='lat' dir='ltr'>in</span> <span class='ocrx_word' id='word_1_184' title='bbox 1289 1606 1354 1644; x_wconf 92' lang='lat' dir='ltr'>his</span> <span class='ocrx_word' id='word_1_185' title='bbox 1377 1613 1471 1645; x_wconf 87' lang='lat' dir='ltr'>erat</span> <span class='ocrx_word' id='word_1_186' title='bbox 1492 1606 1699 1657; x_wconf 87' lang='lat' dir='ltr'>magister</span> 
     </span>
     <span class='ocr_line' id='line_1_21' title="bbox 74 1671 1698 1725; baseline 0.004 -15"><span class='ocrx_word' id='word_1_187' title='bbox 74 1672 262 1723; x_wconf 90' lang='lat' dir='ltr'>quidam,</span> <span class='ocrx_word' id='word_1_188' title='bbox 286 1671 358 1722; x_wconf 90' lang='lat' dir='ltr'>qui</span> <span class='ocrx_word' id='word_1_189' title='bbox 379 1672 450 1709; x_wconf 90' lang='lat' dir='ltr'>uel</span> <span class='ocrx_word' id='word_1_190' title='bbox 472 1678 612 1711; x_wconf 87' lang='lat' dir='ltr'>totum</span> <span class='ocrx_word' id='word_1_191' title='bbox 635 1673 750 1712; x_wconf 90' lang='lat' dir='ltr'>diem</span> <span class='ocrx_word' id='word_1_192' title='bbox 771 1675 813 1712; x_wconf 93' lang='lat' dir='ltr'>in</span> <span class='ocrx_word' id='word_1_193' title='bbox 832 1676 1071 1725; x_wconf 86' lang='lat' dir='ltr'>spectando</span> <span class='ocrx_word' id='word_1_194' title='bbox 1096 1689 1357 1716; x_wconf 89' lang='lat' dir='ltr'>consumere</span> <span class='ocrx_word' id='word_1_195' title='bbox 1381 1677 1462 1716; x_wconf 90' lang='lat' dir='ltr'>sibi</span> <span class='ocrx_word' id='word_1_196' title='bbox 1482 1678 1580 1716; x_wconf 91' lang='lat' dir='ltr'>leue</span> <span class='ocrx_word' id='word_1_197' title='bbox 1602 1677 1698 1715; x_wconf 84' lang='lat' dir='ltr'>fore</span> 
     </span>
     <span class='ocr_line' id='line_1_22' title="bbox 76 1743 1700 1800; baseline 0.004 -19"><span class='ocrx_word' id='word_1_198' title='bbox 76 1743 280 1790; x_wconf 87' lang='lat' dir='ltr'>ducebat,</span> <span class='ocrx_word' id='word_1_199' title='bbox 314 1755 449 1793; x_wconf 89' lang='lat' dir='ltr'>seque</span> <span class='ocrx_word' id='word_1_200' title='bbox 479 1758 696 1795; x_wconf 91' lang='lat' dir='ltr'>nunquam</span> <span class='ocrx_word' id='word_1_201' title='bbox 727 1752 856 1785; x_wconf 89' lang='lat' dir='ltr'>antea</span> <span class='ocrx_word' id='word_1_202' title='bbox 886 1747 1049 1786; x_wconf 91' lang='lat' dir='ltr'>rectius</span> <span class='ocrx_word' id='word_1_203' title='bbox 1077 1749 1131 1786; x_wconf 89' lang='lat' dir='ltr'>ad</span> <span class='ocrx_word' id='word_1_204' title='bbox 1155 1750 1455 1800; x_wconf 88' lang='lat' dir='ltr'>euangelicam</span> <span class='ocrx_word' id='word_1_205' title='bbox 1476 1750 1700 1788; x_wconf 88' lang='lat' dir='ltr'>historiam</span> 
     </span>
     <span class='ocr_line' id='line_1_23' title="bbox 76 1815 1702 1871; baseline 0.004 -19"><span class='ocrx_word' id='word_1_206' title='bbox 76 1815 282 1853; x_wconf 73' lang='lat' dir='ltr'>affectum</span> <span class='ocrx_word' id='word_1_207' title='bbox 304 1815 464 1861; x_wconf 84' lang='lat' dir='ltr'>aiebat,</span> <span class='ocrx_word' id='word_1_208' title='bbox 488 1828 614 1866; x_wconf 86' lang='lat' dir='ltr'>quam</span> <span class='ocrx_word' id='word_1_209' title='bbox 642 1821 789 1854; x_wconf 89' lang='lat' dir='ltr'>tamen</span> <span class='ocrx_word' id='word_1_210' title='bbox 819 1821 991 1868; x_wconf 90' lang='lat' dir='ltr'>saepius</span> <span class='ocrx_word' id='word_1_211' title='bbox 1022 1820 1164 1858; x_wconf 91' lang='lat' dir='ltr'>animo</span> <span class='ocrx_word' id='word_1_212' title='bbox 1195 1821 1474 1859; x_wconf 86' lang='lat' dir='ltr'>reuoluisset.</span> <span class='ocrx_word' id='word_1_213' title='bbox 1509 1821 1573 1859; x_wconf 91' lang='lat' dir='ltr'>Ac</span> <span class='ocrx_word' id='word_1_214' title='bbox 1602 1833 1702 1871; x_wconf 83' lang='lat' dir='ltr'>pos-</span> 
     </span>
     <span class='ocr_line' id='line_1_24' title="bbox 75 1886 1702 1939; baseline 0.003 -15"><span class='ocrx_word' id='word_1_215' title='bbox 75 1892 173 1925; x_wconf 90' lang='lat' dir='ltr'>tero</span> <span class='ocrx_word' id='word_1_216' title='bbox 203 1886 370 1925; x_wconf 78' lang='lat' dir='ltr'>iterum</span> <span class='ocrx_word' id='word_1_217' title='bbox 392 1894 409 1911; x_wconf 69' lang='lat'><em>0</em></span> <span class='ocrx_word' id='word_1_218' title='bbox 445 1886 515 1924; x_wconf 80' lang='lat' dir='ltr'>die</span> <span class='ocrx_word' id='word_1_219' title='bbox 545 1900 661 1926; x_wconf 92' lang='lat' dir='ltr'>noua</span> <span class='ocrx_word' id='word_1_220' title='bbox 694 1889 917 1928; x_wconf 88' lang='lat' dir='ltr'>hominum</span> <span class='ocrx_word' id='word_1_221' title='bbox 957 1892 1189 1930; x_wconf 84' lang='lat' dir='ltr'>multitudo</span> <span class='ocrx_word' id='word_1_222' title='bbox 1230 1891 1284 1930; x_wconf 91' lang='lat' dir='ltr'>ad</span> <span class='ocrx_word' id='word_1_223' title='bbox 1318 1893 1438 1931; x_wconf 87' lang='lat' dir='ltr'>fores</span> <span class='ocrx_word' id='word_1_224' title='bbox 1474 1893 1702 1939; x_wconf 80' lang='lat' dir='ltr'>confluxit,</span> 
     </span>
     <span class='ocr_line' id='line_1_25' title="bbox 78 1959 1702 2015; baseline 0.002 -18"><span class='ocrx_word' id='word_1_225' title='bbox 78 1959 195 2010; x_wconf 90' lang='lat' dir='ltr'>quod</span> <span class='ocrx_word' id='word_1_226' title='bbox 224 1962 428 2009; x_wconf 87' lang='lat' dir='ltr'>putarent</span> <span class='ocrx_word' id='word_1_227' title='bbox 458 1959 541 1996; x_wconf 90' lang='lat' dir='ltr'>iam</span> <span class='ocrx_word' id='word_1_228' title='bbox 571 1960 704 1998; x_wconf 90' lang='lat' dir='ltr'>tertio</span> <span class='ocrx_word' id='word_1_229' title='bbox 735 1962 978 2001; x_wconf 86' lang='lat' dir='ltr'>comediam</span> <span class='ocrx_word' id='word_1_230' title='bbox 1010 1969 1154 2002; x_wconf 86' lang='lat' dir='ltr'>actum</span> <span class='ocrx_word' id='word_1_231' title='bbox 1184 1964 1248 2003; x_wconf 91' lang='lat' dir='ltr'>iri.</span> <span class='ocrx_word' id='word_1_232' title='bbox 1283 1965 1468 2003; x_wconf 83' lang='lat' dir='ltr'>Demuin</span> <span class='ocrx_word' id='word_1_233' title='bbox 1505 1965 1702 2015; x_wconf 81' lang='lat' dir='ltr'>episcopi</span> 
     </span>
     <span class='ocr_line' id='line_1_26' title="bbox 78 2030 1706 2085; baseline 0.004 -18"><span class='ocrx_word' id='word_1_234' title='bbox 78 2030 302 2081; x_wconf 83' lang='lat' dir='ltr'>hungarici</span> <span class='ocrx_word' id='word_1_235' title='bbox 325 2043 404 2068; x_wconf 90' lang='lat' dir='ltr'>nos</span> <span class='ocrx_word' id='word_1_236' title='bbox 425 2031 714 2069; x_wconf 89' lang='lat' dir='ltr'>uehementer</span> <span class='ocrx_word' id='word_1_237' title='bbox 736 2039 880 2070; x_wconf 89' lang='lat' dir='ltr'>amant</span> <span class='ocrx_word' id='word_1_238' title='bbox 902 2038 945 2071; x_wconf 88' lang='lat' dir='ltr'>et</span> <span class='ocrx_word' id='word_1_239' title='bbox 967 2034 1171 2082; x_wconf 85' lang='lat' dir='ltr'>inuisunt,</span> <span class='ocrx_word' id='word_1_240' title='bbox 1205 2035 1276 2085; x_wconf 84' lang='lat' dir='ltr'>qui</span> <span class='ocrx_word' id='word_1_241' title='bbox 1308 2048 1405 2073; x_wconf 80' lang='lat' dir='ltr'>suas</span> <span class='ocrx_word' id='word_1_242' title='bbox 1439 2036 1569 2073; x_wconf 88' lang='lat' dir='ltr'>etiam</span> <span class='ocrx_word' id='word_1_243' title='bbox 1602 2047 1706 2085; x_wconf 90' lang='lat' dir='ltr'>ope-</span> 
     </span>
     <span class='ocr_line' id='line_1_27' title="bbox 80 2101 1706 2157; baseline 0.002 -18"><span class='ocrx_word' id='word_1_244' title='bbox 80 2114 148 2140; x_wconf 87' lang='lat' dir='ltr'>ras</span> <span class='ocrx_word' id='word_1_245' title='bbox 179 2101 232 2139; x_wconf 91' lang='lat' dir='ltr'>ad</span> <span class='ocrx_word' id='word_1_246' title='bbox 261 2114 398 2139; x_wconf 86' lang='lat' dir='ltr'>nouas</span> <span class='ocrx_word' id='word_1_247' title='bbox 429 2101 563 2140; x_wconf 87' lang='lat' dir='ltr'>aedes</span> <span class='ocrx_word' id='word_1_248' title='bbox 592 2115 831 2153; x_wconf 88' lang='lat' dir='ltr'>pauperum</span> <span class='ocrx_word' id='word_1_249' title='bbox 863 2105 1051 2156; x_wconf 89' lang='lat' dir='ltr'>collegio</span> <span class='ocrx_word' id='word_1_250' title='bbox 1086 2106 1293 2144; x_wconf 90' lang='lat' dir='ltr'>emendas</span> <span class='ocrx_word' id='word_1_251' title='bbox 1324 2107 1602 2157; x_wconf 89' lang='lat' dir='ltr'>pollicentur.</span> <span class='ocrx_word' id='word_1_252' title='bbox 1643 2105 1706 2144; x_wconf 79' lang='lat' dir='ltr'>Sit</span> 
     </span>
     <span class='ocr_line' id='line_1_28' title="bbox 83 2171 1702 2225; baseline 0.002 -14"><span class='ocrx_word' id='word_1_253' title='bbox 83 2175 177 2212; x_wconf 92' lang='lat' dir='ltr'>Deo</span> <span class='ocrx_word' id='word_1_254' title='bbox 200 2171 301 2223; x_wconf 85' lang='lat' dir='ltr'>opt.</span> <span class='ocrx_word' id='word_1_255' title='bbox 327 2173 515 2212; x_wconf 83' lang='lat' dir='ltr'>Maximo</span> <span class='ocrx_word' id='word_1_256' title='bbox 538 2175 691 2225; x_wconf 91' lang='lat' dir='ltr'>gloria,</span> <span class='ocrx_word' id='word_1_257' title='bbox 715 2176 787 2225; x_wconf 90' lang='lat' dir='ltr'>qui</span> <span class='ocrx_word' id='word_1_258' title='bbox 818 2189 926 2213; x_wconf 80' lang='lat' dir='ltr'>unus</span> <span class='ocrx_word' id='word_1_259' title='bbox 957 2176 1172 2215; x_wconf 89' lang='lat' dir='ltr'>bonorum</span> <span class='ocrx_word' id='word_1_260' title='bbox 1205 2178 1361 2216; x_wconf 89' lang='lat' dir='ltr'>author</span> <span class='ocrx_word' id='word_1_261' title='bbox 1398 2182 1463 2216; x_wconf 87' lang='lat' dir='ltr'>est</span> <span class='ocrx_word' id='word_1_262' title='bbox 1495 2178 1702 2216; x_wconf 85' lang='lat' dir='ltr'>omnium.</span> 
     </span>
    </p>
   </div>
   <div class='ocr_carea' id='block_1_3' title="bbox 82 2244 1702 2367">
    <p class='ocr_par' dir='ltr' id='par_1_3' title="bbox 82 2244 1702 2367">
     <span class='ocr_line' id='line_1_29' title="bbox 82 2244 1702 2296; baseline 0.002 -15"><span class='ocrx_word' id='word_1_263' title='bbox 82 2244 185 2282; x_wconf 92' lang='lat' dir='ltr'>Tuis</span> <span class='ocrx_word' id='word_1_264' title='bbox 206 2248 352 2283; x_wconf 91' lang='lat' dir='ltr'>autem</span> <span class='ocrx_word' id='word_1_265' title='bbox 373 2244 575 2294; x_wconf 67' lang='lat' dir='ltr'>precibus</span> <span class='ocrx_word' id='word_1_266' title='bbox 597 2257 648 2283; x_wconf 91' lang='lat' dir='ltr'>ac</span> <span class='ocrx_word' id='word_1_267' title='bbox 669 2246 907 2296; x_wconf 81' lang='lat' dir='ltr'>sacrifieijs,</span> <span class='ocrx_word' id='word_1_268' title='bbox 934 2248 979 2285; x_wconf 78' lang='lat' dir='ltr'>R.</span> <span class='ocrx_word' id='word_1_269' title='bbox 1003 2249 1066 2294; x_wconf 72' lang='lat' dir='ltr'>R,</span> <span class='ocrx_word' id='word_1_270' title='bbox 1085 2261 1166 2286; x_wconf 91' lang='lat' dir='ltr'>nos</span> <span class='ocrx_word' id='word_1_271' title='bbox 1183 2249 1309 2287; x_wconf 90' lang='lat' dir='ltr'>unice</span> <span class='ocrx_word' id='word_1_272' title='bbox 1329 2248 1702 2286; x_wconf 84' lang='lat' dir='ltr'>commendamus.</span> 
     </span>
     <span class='ocr_line' id='line_1_30' title="bbox 85 2313 1031 2367; baseline 0.003 -14"><span class='ocrx_word' id='word_1_273' title='bbox 85 2313 280 2353; x_wconf 89' lang='lat' dir='ltr'>Viennae</span> <span class='ocrx_word' id='word_1_274' title='bbox 304 2315 505 2354; x_wconf 87' lang='lat' dir='ltr'>Austriae</span> <span class='ocrx_word' id='word_1_275' title='bbox 527 2314 735 2354; x_wconf 85' lang='lat' dir='ltr'>Kalendis</span> <span class='ocrx_word' id='word_1_276' title='bbox 758 2317 855 2366; x_wconf 85' lang='lat' dir='ltr'>Maij</span> <span class='ocrx_word' id='word_1_277' title='bbox 884 2327 983 2367; x_wconf 85' lang='lat'>1559</span> <span class='ocrx_word' id='word_1_278' title='bbox 1006 2321 1031 2356; x_wconf 89' lang='lat'>¹.</span> 
     </span>
    </p>
   </div>
   <div class='ocr_carea' id='block_1_4' title="bbox 87 2553 1711 2651">
    <p class='ocr_par' dir='ltr' id='par_1_4' title="bbox 87 2553 1711 2651">
     <span class='ocr_line' id='line_1_31' title="bbox 133 2553 1711 2604; baseline 0.001 -13"><span class='ocrx_word' id='word_1_279' title='bbox 133 2553 153 2573; x_wconf 87' lang='lat' dir='ltr'>a</span> <span class='ocrx_word' id='word_1_280' title='bbox 203 2553 306 2591; x_wconf 88' lang='lat' dir='ltr'>Cum</span> <span class='ocrx_word' id='word_1_281' title='bbox 325 2554 511 2600; x_wconf 85' lang='lat' dir='ltr'>superius</span> <span class='ocrx_word' id='word_1_282' title='bbox 529 2554 647 2590; x_wconf 87' lang='lat' dir='ltr'>dicta.</span> <span class='ocrx_word' id='word_1_283' title='bbox 701 2556 767 2580; x_wconf 82' lang='lat' dir='ltr'>—b</span> <span class='ocrx_word' id='word_1_284' title='bbox 799 2555 979 2593; x_wconf 78' lang='lat' dir='ltr'>Videtur</span> <span class='ocrx_word' id='word_1_285' title='bbox 994 2558 1163 2595; x_wconf 83' lang='lat' dir='ltr'>emend.</span> <span class='ocrx_word' id='word_1_286' title='bbox 1185 2569 1236 2596; x_wconf 84' lang='lat' dir='ltr'>ex</span> <span class='ocrx_word' id='word_1_287' title='bbox 1262 2572 1355 2596; x_wconf 90' lang='lat' dir='ltr'>non.</span> <span class='ocrx_word' id='word_1_288' title='bbox 1422 2568 1483 2585; x_wconf 35' lang='grc' dir='ltr'>με</span> <span class='ocrx_word' id='word_1_289' title='bbox 1507 2559 1597 2604; x_wconf 84' lang='lat' dir='ltr'>Seq.</span> <span class='ocrx_word' id='word_1_290' title='bbox 1628 2558 1711 2594; x_wconf 85' lang='lat' dir='ltr'>del.</span> 
     </span>
     <span class='ocr_line' id='line_1_32' title="bbox 87 2612 861 2651; baseline -0.001 -1"><span class='ocrx_word' id='word_1_291' title='bbox 87 2613 218 2650; x_wconf 88' lang='lat' dir='ltr'>turba.</span> <span class='ocrx_word' id='word_1_292' title='bbox 269 2613 335 2638; x_wconf 79' lang='lat' dir='ltr'>—d</span> <span class='ocrx_word' id='word_1_293' title='bbox 374 2612 501 2650; x_wconf 74' lang='lat' dir='ltr'>adfuit</span> <span class='ocrx_word' id='word_1_294' title='bbox 519 2619 570 2650; x_wconf 84' lang='lat' dir='ltr'>et.</span> <span class='ocrx_word' id='word_1_295' title='bbox 624 2622 686 2640; x_wconf 73' lang='lat' dir='ltr'>—e</span> <span class='ocrx_word' id='word_1_296' title='bbox 707 2626 861 2651; x_wconf 86' lang='lat' dir='ltr'>rursus.</span> 
     </span>
    </p>
   </div>
   <div class='ocr_carea' id='block_1_5' title="bbox 92 2836 1714 2947">
    <p class='ocr_par' dir='ltr' id='par_1_5' title="bbox 92 2836 1714 2947">
     <span class='ocr_line' id='line_1_33' title="bbox 138 2836 1712 2885; baseline 0.002 -12"><span class='ocrx_word' id='word_1_297' title='bbox 138 2838 147 2857; x_wconf 83' lang='lat'>¹</span> <span class='ocrx_word' id='word_1_298' title='bbox 200 2836 255 2874; x_wconf 89' lang='lat' dir='ltr'>Hi</span> <span class='ocrx_word' id='word_1_299' title='bbox 284 2838 443 2875; x_wconf 85' lang='lat' dir='ltr'>nume-ri</span> <span class='ocrx_word' id='word_1_300' title='bbox 476 2838 689 2885; x_wconf 83' lang='lat' dir='ltr'>(siquidem</span> <span class='ocrx_word' id='word_1_301' title='bbox 723 2840 881 2877; x_wconf 88' lang='lat' dir='ltr'>numeri</span> <span class='ocrx_word' id='word_1_302' title='bbox 915 2844 1022 2885; x_wconf 89' lang='lat' dir='ltr'>sunt)</span> <span class='ocrx_word' id='word_1_303' title='bbox 1059 2842 1176 2878; x_wconf 90' lang='lat' dir='ltr'>valde</span> <span class='ocrx_word' id='word_1_304' title='bbox 1211 2842 1380 2879; x_wconf 85' lang='lat' dir='ltr'>obscure</span> <span class='ocrx_word' id='word_1_305' title='bbox 1416 2843 1570 2879; x_wconf 83' lang='lat' dir='ltr'>exarati</span> <span class='ocrx_word' id='word_1_306' title='bbox 1607 2848 1712 2877; x_wconf 81' lang='lat' dir='ltr'>sunt.</span> 
     </span>
     <span class='ocr_line' id='line_1_34' title="bbox 92 2895 1714 2947; baseline 0.003 -15"><span class='ocrx_word' id='word_1_307' title='bbox 92 2895 314 2943; x_wconf 86' lang='lat' dir='ltr'>Propterea</span> <span class='ocrx_word' id='word_1_308' title='bbox 338 2897 439 2933; x_wconf 88' lang='lat' dir='ltr'>haec</span> <span class='ocrx_word' id='word_1_309' title='bbox 466 2898 636 2944; x_wconf 88' lang='lat' dir='ltr'>epistola</span> <span class='ocrx_word' id='word_1_310' title='bbox 662 2898 868 2936; x_wconf 87' lang='lat' dir='ltr'>invenitur</span> <span class='ocrx_word' id='word_1_311' title='bbox 895 2900 1000 2936; x_wconf 88' lang='lat' dir='ltr'>inter</span> <span class='ocrx_word' id='word_1_312' title='bbox 1026 2901 1219 2947; x_wconf 83' lang='lat' dir='ltr'>epistolas</span> <span class='ocrx_word' id='word_1_313' title='bbox 1246 2902 1340 2937; x_wconf 84' lang='lat' dir='ltr'>anni</span> <span class='ocrx_word' id='word_1_314' title='bbox 1371 2902 1476 2938; x_wconf 80' lang='lat'>1558.</span> <span class='ocrx_word' id='word_1_315' title='bbox 1513 2901 1593 2938; x_wconf 85' lang='lat' dir='ltr'>Sed</span> <span class='ocrx_word' id='word_1_316' title='bbox 1621 2907 1714 2937; x_wconf 86' lang='lat' dir='ltr'>tunc</span> 
     </span>
    </p>
   </div>
   <div class='ocr_carea' id='block_1_6' title="bbox 91 2954 1715 3063">
    <p class='ocr_par' dir='ltr' id='par_1_6' title="bbox 91 2954 1715 3063">
     <span class='ocr_line' id='line_1_35' title="bbox 91 2954 1715 3008; baseline 0.002 -16"><span class='ocrx_word' id='word_1_317' title='bbox 91 2967 165 2992; x_wconf 88' lang='lat' dir='ltr'>nec</span> <span class='ocrx_word' id='word_1_318' title='bbox 183 2954 229 2991; x_wconf 88' lang='lat' dir='ltr'>P.</span> <span class='ocrx_word' id='word_1_319' title='bbox 252 2955 433 2993; x_wconf 86' lang='lat' dir='ltr'>Victoria</span> <span class='ocrx_word' id='word_1_320' title='bbox 453 2962 586 2994; x_wconf 84' lang='lat' dir='ltr'>rector</span> <span class='ocrx_word' id='word_1_321' title='bbox 603 2958 767 3005; x_wconf 86' lang='lat' dir='ltr'>collegii</span> <span class='ocrx_word' id='word_1_322' title='bbox 794 2959 1038 3005; x_wconf 83' lang='lat' dir='ltr'>viennensis,</span> <span class='ocrx_word' id='word_1_323' title='bbox 1059 2973 1133 2997; x_wconf 85' lang='lat' dir='ltr'>nec</span> <span class='ocrx_word' id='word_1_324' title='bbox 1161 2961 1200 2997; x_wconf 87' lang='lat' dir='ltr'>in</span> <span class='ocrx_word' id='word_1_325' title='bbox 1228 2960 1485 3008; x_wconf 84' lang='lat' dir='ltr'>Hungariam</span> <span class='ocrx_word' id='word_1_326' title='bbox 1513 2960 1715 3008; x_wconf 87' lang='lat' dir='ltr'>profectus</span> 
     </span>
     <span class='ocr_line' id='line_1_36' title="bbox 93 3014 992 3063; baseline 0.002 -12"><span class='ocrx_word' id='word_1_327' title='bbox 93 3020 195 3051; x_wconf 85' lang='lat' dir='ltr'>erat.</span> <span class='ocrx_word' id='word_1_328' title='bbox 217 3014 280 3052; x_wconf 81' lang='lat' dir='ltr'>Cf.</span> <span class='ocrx_word' id='word_1_329' title='bbox 303 3015 471 3052; x_wconf 84' lang='lat' dir='ltr'>Lainm&#39;</span> <span class='ocrx_word' id='word_1_330' title='bbox 487 3015 697 3062; x_wconf 58' lang='lat' dir='ltr'>Mouum„</span> <span class='ocrx_word' id='word_1_331' title='bbox 717 3017 788 3062; x_wconf 87' lang='grc' dir='ltr'><strong>ΙΙΙ,</strong></span> <span class='ocrx_word' id='word_1_332' title='bbox 809 3018 892 3063; x_wconf 75' lang='grc'>444,</span> <span class='ocrx_word' id='word_1_333' title='bbox 912 3017 992 3055; x_wconf 82' lang='lat'><strong>685.</strong></span> 
     </span>
    </p>
   </div>
  </div>
 </body>
</html>
