2038 3400
507 228 870 265 325.-MONAcH10
902 228 911 262 1
938 226 1140 273 JANUARH
1171 226 1258 262 1:³60
1582 228 1642 263 441

839 454 947 503 52³

498 597 545 642 P.
594 596 941 643 NHJOLAUS
982 595 1307 642 LANOYUS

559 737 773 764 MONACHIO
804 727 817 763 l
846 736 1041 773 ],»1κυ11κ1[
1072 726 1160 762 1560
1189 727 1212 763 ¹.

79 847 110 884 1.
138 847 376 885 Nascenfis
398 847 583 898 collegii
606 847 756 886 initia.
782 846 1017 886 &avariae
1048 849 1140 885 dux
1168 847 1334 896 probos
1365 846 1704 885 contiomztores

157 914 349 962 exoptat.
374 913 573 962 Populus
595 915 654 955 ad
677 912 906 952 mustiones
919 912 1141 963 frequens
1163 912 1486 951 accztrrz'f.—2.
1514 912 1703 951 Ubinam

161 977 386 1026 magistri,
424 978 502 1017 ubi
521 991 625 1017 vero
647 979 773 1018 verbi
794 978 940 1017 divini
955 981 1205 1028 praecones
1225 977 1448 1017 utiliores.
1482 978 1703 1017 Vernacu-

159 1044 228 1082 Zae
251 1043 442 1095 linguae
464 1043 686 1082 usus.—3.
710 1043 1045 1083 Monachiensis
1061 1043 1220 1094 populi
1241 1043 1456 1082 conditio.
1481 1044 1703 1095 Refloren-

160 1109 216 1147 tis
237 1109 490 1149 catholicae
512 1109 615 1155 fidei
637 1109 824 1149 indicia.
850 1109 1128 1150 scholarum
1151 1109 1336 1161 collegii
1358 1108 1508 1148 initia.

138 1247 170 1274 1.
232 1239 259 1286 †
284 1236 378 1286 Jhs.
417 1236 570 1274 Gratia
602 1241 646 1274 et
674 1249 758 1286 pax
789 1237 888 1274 Iesu
910 1235 1027 1274 Chri.
1054 1240 1139 1274 etc.
1174 1235 1352 1273 Multum
1376 1234 1471 1272 Rsse
1500 1235 1542 1272 in
1571 1234 1703 1273 Chro.

83 1309 151 1345 Pr.
179 1306 317 1353 [Dicit
346 1320 389 1346 se
415 1307 663 1359 fructuum
688 1306 926 1358 primitias
948 1306 1156 1358 offerre]
1183 1308 1419 1357 Postquam
1443 1305 1593 1358 igitur
1614 1306 1707 1343 dies

80 1379 218 1417 festus
239 1378 606 1429 praesentationis
630 1380 678 1417 Β.
704 1379 864 1416 Mariae
885 1379 1075 1429 Virginis
1096 1378 1109 1397 ‘2
1129 1391 1210 1416 nos
1232 1379 1273 1416 in
1309 1379 1389 1416 hac
1424 1377 1602 1416 ciuitate
1627 1390 1707 1415 vna

82 1463 178 1488 cum
200 1450 297 1488 ΚΜ)
315 1452 411 1488 Pre.
432 1449 688 1501 prouinciali
703 1448 716 1468 ³
739 1450 1053 1495 coniunxisset,
1074 1449 1291 1487 dominica
1308 1448 1593 1498 subsequenti
1610 1461 1706 1486 cum

82 1521 266 1560 dominis
289 1520 553 1570 comissarijs
570 1521 693 1559 Illmi.
719 1521 840 1560 ducis
874 1522 1012 1560 nostri
1034 1521 1047 1540 4
1070 1521 1213 1559 omnia
1240 1521 1460 1559 foeliciter
1490 1524 1709 1558 transacta

83 1599 195 1641 sunt,
235 1599 278 1632 et
310 1594 565 1631 confirmata
595 1606 897 1645 quaecumque
929 1594 1022 1631 siue
1054 1593 1107 1631 ad
1138 1591 1503 1631 sustentationem
1540 1597 1707 1630 nostro-

83 1679 190 1712 rum,
216 1665 308 1703 siue
331 1664 386 1702 ad
407 1665 599 1715 ipsorum
623 1665 835 1703 exercitia
856 1665 908 1702 ab
930 1665 1024 1715 ipso
1048 1665 1159 1703 duce
1184 1663 1393 1715 requisita
1418 1664 1706 1714 pertinerent:

85 1741 126 1775 et
149 1736 344 1786 quamuis
366 1736 586 1787 assignata
607 1737 800 1787 prouisio
824 1736 878 1774 ad
899 1736 1101 1774 alendum
1124 1737 1342 1787 integrum
1366 1735 1600 1786 collegium
1623 1748 1708 1773 non

84 1808 283 1846 videatur
320 1808 540 1855 sufficere,
578 1808 732 1846 relicta
763 1813 829 1846 est
859 1813 1006 1846 tamen
1040 1808 1256 1846 Societati
1289 1820 1389 1858 spes
1425 1813 1548 1846 certa
1580 1807 1707 1857 paulo

84 1884 182 1929 post
204 1884 402 1928 tempore
425 1878 653 1929 augendae
676 1878 923 1917 huiusmodi
945 1891 1112 1916 annuae
1134 1879 1371 1929 pensionis,
1396 1892 1505 1929 quae
1528 1879 1642 1916 iusto
1667 1884 1709 1916 et

86 1950 306 2000 completo
331 1950 518 2000 collegio
542 1950 595 1987 sit
617 1949 788 1987 abunde
813 1950 916 1987 satis
936 1950 1096 1996 futura3
1121 1955 1165 1988 et
1186 1950 1297 1988 hanc
1319 1964 1439 2001 spem
1461 1950 1608 2000 paucis
1639 1950 1709 1987 ab·

85 2022 186 2059 hinc
205 2021 359 2059 diebus
381 2021 764 2072 (quemadmodum
788 2023 920 2058 Dnus.
956 2022 1254 2068 cancellariu&
1280 2023 1330 2059 D.
1355 2022 1503 2059 Simon
1535 2022 1708 2068 Remus,

86 2094 251 2142 retulit)
274 2093 361 2130 dux
391 2093 483 2142 ipse
506 2093 695 2143 repetita
715 2093 1003 2142 promissione
1037 2092 1325 2131 confirmauit.
1360 2092 1475 2141 Quin
1506 2093 1635 2130 etiam
1668 2098 1711 2130 et

85 2165 126 2202 in
148 2165 263 2202 votis
285 2165 417 2202 habet
437 2164 553 2202 idem
573 2164 592 2182 *Ὗ
613 2164 906 2214 pientissimus
929 2170 972 2202 et
995 2164 1235 2202 catholicus
1257 2165 1458 2214 princeps
1479 2165 1586 2201 alios
1607 2177 1711 2214 quo-

86 2249 168 2286 que
194 2236 417 2286 operarios
440 2248 463 2273 a
485 2236 532 2273 R.
558 2236 604 2272 P.
630 2236 678 2273 T.
703 2247 904 2286 poscere,
929 2236 1001 2285 qui
1031 2235 1333 2273 Landzshutae
1356 2235 1484 2286 (quae
1516 2236 1624 2273 inter
1657 2236 1710 2273 ci-

87 2307 247 2345 uitates
268 2307 520 2356 prouinciae
544 2307 781 2344 Bauaricae
800 2307 977 2345 tertium
999 2306 1221 2357 dignitatis
1238 2307 1619 2357 praestantiaeque
1639 2306 1711 2344 ob-

87 2379 196 2416 tinet
218 2379 236 2402 b
253 2378 416 2427 locum)
436 2379 643 2428 populum
661 2383 896 2428 utcumque
918 2378 1045 2415 nouis
1074 2378 1349 2428 opinionibus
1379 2384 1508 2427 atque
1541 2377 1711 2415 damna-

88 2450 142 2486 tis
165 2449 386 2486 erroribus
414 2448 633 2486 addictum
657 2449 709 2486 ad
740 2461 885 2487 sanam
908 2449 1149 2486 doctrinam
1181 2450 1317 2487 verbo
1343 2454 1387 2487 et
1418 2449 1618 2499 exemplo
1648 2461 1711 2485 re-

90 2525 267 2566 uocent,
309 2532 470 2570 pueros
510 2533 682 2571 quoque
723 2521 764 2557 in
804 2521 960 2559 litteris
1000 2526 1043 2558 et
1083 2521 1326 2558 christianis
1366 2520 1557 2558 moribus
1596 2520 1712 2557 insti-

135 2663 154 2682 a
205 2664 313 2700 idem
333 2668 470 2709 supra
491 2673 598 2700 vers.
622 2663 775 2700 eadem
796 2674 948 2700 manu.
1003 2664 1067 2688 —b
1090 2662 1274 2700 Emend.
1298 2674 1347 2699 ex
1365 2663 1556 2699 obtineat.

139 2797 145 2815 ¹
201 2794 261 2831 Ex
280 2799 436 2840 autogr.
461 2795 500 2830 in
527 2794 612 2831 cod.
637 2793 777 2831 Germ.
807 2793 900 2835 139,
930 2793 971 2829 ff.
1002 2793 1057 2837 11,
1090 2792 1143 2837 12;
1172 2792 1282 2840 prius
1312 2792 1378 2828 145
1406 2791 1518 2835 (114).
1549 2791 1710 2828 Partem

91 2854 214 2891 edidit
232 2854 594 2896 BRAUNSBERGER,
616 2853 668 2890 Β.
690 2853 742 2890 P.
767 2854 930 2890 Canisz'z'
946 2854 1082 2898 epist,
1103 2852 1152 2897 ΙΙ,
1172 2852 1253 2889 869.

137 2914 150 2933 ²
199 2913 241 2950 ‘21
262 2911 518 2950 Novembris.

138 2973 150 2992 ³
202 2971 247 3008 B.
269 2971 416 3008 Petrus
436 2971 637 3009 Canisius.

138 3032 152 3051 ⁴
203 3030 403 3068 Albertus
421 3030 476 3075 V,
496 3030 697 3068 Bavariae
717 3031 808 3068 dux.
