2038 3400
303 241 345 278 14
768 240 987 278 LITTERAE
1013 239 1371 287 QUADRIMBSTRES

255 350 281 375 a
313 337 712 388 disputafionibu&
737 351 812 376 sex
848 337 1001 376 obolos
1031 340 1310 385 numeraret,
1345 350 1457 388 qaae
1493 339 1644 376 tamen
1666 344 1685 362 a
1706 335 1892 387 pecunia

255 422 341 447 non
365 411 405 448 in
429 424 576 449 meam
597 411 615 435 b
639 408 934 456 commodum,
960 409 1038 447 sed
1060 410 1102 447 in
1123 411 1339 460 publicam
1361 410 1553 460 ipsorum
1571 410 1805 447 vtilitatem
1829 421 1895 447 re-

257 482 375 521 diret
397 489 427 519 C:
454 490 701 520 curaturum
727 481 840 519 enim
864 494 949 528 me,
974 487 1019 518 vt
1044 494 1095 519 ea
1116 482 1253 520 tribus
1275 481 1437 532 primis,
1462 495 1571 533 quos
1599 486 1776 532 praeter
1799 493 1895 518 cae-

252 560 375 592 teros
411 554 715 605 diligentiores
747 558 841 591 toto
876 565 987 591 anno
1022 558 1231 603 expertus
1263 566 1423 601 essem,
1463 554 1534 591 vel
1566 552 1663 591 libri
1694 553 1897 603 physico-

254 639 347 664 rum
372 632 415 664 et
447 625 774 676 metaphys-icae
807 629 1180 675 compararentur,
1205 626 1275 663 vel
1306 624 1670 676 praeceptoribus
1701 624 1897 661 externis

255 696 629 735 examinatoribus
653 702 695 733 et
717 696 826 734 fisco
850 695 1068 734 facultatis
1090 696 1260 744 artium,
1284 696 1327 734 in
1347 696 1628 747 promotione
1659 708 1736 745 pro
1759 694 1896 746 gradu

255 769 591 806 baculaureatus
610 769 628 793 ‘¹
652 767 903 805 satisfieret.
923 767 1114 819 Rogazti
1127 767 1372 807 sententias
1390 767 1608 814 omnium,
1626 767 1782 804 nullus
1798 767 1899 805 erat

250 843 447 891 prorsus
469 839 545 878 cni
567 853 655 878 non
678 839 723 877 id
739 852 911 878 summe
927 839 1142 889 placeret.
1162 837 1284 876 Istud
1305 839 1423 890 quod
1444 839 1486 876 in
1508 851 1606 876 mea
1628 838 1778 876 schola
1795 843 1897 875 tunc

257 912 420 950 factum
445 917 528 959 est,
552 912 593 949 in
634 910 857 948 rhetorica
880 911 1019 948 classe
1042 910 1298 961 frequenter
1323 910 1496 949 accidit.

305 995 344 1033 4.
405 984 533 1022 Circa
562 983 723 1021 festum
755 982 960 1020 Omnium
989 982 1266 1030 Sanctorum,
1303 982 1419 1021 facta
1455 987 1521 1020 est
1558 981 1801 1019 studiorum
1836 981 1897 1018 in-

253 1055 448 1103 nouatio,
473 1068 557 1106 qua
580 1054 779 1105 discipuli
799 1067 913 1104 pene
945 1066 1098 1092 omnes
1134 1055 1314 1092 altiores
1346 1055 1508 1092 classes
1540 1053 1777 1104 petierunt,
1810 1064 1896 1089 non

253 1128 346 1165 sine
370 1127 569 1178 diligenti
592 1126 793 1164 examine
816 1126 1066 1177 priusquam
1089 1125 1143 1164 ad
1165 1138 1395 1164 ascensum
1428 1124 1779 1163 admitterentur.
1815 1125 1898 1161 Per

254 1212 451 1238 mensem
489 1200 602 1237 enim
643 1199 864 1248 integrum
898 1202 1214 1249 praeceptores
1255 1197 1385 1247 aliqui
1419 1196 1461 1235 in
1498 1195 1789 1235 examinando
1828 1208 1898 1233 oc-

254 1272 399 1322 cupati
419 1271 611 1317 fuerunt,
635 1269 819 1320 scriptis
842 1269 1046 1308 omnium
1068 1268 1411 1319 qutaestionibzfcs
1433 1270 1472 1307 et
1493 1267 1746 1314 erroribus,
1780 1266 1898 1304 audi-

253 1343 392 1392 tisque
409 1343 635 1381 rhetorum
654 1340 1063 1389 declamationibus,
1085 1344 1129 1378 et
1150 1340 1292 1388 lectis,
1312 1344 1403 1378 tum
1421 1341 1664 1386 rhetorum,
1683 1342 1775 1376 tum
1793 1350 1898 1388 poe-

252 1420 393 1453 tarum
412 1421 456 1453 et
478 1416 864 1466 grammaticorum
888 1413 1175 1461 orationibus,
1201 1412 1464 1451 carminibus
1483 1418 1527 1449 et
1550 1411 1762 1463 epistolis,
1787 1422 1898 1460 quae

253 1487 409 1537 partim
433 1500 487 1525 ex
509 1493 726 1538 tempore,
746 1486 872 1525 nobis
893 1486 1219 1537 praesentibus,
1238 1483 1394 1535 partim
1413 1483 1485 1521 diu
1508 1488 1610 1521 ante
1629 1481 1898 1531 conscripse-

254 1564 362 1597 rant.
388 1558 528 1597 Finito
553 1559 770 1606 examine,
795 1558 960 1608 aliquot
982 1557 1143 1595 deinde
1165 1562 1264 1607 post
1286 1555 1394 1603 dies,
1429 1555 1609 1592 cuilibet
1639 1553 1680 1591 in
1712 1565 1899 1591 ascensu

254 1631 378 1670 locus
408 1644 486 1682 pro
520 1631 768 1669 eruditione
802 1635 845 1668 et
880 1629 1046 1680 pietate
1077 1628 1219 1679 (cuius
1252 1627 1382 1665 etiam
1414 1625 1524 1664 ratio
1547 1624 1810 1673 habebatur)
1834 1628 1899 1661 est

256 1703 526 1754 designatus.
552 1703 669 1741 Talis
692 1703 806 1740 enim
830 1701 1016 1753 gloriola
1041 1699 1264 1750 juuentuti
1286 1699 1340 1737 ad
1370 1699 1513 1736 acrius
1545 1695 1809 1735 studendum
1838 1695 1901 1733 vi-

257 1774 384 1813 detur
407 1775 606 1812 stimulos
627 1773 809 1812 addere.
833 1773 933 1810 Dati
955 1776 1054 1810 sunt
1078 1771 1208 1809 etiam
1230 1771 1328 1809 libri
1350 1775 1440 1808 tres
1467 1769 1605 1807 tribus
1628 1766 1900 1805 doctioribus

258 1859 312 1884 ex
335 1847 557 1885 rhetorica
578 1846 632 1884 ad
654 1846 842 1897 logicam
869 1844 1225 1883 ascendentibus.
1253 1842 1462 1891 Quorum
1490 1839 1694 1879 omnium
1719 1839 1901 1889 primus

257 1918 313 1968 (is
336 1917 578 1957 Societatis
599 1918 679 1968 est)
702 1929 939 1969 organum
968 1914 1230 1954 Aristotelis
1263 1914 1307 1952 in
1339 1915 1522 1963 quarto,
1556 1910 1790 1960 Parrysiis
1818 1909 1900 1948 im-

252 1992 460 2040 pressam
480 1992 612 2040 atque
631 2003 658 2028 a
674 1988 823 2028 variis
840 1988 981 2027 latine
999 1986 1242 2034 redditum,
1261 1984 1444 2035 accepit.
1465 1983 1712 2029 Secundus,
1732 1984 1899 2020 domes-

258 2062 374 2100 tiens
397 2062 538 2100 bonae
571 2060 665 2112 spei
698 2059 892 2106 iuuenis,
920 2059 1035 2098 idem
1058 2070 1293 2110 organum
1313 2056 1363 2095 in
1385 2058 1563 2094 octauo.
1600 2053 1791 2101 Tertius,
1816 2054 1900 2092 leo-

259 2132 426 2172 diensis
447 2132 650 2182 qaidam,
675 2131 813 2171 etiam
835 2129 1087 2176 conm'ctor,
1111 2127 1373 2167 Aristotelis
1396 2125 1627 2165 aethicam
1650 2124 1694 2162 in
1720 2126 1901 2169 octana·

259 2217 370 2255 quos
404 2203 548 2242 libros
580 2217 633 2243 ex
669 2202 850 2241 mulctis
885 2214 999 2251 qaas
1028 2199 1116 2238 sihi
1147 2199 1498 2250 impossuerant,
1541 2209 1705 2248 regens
1743 2208 1901 2234 eornm

253 2278 523 2327 praeceptor
543 2275 639 2314 illis
661 2273 967 2325 comparauit,
993 2271 1181 2311 adiectis
1203 2273 1353 2310 tamen
1375 2269 1545 2315 multis,
1567 2270 1685 2318 quod
1708 2268 1902 2306 mulctae

258 2360 350 2386 non
370 2346 660 2399 suffecerint.
686 2346 884 2384 Recitata
905 2350 996 2382 tum
1017 2343 1230 2393 temporis
1252 2342 1429 2379 fuerunt
1457 2354 1480 2378 a
1511 2338 1720 2378 studiosis
1752 2352 1902 2377 ascen-

259 2419 479 2466 dentibus,
502 2419 657 2469 partim
681 2418 885 2464 carmina,
909 2416 1064 2467 partim
1083 2414 1306 2453 orationes
1327 2413 1369 2450 in
1385 2413 1602 2450 variarum
1621 2411 1900 2449 scientiarum

261 2489 706 2530 commendationem.

315 2572 351 2612 5.
412 2562 671 2600 Lectionum
702 2573 838 2610 parua
867 2559 983 2597 facta
1013 2563 1081 2595 est
1112 2556 1295 2595 mutatio
1327 2562 1359 2593 θ.
1392 2555 1515 2593 Nam
1546 2555 1604 2592 M.
1638 2552 1903 2592 Balduinus

259 2635 370 2683 suis,
393 2637 538 2685 nuper
558 2633 607 2672 in
629 2631 894 2672 bacularios
917 2630 1092 2669 artium
1108 2627 1349 2679 promotis,
1375 2626 1488 2679 legit
1500 2625 1734 2677 physz'cmn
1756 2627 1795 2663 et
1817 2637 1903 2663 me-

261 2706 557 2758 taphysicam.
583 2705 685 2757 Ego
713 2703 824 2743 meis
848 2702 984 2741 nonis
1012 2700 1179 2753 logicis
1213 2697 1475 2738 Aristotel-is
1511 2696 1815 2742 dialecticam,
1853 2695 1901 2733 in

253 2780 376 2831 sesto
393 2778 592 2830 paschae
615 2775 920 2815 adizmcz‘nrns
943 2772 1186 2812 aethicam:
1214 2783 1323 2809 nam
1350 2768 1606 2809 senioribus
1639 2767 1903 2806 bacularez's

307 2947 326 2966 ²²
376 2947 486 2983 licet.
545 2946 606 2969 —b
640 2950 833 2980 nostrum.
889 2948 952 2966 —0
986 2944 1073 2976 erat
1100 2938 1294 2976 reditura.
1351 2937 1417 2962 —d
1452 2948 1606 2973 eorum.
1673 2942 1737 2960 -e
1762 2934 1815 2971 In
1842 2945 1904 2970 se-

259 3007 413 3055 quenti
444 3004 730 3052 paragrapho
770 3003 896 3049 prius
941 3001 1094 3047 aliqua
1134 2999 1429 3043 castigaverat
1464 2995 1705 3037 pommus,
1752 3000 1900 3040 postea

260 3067 414 3105 omnia
433 3064 710 3103 cancellavit.
