2038 3400
369 237 433 274 194
842 237 1065 276 LITTERAE
1091 238 1449 285 QquRmsssTREs

318 339 399 378 dae
433 338 674 379 iuuentutis
707 342 962 389 habeamus,
1001 348 1045 380 et
1079 342 1343 393 pauperibus
1379 343 1706 381 coloniensibus
1740 340 1948 380 studiosis

318 411 624 450 subueniendi.
650 411 898 463 Speramus
921 415 1085 460 autem,
1110 415 1153 451 vt
1176 413 1255 463 qni
1275 414 1365 453 tale
1381 412 1663 464 principium
1691 412 1797 452 huic
1819 414 1947 452 colle-

314 481 398 534 gio
434 482 569 530 dedit,
609 483 735 522 dabit
769 486 809 523 et
844 486 960 523 recte
986 484 1201 534 perficere
1239 484 1368 523 iuxta
1405 483 1646 524 Societatis
1682 484 1895 524 instituta
1919 487 1943 523 ¹.

318 554 442 592 Haec
473 566 647 593 causam
678 556 865 606 prebent
897 568 972 593 cur
1007 556 1049 593 in
1085 555 1221 594 literis
1252 555 1499 595 menstruis
1528 559 1567 595 et
1598 555 1946 607 qztadrimestri-

318 625 397 664 bus
418 633 436 650 ὃ
459 626 631 677 saepius
648 626 938 677 potissimum
961 627 1015 664 de
1038 627 1200 665 scholis
1232 632 1276 665 et
1307 627 1549 666 studiorum
1570 640 1810 679 progressu
1832 627 1945 666 dica-

318 709 426 744 mus3
450 697 568 746 quod
597 697 658 736 illi
677 698 765 736 soli
789 698 823 745 b,
847 704 971 736 recte
993 697 1194 746 instituti,
1219 711 1419 750 magnam
1443 699 1803 738 commoditatem
1828 705 1870 737 et
1892 700 1946 738 ad

316 768 399 807 alia
421 770 766 819 oportunitatem
787 770 914 808 nobis
936 770 1020 808 sint
1043 771 1227 809 allaturi.

369 850 405 879 2.
466 842 522 879 Vt
543 840 674 892 igitur
696 855 811 880 nunc
828 854 1004 892 quoque
1027 842 1080 880 ab
1098 841 1253 880 iisdem
1273 842 1507 891 ordiamur,
1528 841 1600 894 qui
1621 842 1739 881 dorni
1760 842 1802 880 in
1825 855 1945 894 gym-

314 913 436 951 nasio
469 918 810 961 commorantur,
829 913 1078 953 rectissime
1099 920 1116 938 0
1137 914 1197 952 illi
1229 927 1381 952 omnes
1413 927 1509 953 curn
1541 915 1583 953 in
1614 914 1752 952 literis
1783 920 1873 952 tum
1904 915 1945 952 in

313 984 480 1034 pietate
511 998 795 1036 progressum
826 985 1009 1033 faciunt;
1041 987 1081 1025 εἴ
1111 985 1130 1010 d
1158 986 1315 1024 fratres
1338 993 1355 1011 e
1378 986 1570 1036 quidem,
1605 985 1684 1036 qul?
1704 999 1945 1026 numerum

312 1055 587 1108 vigesimum
619 1057 886 1107 attigerunt,
920 1057 992 1108 qui
1020 1070 1099 1096 suo
1121 1062 1324 1108 ternpore
1347 1057 1523 1105 deinde,
1548 1058 1622 1096 vbi
1643 1058 1736 1096 sine
1757 1059 1945 1096 tumultu

314 1133 357 1165 et
378 1134 608 1178 parentum
627 1128 925 1167 concitatione
947 1128 990 1166 id
1013 1129 1245 1167 commode
1263 1128 1358 1167 fieri
1378 1129 1557 1180 poterit,
1582 1130 1653 1167 vel
1675 1131 1856 1168 Romam
1873 1130 1944 1168 vel

311 1199 366 1237 ad
387 1200 470 1238 3113
492 1199 757 1239 Germaniae
780 1200 878 1238 loca
899 1201 1189 1248 dimittentur3
1214 1206 1258 1238 et
1287 1200 1356 1238 isti
1378 1200 1554 1251 quidem
1576 1199 1693 1251 quod
1716 1201 1769 1239 ad
1792 1214 1943 1240 eorum

311 1272 593 1310 vocationem
613 1273 821 1323 pertinet,
847 1272 950 1310 satis
971 1272 1220 1323 proficiunt,
1243 1273 1347 1311 licet
1378 1273 1552 1311 interim
1575 1273 1629 1310 ad
1650 1278 1824 1324 tempus
1846 1286 1943 1311 cum

312 1343 507 1382 externis
528 1343 858 1382 conuictoribus
879 1343 1240 1394 permisceantur.
1266 1345 1431 1382 Verum
1453 1344 1494 1382 in
1522 1345 1792 1382 necessitate
1815 1344 1944 1395 Spiri-

310 1420 379 1453 tus
402 1415 550 1454 Sancti
571 1414 711 1466 gratia
729 1415 910 1465 copiosa
926 1427 1014 1453 non
1033 1427 1111 1453 eos
1129 1415 1345 1461 destituit,
1365 1415 1437 1466 qui
1458 1415 1470 1439 f
1497 1414 1816 1466 patientissime
1833 1416 1944 1453 hanc

308 1486 715 1526 incommoditatem
733 1487 891 1535 ferant,
911 1486 1104 1538 dentque
1126 1500 1203 1538 pro
1228 1487 1391 1525 viribus
1411 1499 1605 1538 operam,
1625 1487 1706 1537 piis
1729 1488 1943 1538 exemplis

311 1559 441 1597 etiam
472 1559 581 1597 alios
611 1558 666 1597 ad
696 1558 906 1609 pietatem
939 1558 1190 1597 adhortari
1222 1565 1258 1596 ἓξ.
1295 1560 1500 1597 Attamen
1531 1571 1646 1596 nunc
1676 1560 1761 1597 hoc
1791 1571 1941 1597 mense

310 1632 437 1678 Maio,
463 1636 536 1669 aut
564 1631 681 1669 forte
717 1631 935 1682 sequenti,
969 1631 1043 1669 vbi
1073 1631 1229 1669 domus
1260 1643 1398 1682 nuper
1422 1636 1567 1682 empta
1590 1631 1802 1669 cubiculis
1826 1644 1942 1670 com-

308 1703 448 1741 modis
471 1702 675 1742 distincta
695 1703 843 1750 fuerit,
878 1709 921 1741 et
948 1703 1129 1741 fratrum
1160 1702 1419 1741 habitationi
1450 1702 1583 1750 vtilis3
1621 1703 1854 1753 separatim
1888 1704 1941 1741 ab

307 1775 400 1813 aliis
423 1776 729 1826 seiungentur,
755 1788 840 1826 quo
865 1775 1103 1813 Societatis
1126 1774 1280 1813 melius
1309 1775 1651 1812 constitutiones
1683 1775 1940 1821 obseruent;

306 1847 437 1897 idque
460 1853 667 1898 quantum
699 1848 1006 1887 conuictorum
1028 1848 1138 1885 ratio
1161 1848 1367 1898 patietur,
1392 1848 1433 1885 in
1455 1846 1611 1897 quibus
1636 1847 1766 1885 etiam
1791 1859 1940 1885 curan-

307 1919 407 1957 dum
432 1925 514 1967 est,
538 1924 585 1958 vt
606 1919 647 1957 in
668 1919 836 1971 pietate
859 1919 1143 1958 accessiones
1165 1919 1206 1957 111
1229 1919 1321 1957 dies
1344 1918 1519 1956 faciant.

359 2001 396 2038 3.
459 1990 589 2041 Quod
611 1997 658 2028 vt
680 1991 754 2029 fiat
775 1991 946 2037 melius,
967 2003 1113 2028 curam
1145 1990 1456 2041 discipulorum
1477 1990 1624 2040 partiti
1647 2003 1810 2036 sumus,
1836 2001 1938 2027 con-

305 2062 467 2100 stitutis
488 2062 726 2113 praefectis
754 2061 934 2112 singulis
965 2061 1328 2112 praeceptoribus
1360 2074 1544 2110 quorum
1578 2073 1709 2099 curae
1733 2061 1897 2112 aliquot
1920 2061 1938 2084 ¹¹

306 2134 588 2172 conuictores
611 2133 831 2172 commissi
854 2137 967 2181 sunt,
992 2146 1102 2183 quos
1126 2139 1279 2171 curent
1308 2137 1428 2171 recte
1461 2133 1502 2170 111
1534 2131 1686 2170 studiis
1718 2133 1938 2170 literarum

306 2211 350 2244 et
386 2206 511 2244 bonis
547 2205 740 2244 moribus
772 2206 780 2230 ⁵
822 2205 1013 2243 officium
1049 2205 1214 2243 facere.
1254 2203 1496 2243 Generalis
1531 2206 1681 2242 famen
1718 2203 1936 2252 omnium,

305 2279 425 2327 quod
447 2279 506 2316 ad
527 2290 676 2317 mores
712 2277 886 2319 attinet,
920 2276 1152 2328 magistro
1177 2276 1344 2315 Ionum?
1365 2275 1539 2322 Restio,
1573 2275 1747 2326 regenti
1770 2275 1798 2322 J',
1824 2288 1938 2314 cura

305 2350 414 2387 data
434 2351 510 2395 est,
537 2351 575 2388 el‘
597 2348 714 2388 milri
735 2351 957 2399 quantum
975 2348 1171 2399 pertinet
1193 2349 1253 2386 ad
1273 2347 1427 2385 studia
1456 2348 1492 2385 k.
1528 2347 1624 2385 Nos
1645 2349 1796 2386 tamen
1818 2346 1937 2396 quic-

305 2420 413 2470 quid
437 2420 562 2459 nobis
580 2420 814 2467 incumbit,
836 2421 887 2458 R.
909 2419 1006 2458 Pri.
1028 2420 1271 2458 Leonardo
1293 2423 1305 2442 ²
1328 2417 1591 2470 referimus,
1617 2420 1660 2456 vt
1683 2417 1816 2456 vuius
1835 2421 1937 2468 pas-

304 2492 420 2530 toris
461 2491 688 2543 regimine
722 2505 874 2531 omnes
914 2491 1212 2543 dirigantur,
1255 2503 1333 2530 uec
1371 2489 1469 2530 sine
1509 2490 1604 2528 eius
1645 2489 1836 2528 consilio
1876 2492 1938 2539 (vt

305 2577 498 2614 aequum
519 2566 598 2614 est)
621 2564 866 2614 quicquam
889 2576 916 2601 a
938 2562 1067 2602 nobis
1080 2563 1185 2613 fiai.

349 2697 368 2716 ²
419 2696 579 2734 nostris.
633 2697 697 2721 —b
718 2696 902 2733 iuuenes
958 2702 1021 2721 -c
1041 2707 1249 2741 magnum.
1317 2695 1381 2720 -d
1404 2694 1635 2741 praecipue.
1701 2702 1764 2719 -e
1795 2693 1933 2730 nostri.

304 2758 361 2782 —f
398 2757 578 2794 Videtur
595 2759 820 2794 mutatum
841 2767 867 2793 a
884 2754 1076 2794 Polanco
1091 2755 1135 2792 in
1149 2755 1258 2801 quin.
1314 2762 1383 2788 —g
1405 2753 1589 2790 incitare.
1659 2755 1723 2779 —h
1747 2753 1932 2790 Emend.

303 2828 353 2855 ex
371 2817 458 2855 alio
477 2817 616 2862 verbo,
637 2816 755 2864 quod
773 2816 858 2861 legi
874 2817 1035 2862 nequit.
1092 2816 1147 2841 --i
1174 2827 1308 2851 suum.
1369 2815 1422 2845 —J'
1454 2815 1599 2861 Supra
1630 2824 1739 2850 vers.
1773 2814 1932 2850 rectori.

303 2878 369 2902 —k
390 2877 441 2914 ad
459 2876 592 2914 studia
611 2877 657 2913 in
678 2886 814 2921 marg.
835 2879 1005 2912 auctor.

351 3006 359 3025 ¹
414 3002 479 3041 Cf.
501 3002 700 3045 Pfflmmz,
722 3000 771 3044 ΙΙ,
795 3000 850 3038 13.

349 3064 362 3084 ²
413 3063 457 3101 P.
480 3062 720 3100 Leonardus
740 3060 903 3102 Kessel‚
924 3058 1088 3104 collegii
1108 3065 1251 3097 rector.
