2038 3400
472 270 827 314 433.—FERnAn1a
852 271 899 314 26
923 274 1184 316 SEPTEMBms
1213 274 1303 317 1560
1585 275 1651 318 881

79 385 285 424 praeesse
306 374 402 424 alijs
423 375 582 414 debeat
613 384 646 424 a,
671 378 793 416 multi
816 392 869 417 ex
891 380 977 419 hoc
998 380 1240 422 catholicos
1262 385 1303 421 in
1326 384 1479 423 maiori
1500 386 1700 424 aestima-

79 446 198 484 tione
228 452 359 498 atque
390 448 559 486 honore
588 449 765 497 habent,
789 457 920 502 atque
944 454 998 491 ob
1029 453 1071 491 id
1101 468 1188 493 non
1218 456 1344 506 pauci
1375 458 1579 495 catholici
1602 471 1699 496 esse

79 522 152 554 aut
173 517 326 556 saltem
348 519 536 569 reputari
561 520 846 560 contendunt.
873 524 1003 572 Quod
1026 525 1155 564 etiam
1177 526 1219 564 in
1249 527 1453 578 antiquae
1476 529 1700 579 religionis

79 594 360 638 augmentum
383 590 502 628 cedit
529 590 741 631 nonnihil.

158 660 281 698 Haec
302 665 414 708 sunt,
440 663 486 700 R.
514 663 576 709 R,
601 676 713 714 quae
735 664 819 702 iam
841 666 942 704 mihi
972 667 1181 706 scribenti
1202 669 1466 708 incidebant.
1498 672 1549 709 R.
1576 672 1621 709 P.
1646 673 1697 711 V.

77 743 153 780 pro
176 731 301 769 nobis
324 734 523 772 omnibus
547 736 703 782 orabit,
728 741 773 773 ut
792 737 920 775 vinea
942 739 1101 777 Christi
1123 741 1165 777 in
1195 741 1279 790 hijs
1300 742 1531 792 prouintijs
1563 745 1700 795 magis

79 813 129 839 ac
151 803 289 853 magis
311 805 554 843 excolatur.
579 806 775 845 Viennae
797 818 840 855 17
860 809 1087 859 Septemb.
1121 824 1234 850 anno
1257 813 1321 851 60.
1343 815 1390 851 R.
1416 815 1462 851 P.
1486 815 1538 852 V.
1563 815 1700 863 indig-

77 885 157 910 nus
178 873 219 911 in
239 874 316 912 X.⁰
343 888 500 914 seruus

1193 974 1388 1011 CAROLUS
1418 973 1533 1012 GRIM
1566 975 1591 1012 ¹.

158 1049 319 1102 sigilli
338 1052 594 1103 vestigium.

834 1301 948 1352 433

378 1445 775 1505 JOANNES
825 1451 932 1498 DE
981 1453 1395 1505 LORRENA

479 1608 695 1635 FERRARIA
722 1600 768 1638 26
793 1601 837 1647 (P)
864 1613 1117 1642 SEPTEMBRIS
1146 1607 1236 1644 1560
1261 1608 1287 1645 ².

76 1725 192 1764 Sunt
213 1726 414 1776 domi13‚
439 1728 518 1778 qui
538 1729 640 1769 bene
661 1732 811 1771 valent
832 1735 871 1772 et
891 1734 940 1773 in
968 1736 1136 1786 spiritu
1167 1740 1429 1792 proficiunt.
1455 1744 1591 1783 Multi
1611 1745 1697 1784 dis-

154 1791 295 1842 cipuli
313 1793 489 1832 externi
509 1797 568 1833 ad
587 1797 770 1837 scholas
790 1802 1057 1841 nostrorum
1089 1809 1356 1854 accurrunt,
1390 1810 1429 1847 et
1454 1812 1698 1859 praeclare

152 1871 197 1897 se
226 1862 413 1909 gerunt.
448 1861 512 1899 De
542 1863 674 1901 domo
696 1864 854 1915 aliqua
878 1868 1052 1917 aptiori
1069 1871 1356 1922 suscipienda
1380 1875 1559 1926 agitur.
1587 1877 1698 1916 Con-

154 1923 296 1964 tiones
325 1925 373 1964 in
403 1928 582 1976 templo,
614 1930 654 1967 et
675 1943 912 1971 carcerum
934 1934 1139 1975 visitatio
1161 1939 1495 1980 continuantur
1515 1945 1555 1981 et
1575 1945 1697 1982 salu-

154 1989 272 2028 taris
284 1990 476 2041 fructus
497 1991 599 2031 inde
615 1995 886 2046 percipitur.
911 1999 960 2038 P.
982 2000 1253 2042 Benedictus
1269 2004 1492 2054 Palmius,
1512 2009 1698 2058 provin-

154 2054 298 2101 cialis,
321 2055 584 2097 visitatione
613 2061 653 2098 et
681 2062 1078 2104 exhortationibus
1105 2068 1251 2107 socios
1286 2072 1346 2108 ad
1371 2072 1696 2123 perfectionem

155 2116 474 2168 inflammavit.
509 2119 745 2162 sodalitas
773 2127 1086 2167 saecularium
1116 2130 1368 2182 hominum,
1402 2136 1452 2174 de
1483 2149 1573 2185 qua
1593 2137 1697 2187 jam

155 2182 274 2221 alias
300 2184 479 2223 locutus
499 2189 575 2234 est,
597 2193 890 2230 sacramenta
904 2192 1174 2244 frequenter
1194 2198 1396 2249 suscipit,
1427 2203 1466 2239 et
1489 2201 1698 2252 operibus

155 2248 369 2288 caritatis
390 2250 563 2290 intenta
585 2255 660 2292 est.
687 2255 834 2295 Mater
855 2261 1079 2309 quaedam
1109 2263 1275 2301 nobilis
1301 2265 1456 2315 filium
1483 2268 1699 2318 graviter

152 2315 445 2355 vulneratum
484 2319 677 2357 adduxit
712 2323 761 2359 ut
795 2322 981 2363 inimico
1012 2328 1240 2375 parceret,·
1280 2329 1355 2368 ille
1394 2334 1697 2372 sacramentis

155 2379 360 2419 munitus
378 2381 504 2420 obiit.

122 2554 141 2572 a
192 2547 325 2585 Prius
343 2548 477 2586 debet.

124 2715 132 2733 ¹
188 2714 306 2758 Vide,
329 2728 366 2762 p.
384 2716 466 2761 390,
488 2722 625 2754 annot.
650 2721 681 2756 1.

123 2774 136 2793 ²
187 2773 330 2811 Exstat
349 2777 578 2823 exemplum
598 2778 766 2816 latinum
784 2784 1082 2830 autographum
1096 2786 1136 2822 in
1151 2787 1236 2826 cod.
1264 2788 1402 2826 Venet.
1421 2789 1513 2833 IOO,
1531 2790 1571 2827 ff.
1595 2790 1698 2826 16-17

74 2832 114 2868 in
132 2845 211 2879 quo
228 2833 314 2870 dies
333 2836 481 2872 mensis
500 2836 583 2882 legi
602 2838 754 2884 nequit.
777 2838 849 2877 Est
868 2844 1100 2890 exemplum
1118 2846 1261 2884 italum
1280 2848 1416 2885 datum
1436 2849 1499 2885 die
1528 2849 1573 2886 26
1599 2849 1698 2895 Sep-

75 2891 242 2928 tembris
261 2892 300 2928 in
320 2893 404 2930 cod.
424 2894 523 2932 Ital.
545 2896 630 2940 116,
651 2896 691 2933 ff.
712 2897 780 2935 243
794 2918 804 2923 -
818 2898 899 2937 244.
916 2900 961 2937 In
976 2902 1050 2940 hoc
1065 2904 1178 2941 deest
1194 2907 1445 2954 subscriptio.
1466 2907 1511 2945 In
1527 2915 1697 2955 utroque

77 2963 173 2987 vero
192 2953 389 2999 exemplo,
410 2953 450 2990 in
469 2955 611 2992 mediis
637 2956 755 3003 foliis,
783 2962 1056 2999 atramentum
1083 2963 1139 3001 ita
1171 2966 1350 3010 evanuit,
1383 2973 1424 3003 ut
1456 2968 1495 3003 in
1526 2968 1698 3014 singulis

76 3010 257 3048 versibus
288 3013 405 3058 plura
435 3014 561 3052 verba
591 3016 674 3062 legi
706 3025 924 3064 nequeant.
956 3020 1094 3066 Quare
1127 3027 1302 3072 exempli
1339 3027 1453 3063 latini
1484 3040 1696 3069 summam,

75 3075 269 3115 quantum
287 3071 521 3119 intelligere
540 3075 754 3122 potuimus,
775 3082 931 3116 tantum
952 3081 1014 3118 hic
1032 3083 1187 3120 damus.

219 3154 379 3180 Lirmuan
401 3156 757 3188 Quanamawrunm-T.
781 3161 831 3187 VI.
1524 3171 1557 3199 50
