<?xml version="1.0" encoding="UTF-8"?>
<!DOCTYPE html PUBLIC "-//W3C//DTD XHTML 1.0 Transitional//EN"
    "http://www.w3.org/TR/xhtml1/DTD/xhtml1-transitional.dtd">
<html xmlns="http://www.w3.org/1999/xhtml" xml:lang="en" lang="en">
 <head>
  <title>
</title>
<meta http-equiv="Content-Type" content="text/html;charset=utf-8" />
  <meta name='ocr-system' content='tesseract 3.04.00' />
  <meta name='ocr-capabilities' content='ocr_page ocr_carea ocr_par ocr_line ocrx_word'/>
</head>
<body>
  <div class='ocr_page' id='page_1' title='image "./litteraequadrime18lain_0492.png"; bbox 0 0 2038 3400; ppageno 0'>
   <div class='ocr_carea' id='block_1_1' title="bbox 357 231 1427 279">
    <p class='ocr_par' dir='ltr' id='par_1_1' title="bbox 357 231 1427 279">
     <span class='ocr_line' id='line_1_1' title="bbox 357 231 1427 279; baseline 0.002 -11"><span class='ocrx_word' id='word_1_1' title='bbox 357 232 426 269; x_wconf 69' lang='grc' dir='ltr'>Δ174</span> <span class='ocrx_word' id='word_1_2' title='bbox 823 231 1045 271; x_wconf 75' lang='lat' dir='ltr'><strong>LITTERAE</strong></span> <span class='ocrx_word' id='word_1_3' title='bbox 1072 233 1161 279; x_wconf 59' lang='lat' dir='ltr'>QUA</span> <span class='ocrx_word' id='word_1_4' title='bbox 1173 244 1427 271; x_wconf 71' lang='lat' dir='ltr'>omMESTRFs</span> 
     </span>
    </p>
   </div>
   <div class='ocr_carea' id='block_1_2' title="bbox 310 335 1951 2166">
    <p class='ocr_par' dir='ltr' id='par_1_2' title="bbox 310 335 1951 2166">
     <span class='ocr_line' id='line_1_2' title="bbox 312 335 1937 388; baseline -0.001 -14"><span class='ocrx_word' id='word_1_5' title='bbox 312 340 474 385; x_wconf 88' lang='lat' dir='ltr'>quanto</span> <span class='ocrx_word' id='word_1_6' title='bbox 508 336 732 387; x_wconf 89' lang='lat' dir='ltr'>cupiamus</span> <span class='ocrx_word' id='word_1_7' title='bbox 762 335 925 374; x_wconf 88' lang='lat' dir='ltr'>affectu</span> <span class='ocrx_word' id='word_1_8' title='bbox 960 349 1123 374; x_wconf 89' lang='lat' dir='ltr'>nouum</span> <span class='ocrx_word' id='word_1_9' title='bbox 1154 335 1373 387; x_wconf 83' lang='lat' dir='ltr'>quoddam</span> <span class='ocrx_word' id='word_1_10' title='bbox 1403 336 1473 374; x_wconf 90' lang='lat' dir='ltr'>hic</span> <span class='ocrx_word' id='word_1_11' title='bbox 1504 338 1671 388; x_wconf 88' lang='lat' dir='ltr'>Pragae</span> <span class='ocrx_word' id='word_1_12' title='bbox 1703 335 1937 387; x_wconf 81' lang='lat' dir='ltr'>collegium</span> 
     </span>
     <span class='ocr_line' id='line_1_3' title="bbox 312 408 1937 460; baseline -0.001 -14"><span class='ocrx_word' id='word_1_13' title='bbox 312 408 500 459; x_wconf 88' lang='lat' dir='ltr'>erigere,</span> <span class='ocrx_word' id='word_1_14' title='bbox 524 408 566 445; x_wconf 90' lang='grc'>111</span> <span class='ocrx_word' id='word_1_15' title='bbox 599 421 684 459; x_wconf 89' lang='lat' dir='ltr'>quo</span> <span class='ocrx_word' id='word_1_16' title='bbox 707 408 876 446; x_wconf 79' lang='lat' dir='ltr'>alantur</span> <span class='ocrx_word' id='word_1_17' title='bbox 909 408 1112 459; x_wconf 76' lang='lat' dir='ltr'>expensis</span> <span class='ocrx_word' id='word_1_18' title='bbox 1143 410 1358 446; x_wconf 89' lang='lat' dir='ltr'>bonorum</span> <span class='ocrx_word' id='word_1_19' title='bbox 1391 409 1583 447; x_wconf 90' lang='lat' dir='ltr'>uirorum</span> <span class='ocrx_word' id='word_1_20' title='bbox 1605 421 1822 460; x_wconf 84' lang='lat' dir='ltr'><strong>pauperes</strong></span> <span class='ocrx_word' id='word_1_21' title='bbox 1852 412 1937 446; x_wconf 90' lang='lat' dir='ltr'>stu-</span> 
     </span>
     <span class='ocr_line' id='line_1_4' title="bbox 310 478 1939 531; baseline 0.001 -15"><span class='ocrx_word' id='word_1_22' title='bbox 310 478 422 518; x_wconf 81' lang='lat' dir='ltr'>diosi</span> <span class='ocrx_word' id='word_1_23' title='bbox 442 480 485 517; x_wconf 90' lang='lat' dir='ltr'>in</span> <span class='ocrx_word' id='word_1_24' title='bbox 506 480 690 530; x_wconf 82' lang='lat' dir='ltr'>gratiam</span> <span class='ocrx_word' id='word_1_25' title='bbox 711 479 970 518; x_wconf 81' lang='lat' dir='ltr'>bohemicae</span> <span class='ocrx_word' id='word_1_26' title='bbox 993 479 1275 531; x_wconf 78' lang='lat' dir='ltr'>reipublicae,</span> <span class='ocrx_word' id='word_1_27' title='bbox 1299 485 1430 530; x_wconf 91' lang='lat' dir='ltr'>atque</span> <span class='ocrx_word' id='word_1_28' title='bbox 1454 479 1643 518; x_wconf 91' lang='lat' dir='ltr'>omnium</span> <span class='ocrx_word' id='word_1_29' title='bbox 1667 480 1939 518; x_wconf 88' lang='lat' dir='ltr'>subditorum</span> 
     </span>
     <span class='ocr_line' id='line_1_5' title="bbox 314 550 1939 603; baseline 0.001 -14"><span class='ocrx_word' id='word_1_30' title='bbox 314 553 560 590; x_wconf 80' lang='lat' dir='ltr'>Caesareae</span> <span class='ocrx_word' id='word_1_31' title='bbox 601 550 898 600; x_wconf 77' lang='lat' dir='ltr'>Ma[i]estatis,</span> <span class='ocrx_word' id='word_1_32' title='bbox 942 552 1064 590; x_wconf 89' lang='lat' dir='ltr'>cuius</span> <span class='ocrx_word' id='word_1_33' title='bbox 1109 552 1294 589; x_wconf 86' lang='lat' dir='ltr'>instituti</span> <span class='ocrx_word' id='word_1_34' title='bbox 1329 551 1619 602; x_wconf 88' lang='lat' dir='ltr'>promouendi</span> <span class='ocrx_word' id='word_1_35' title='bbox 1659 552 1712 590; x_wconf 95' lang='lat' dir='ltr'>ad</span> <span class='ocrx_word' id='word_1_36' title='bbox 1757 552 1939 603; x_wconf 85' lang='lat' dir='ltr'>gloriam</span> 
     </span>
     <span class='ocr_line' id='line_1_6' title="bbox 313 622 1939 674; baseline 0 -13"><span class='ocrx_word' id='word_1_37' title='bbox 313 622 473 661; x_wconf 84' lang='lat' dir='ltr'>Christi</span> <span class='ocrx_word' id='word_1_38' title='bbox 494 622 595 660; x_wconf 89' lang='lat' dir='ltr'>uiua</span> <span class='ocrx_word' id='word_1_39' title='bbox 617 634 728 662; x_wconf 88' lang='lat' dir='ltr'>uoce</span> <span class='ocrx_word' id='word_1_40' title='bbox 750 623 970 674; x_wconf 73' lang='lat' dir='ltr'>pollicitus</span> <span class='ocrx_word' id='word_1_41' title='bbox 994 628 1061 661; x_wconf 90' lang='lat' dir='ltr'>est</span> <span class='ocrx_word' id='word_1_42' title='bbox 1083 630 1249 661; x_wconf 78' lang='lat' dir='ltr'>ser.mus</span> <span class='ocrx_word' id='word_1_43' title='bbox 1280 622 1491 661; x_wconf 79' lang='lat' dir='ltr'>archidux</span> <span class='ocrx_word' id='word_1_44' title='bbox 1523 636 1570 661; x_wconf 91' lang='lat' dir='ltr'>se</span> <span class='ocrx_word' id='word_1_45' title='bbox 1591 623 1839 674; x_wconf 90' lang='lat' dir='ltr'>primarium</span> <span class='ocrx_word' id='word_1_46' title='bbox 1871 635 1939 673; x_wconf 90' lang='lat' dir='ltr'>pa-</span> 
     </span>
     <span class='ocr_line' id='line_1_7' title="bbox 312 693 1941 746; baseline 0.001 -15"><span class='ocrx_word' id='word_1_47' title='bbox 312 700 485 732; x_wconf 88' lang='lat' dir='ltr'>tronum</span> <span class='ocrx_word' id='word_1_48' title='bbox 506 694 602 732; x_wconf 86' lang='lat' dir='ltr'>fore</span> <span class='ocrx_word' id='word_1_49' title='bbox 627 701 653 741; x_wconf 81' lang='lat'>¹3</span> <span class='ocrx_word' id='word_1_50' title='bbox 676 707 810 744; x_wconf 90' lang='lat' dir='ltr'>quare</span> <span class='ocrx_word' id='word_1_51' title='bbox 834 696 966 734; x_wconf 91' lang='lat' dir='ltr'>etiarn</span> <span class='ocrx_word' id='word_1_52' title='bbox 989 703 1007 720; x_wconf 58' lang='grc' dir='ltr'><strong><em>ἢ</em></strong></span> <span class='ocrx_word' id='word_1_53' title='bbox 1030 695 1265 746; x_wconf 83' lang='lat' dir='ltr'>diligenter</span> <span class='ocrx_word' id='word_1_54' title='bbox 1286 695 1372 733; x_wconf 93' lang='lat' dir='ltr'>hoc</span> <span class='ocrx_word' id='word_1_55' title='bbox 1394 695 1483 746; x_wconf 87' lang='lat' dir='ltr'>agit</span> <span class='ocrx_word' id='word_1_56' title='bbox 1513 696 1631 744; x_wconf 66' lang='lat' dir='ltr'>nol&#39;n]</span> <span class='ocrx_word' id='word_1_57' title='bbox 1657 696 1798 733; x_wconf 88' lang='lat' dir='ltr'>solum</span> <span class='ocrx_word' id='word_1_58' title='bbox 1828 693 1941 745; x_wconf 90' lang='lat' dir='ltr'>apud</span> 
     </span>
     <span class='ocr_line' id='line_1_8' title="bbox 313 765 1941 817; baseline -0.001 -13"><span class='ocrx_word' id='word_1_59' title='bbox 313 765 572 813; x_wconf 85' lang='lat' dir='ltr'>catholicos,</span> <span class='ocrx_word' id='word_1_60' title='bbox 611 778 763 804; x_wconf 89' lang='lat' dir='ltr'>uerum</span> <span class='ocrx_word' id='word_1_61' title='bbox 802 767 932 805; x_wconf 88' lang='lat' dir='ltr'>etiam</span> <span class='ocrx_word' id='word_1_62' title='bbox 968 766 1081 817; x_wconf 90' lang='lat' dir='ltr'>apud</span> <span class='ocrx_word' id='word_1_63' title='bbox 1116 767 1319 813; x_wconf 81' lang='lat' dir='ltr'>hussitas,</span> <span class='ocrx_word' id='word_1_64' title='bbox 1363 770 1408 804; x_wconf 88' lang='lat' dir='ltr'>ut</span> <span class='ocrx_word' id='word_1_65' title='bbox 1444 766 1670 805; x_wconf 83' lang='lat' dir='ltr'>conferant</span> <span class='ocrx_word' id='word_1_66' title='bbox 1705 765 1865 817; x_wconf 86' lang='lat' dir='ltr'>aliquid</span> <span class='ocrx_word' id='word_1_67' title='bbox 1900 766 1941 803; x_wconf 92' lang='lat' dir='ltr'>in</span> 
     </span>
     <span class='ocr_line' id='line_1_9' title="bbox 312 836 1942 889; baseline -0.001 -14"><span class='ocrx_word' id='word_1_68' title='bbox 312 837 417 876; x_wconf 86' lang='lat' dir='ltr'>illud</span> <span class='ocrx_word' id='word_1_69' title='bbox 437 842 525 876; x_wconf 90' lang='lat' dir='ltr'>tam</span> <span class='ocrx_word' id='word_1_70' title='bbox 547 836 663 889; x_wconf 89' lang='lat' dir='ltr'>pium</span> <span class='ocrx_word' id='word_1_71' title='bbox 687 851 810 888; x_wconf 77' lang='lat' dir='ltr'>opuS‚</span> <span class='ocrx_word' id='word_1_72' title='bbox 834 839 1062 888; x_wconf 79' lang='lat' dir='ltr'>fassusque</span> <span class='ocrx_word' id='word_1_73' title='bbox 1088 846 1154 875; x_wconf 83' lang='lat' dir='ltr'>est</span> <span class='ocrx_word' id='word_1_74' title='bbox 1184 850 1230 875; x_wconf 88' lang='lat' dir='ltr'>se</span> <span class='ocrx_word' id='word_1_75' title='bbox 1253 837 1335 876; x_wconf 89' lang='lat' dir='ltr'>iam</span> <span class='ocrx_word' id='word_1_76' title='bbox 1359 843 1506 876; x_wconf 90' lang='lat' dir='ltr'>certos</span> <span class='ocrx_word' id='word_1_77' title='bbox 1536 838 1699 876; x_wconf 87' lang='lat' dir='ltr'>habere</span> <span class='ocrx_word' id='word_1_78' title='bbox 1730 848 1808 886; x_wconf 73' lang='lat'>400</span> <span class='ocrx_word' id='word_1_79' title='bbox 1836 838 1942 875; x_wconf 90' lang='lat' dir='ltr'>tale-</span> 
     </span>
     <span class='ocr_line' id='line_1_10' title="bbox 314 909 1943 960; baseline -0.001 -13"><span class='ocrx_word' id='word_1_80' title='bbox 314 923 386 948; x_wconf 89' lang='lat' dir='ltr'>ros</span> <span class='ocrx_word' id='word_1_81' title='bbox 407 909 468 959; x_wconf 83' lang='lat' dir='ltr'>(id</span> <span class='ocrx_word' id='word_1_82' title='bbox 492 915 559 948; x_wconf 91' lang='lat' dir='ltr'>est</span> <span class='ocrx_word' id='word_1_83' title='bbox 579 919 658 957; x_wconf 83' lang='lat'>300</span> <span class='ocrx_word' id='word_1_84' title='bbox 680 911 951 960; x_wconf 85' lang='lat' dir='ltr'>coronatos),</span> <span class='ocrx_word' id='word_1_85' title='bbox 977 916 1021 947; x_wconf 87' lang='lat' dir='ltr'>et</span> <span class='ocrx_word' id='word_1_86' title='bbox 1052 910 1234 960; x_wconf 86' lang='lat' dir='ltr'>amplius</span> <span class='ocrx_word' id='word_1_87' title='bbox 1263 922 1440 960; x_wconf 88' lang='lat' dir='ltr'>sperare</span> <span class='ocrx_word' id='word_1_88' title='bbox 1471 922 1519 948; x_wconf 92' lang='lat' dir='ltr'>se</span> <span class='ocrx_word' id='word_1_89' title='bbox 1541 909 1683 947; x_wconf 89' lang='lat' dir='ltr'>adhuc</span> <span class='ocrx_word' id='word_1_90' title='bbox 1704 919 1781 947; x_wconf 90' lang='lat'>200</span> <span class='ocrx_word' id='word_1_91' title='bbox 1810 909 1943 959; x_wconf 89' lang='lat' dir='ltr'>impe-</span> 
     </span>
     <span class='ocr_line' id='line_1_11' title="bbox 313 980 1941 1031; baseline -0.001 -12"><span class='ocrx_word' id='word_1_92' title='bbox 313 987 541 1019; x_wconf 88' lang='lat' dir='ltr'>traturum.</span> <span class='ocrx_word' id='word_1_93' title='bbox 567 982 665 1020; x_wconf 91' lang='lat' dir='ltr'>Huc</span> <span class='ocrx_word' id='word_1_94' title='bbox 687 980 845 1020; x_wconf 91' lang='lat' dir='ltr'>deinde</span> <span class='ocrx_word' id='word_1_95' title='bbox 869 982 1055 1020; x_wconf 83' lang='lat' dir='ltr'>accessit</span> <span class='ocrx_word' id='word_1_96' title='bbox 1087 981 1324 1019; x_wconf 78' lang='lat' dir='ltr'>liberalitas</span> <span class='ocrx_word' id='word_1_97' title='bbox 1346 981 1389 1020; x_wconf 85' lang='lat' dir='ltr'>S.</span> <span class='ocrx_word' id='word_1_98' title='bbox 1416 983 1463 1020; x_wconf 92' lang='lat' dir='ltr'>C.</span> <span class='ocrx_word' id='word_1_99' title='bbox 1490 981 1594 1019; x_wconf 72' lang='lat' dir='ltr'>M.tis</span> <span class='ocrx_word' id='word_1_100' title='bbox 1620 993 1732 1031; x_wconf 92' lang='lat' dir='ltr'>quae</span> <span class='ocrx_word' id='word_1_101' title='bbox 1753 980 1806 1018; x_wconf 92' lang='lat' dir='ltr'>ad</span> <span class='ocrx_word' id='word_1_102' title='bbox 1827 980 1941 1019; x_wconf 89' lang='lat' dir='ltr'>idem</span> 
     </span>
     <span class='ocr_line' id='line_1_12' title="bbox 314 1051 1944 1103; baseline -0.001 -12"><span class='ocrx_word' id='word_1_103' title='bbox 314 1053 559 1092; x_wconf 86' lang='lat' dir='ltr'>institutum</span> <span class='ocrx_word' id='word_1_104' title='bbox 581 1053 814 1103; x_wconf 86' lang='lat' dir='ltr'>quotannis</span> <span class='ocrx_word' id='word_1_105' title='bbox 836 1053 1009 1091; x_wconf 86' lang='lat' dir='ltr'>confert</span> <span class='ocrx_word' id='word_1_106' title='bbox 1026 1052 1192 1091; x_wconf 85' lang='lat' dir='ltr'>reditus</span> <span class='ocrx_word' id='word_1_107' title='bbox 1215 1051 1439 1091; x_wconf 88' lang='lat' dir='ltr'>cuiusdam</span> <span class='ocrx_word' id='word_1_108' title='bbox 1461 1053 1713 1102; x_wconf 84' lang='lat' dir='ltr'>monasterij</span> <span class='ocrx_word' id='word_1_109' title='bbox 1737 1052 1750 1071; x_wconf 76' lang='lat'><strong>²</strong></span> <span class='ocrx_word' id='word_1_110' title='bbox 1770 1061 1848 1101; x_wconf 83' lang='lat'>450</span> <span class='ocrx_word' id='word_1_111' title='bbox 1868 1052 1944 1089; x_wconf 86' lang='lat' dir='ltr'>fio-</span> 
     </span>
     <span class='ocr_line' id='line_1_13' title="bbox 315 1123 1946 1174; baseline -0.002 -11"><span class='ocrx_word' id='word_1_112' title='bbox 315 1137 536 1172; x_wconf 83' lang='lat' dir='ltr'>renorum,</span> <span class='ocrx_word' id='word_1_113' title='bbox 574 1124 609 1163; x_wconf 90' lang='lat' dir='ltr'>si</span> <span class='ocrx_word' id='word_1_114' title='bbox 643 1130 790 1163; x_wconf 90' lang='lat' dir='ltr'>tamen</span> <span class='ocrx_word' id='word_1_115' title='bbox 817 1123 859 1162; x_wconf 88' lang='lat' dir='ltr'>in</span> <span class='ocrx_word' id='word_1_116' title='bbox 894 1125 1004 1162; x_wconf 91' lang='lat' dir='ltr'>hanc</span> <span class='ocrx_word' id='word_1_117' title='bbox 1039 1124 1321 1162; x_wconf 87' lang='lat' dir='ltr'>collationem</span> <span class='ocrx_word' id='word_1_118' title='bbox 1357 1136 1480 1162; x_wconf 87' lang='lat' dir='ltr'>sacra</span> <span class='ocrx_word' id='word_1_119' title='bbox 1514 1123 1655 1162; x_wconf 88' lang='lat' dir='ltr'>Sedes</span> <span class='ocrx_word' id='word_1_120' title='bbox 1690 1123 1946 1174; x_wconf 84' lang='lat' dir='ltr'>Apostolica</span> 
     </span>
     <span class='ocr_line' id='line_1_14' title="bbox 316 1195 1946 1247; baseline -0.002 -11"><span class='ocrx_word' id='word_1_121' title='bbox 316 1197 567 1236; x_wconf 90' lang='lat' dir='ltr'>consentire</span> <span class='ocrx_word' id='word_1_122' title='bbox 598 1197 719 1235; x_wconf 88' lang='lat' dir='ltr'>uelit.</span> <span class='ocrx_word' id='word_1_123' title='bbox 755 1198 920 1235; x_wconf 84' lang='lat' dir='ltr'>Domus</span> <span class='ocrx_word' id='word_1_124' title='bbox 950 1201 1182 1247; x_wconf 88' lang='lat' dir='ltr'>praeterea</span> <span class='ocrx_word' id='word_1_125' title='bbox 1204 1196 1347 1234; x_wconf 90' lang='lat' dir='ltr'>uicina</span> <span class='ocrx_word' id='word_1_126' title='bbox 1376 1196 1431 1235; x_wconf 86' lang='lat' dir='ltr'>ad</span> <span class='ocrx_word' id='word_1_127' title='bbox 1460 1197 1546 1236; x_wconf 89' lang='lat' dir='ltr'>hoc</span> <span class='ocrx_word' id='word_1_128' title='bbox 1577 1196 1811 1247; x_wconf 85' lang='lat' dir='ltr'>collegium</span> <span class='ocrx_word' id='word_1_129' title='bbox 1843 1195 1946 1234; x_wconf 87' lang='lat' dir='ltr'>satis</span> 
     </span>
     <span class='ocr_line' id='line_1_15' title="bbox 313 1267 1947 1320; baseline -0.001 -14"><span class='ocrx_word' id='word_1_130' title='bbox 313 1273 412 1320; x_wconf 89' lang='lat' dir='ltr'>apta</span> <span class='ocrx_word' id='word_1_131' title='bbox 442 1282 520 1320; x_wconf 90' lang='lat' dir='ltr'>pro</span> <span class='ocrx_word' id='word_1_132' title='bbox 538 1281 623 1320; x_wconf 91' lang='lat' dir='ltr'>qua</span> <span class='ocrx_word' id='word_1_133' title='bbox 638 1268 851 1307; x_wconf 89' lang='lat' dir='ltr'>hactenus</span> <span class='ocrx_word' id='word_1_134' title='bbox 869 1280 955 1307; x_wconf 92' lang='lat' dir='ltr'>non</span> <span class='ocrx_word' id='word_1_135' title='bbox 973 1280 1122 1318; x_wconf 87' lang='lat' dir='ltr'>parum</span> <span class='ocrx_word' id='word_1_136' title='bbox 1140 1267 1384 1306; x_wconf 89' lang='lat' dir='ltr'>laboratum</span> <span class='ocrx_word' id='word_1_137' title='bbox 1403 1274 1485 1315; x_wconf 90' lang='lat' dir='ltr'>est,</span> <span class='ocrx_word' id='word_1_138' title='bbox 1507 1280 1560 1306; x_wconf 81' lang='lat' dir='ltr'>ex</span> <span class='ocrx_word' id='word_1_139' title='bbox 1578 1273 1701 1319; x_wconf 89' lang='lat' dir='ltr'>parte</span> <span class='ocrx_word' id='word_1_140' title='bbox 1719 1267 1947 1318; x_wconf 89' lang='lat' dir='ltr'>redempta</span> 
     </span>
     <span class='ocr_line' id='line_1_16' title="bbox 315 1338 1945 1389; baseline -0.002 -10"><span class='ocrx_word' id='word_1_141' title='bbox 315 1346 399 1387; x_wconf 81' lang='lat' dir='ltr'>est3</span> <span class='ocrx_word' id='word_1_142' title='bbox 432 1353 529 1379; x_wconf 91' lang='lat' dir='ltr'>cum</span> <span class='ocrx_word' id='word_1_143' title='bbox 562 1340 675 1378; x_wconf 89' lang='lat' dir='ltr'>enim</span> <span class='ocrx_word' id='word_1_144' title='bbox 707 1344 881 1378; x_wconf 83' lang='lat' dir='ltr'>constet</span> <span class='ocrx_word' id='word_1_145' title='bbox 908 1350 1007 1378; x_wconf 86' lang='lat'>1200</span> <span class='ocrx_word' id='word_1_146' title='bbox 1028 1338 1191 1384; x_wconf 74' lang='lat' dir='ltr'>taleris‚</span> <span class='ocrx_word' id='word_1_147' title='bbox 1223 1348 1299 1387; x_wconf 85' lang='lat'>500</span> <span class='ocrx_word' id='word_1_148' title='bbox 1325 1340 1407 1377; x_wconf 85' lang='lat' dir='ltr'>iam</span> <span class='ocrx_word' id='word_1_149' title='bbox 1430 1339 1604 1387; x_wconf 85' lang='lat' dir='ltr'>uiduae,</span> <span class='ocrx_word' id='word_1_150' title='bbox 1630 1351 1742 1389; x_wconf 89' lang='lat' dir='ltr'>quae</span> <span class='ocrx_word' id='word_1_151' title='bbox 1770 1338 1945 1376; x_wconf 90' lang='lat' dir='ltr'>domum</span> 
     </span>
     <span class='ocr_line' id='line_1_17' title="bbox 314 1410 1946 1463; baseline -0.002 -13"><span class='ocrx_word' id='word_1_152' title='bbox 314 1414 528 1451; x_wconf 89' lang='lat' dir='ltr'>hactenus</span> <span class='ocrx_word' id='word_1_153' title='bbox 549 1411 819 1463; x_wconf 85' lang='lat' dir='ltr'>possidebat,</span> <span class='ocrx_word' id='word_1_154' title='bbox 843 1412 1059 1449; x_wconf 86' lang='lat' dir='ltr'>numerati</span> <span class='ocrx_word' id='word_1_155' title='bbox 1077 1416 1189 1450; x_wconf 87' lang='lat' dir='ltr'>sunt.</span> <span class='ocrx_word' id='word_1_156' title='bbox 1213 1410 1475 1461; x_wconf 77' lang='lat' dir='ltr'>Propediem</span> <span class='ocrx_word' id='word_1_157' title='bbox 1494 1423 1600 1462; x_wconf 91' lang='lat' dir='ltr'>ergo</span> <span class='ocrx_word' id='word_1_158' title='bbox 1621 1422 1844 1460; x_wconf 89' lang='lat' dir='ltr'>speramus</span> <span class='ocrx_word' id='word_1_159' title='bbox 1866 1422 1946 1447; x_wconf 89' lang='lat' dir='ltr'>nos</span> 
     </span>
     <span class='ocr_line' id='line_1_18' title="bbox 316 1482 1947 1534; baseline -0.003 -11"><span class='ocrx_word' id='word_1_160' title='bbox 316 1485 431 1523; x_wconf 90' lang='lat' dir='ltr'>illam</span> <span class='ocrx_word' id='word_1_161' title='bbox 462 1484 639 1522; x_wconf 90' lang='lat' dir='ltr'>domum</span> <span class='ocrx_word' id='word_1_162' title='bbox 669 1484 911 1522; x_wconf 88' lang='lat' dir='ltr'>habituros.</span> <span class='ocrx_word' id='word_1_163' title='bbox 948 1484 1117 1522; x_wconf 82' lang='lat' dir='ltr'>Bonum</span> <span class='ocrx_word' id='word_1_164' title='bbox 1150 1488 1296 1522; x_wconf 90' lang='lat' dir='ltr'>autem</span> <span class='ocrx_word' id='word_1_165' title='bbox 1329 1483 1505 1534; x_wconf 87' lang='lat' dir='ltr'>collegij</span> <span class='ocrx_word' id='word_1_166' title='bbox 1537 1482 1663 1520; x_wconf 89' lang='lat' dir='ltr'>huius</span> <span class='ocrx_word' id='word_1_167' title='bbox 1694 1494 1947 1520; x_wconf 87' lang='lat' dir='ltr'>successum</span> 
     </span>
     <span class='ocr_line' id='line_1_19' title="bbox 319 1554 1950 1607; baseline -0.003 -12"><span class='ocrx_word' id='word_1_168' title='bbox 319 1559 555 1607; x_wconf 87' lang='lat' dir='ltr'>expectare</span> <span class='ocrx_word' id='word_1_169' title='bbox 591 1568 672 1594; x_wconf 87' lang='lat' dir='ltr'>nos</span> <span class='ocrx_word' id='word_1_170' title='bbox 693 1556 817 1594; x_wconf 85' lang='lat' dir='ltr'>iussit</span> <span class='ocrx_word' id='word_1_171' title='bbox 839 1563 1004 1594; x_wconf 75' lang='lat' dir='ltr'>ser.¹¹1¹¹S</span> <span class='ocrx_word' id='word_1_172' title='bbox 1026 1555 1228 1606; x_wconf 83' lang='lat' dir='ltr'>princeps</span> <span class='ocrx_word' id='word_1_173' title='bbox 1259 1554 1404 1593; x_wconf 91' lang='lat' dir='ltr'>donec</span> <span class='ocrx_word' id='word_1_174' title='bbox 1433 1555 1544 1593; x_wconf 89' lang='lat' dir='ltr'>haec</span> <span class='ocrx_word' id='word_1_175' title='bbox 1572 1554 1686 1592; x_wconf 85' lang='lat' dir='ltr'>festa</span> <span class='ocrx_word' id='word_1_176' title='bbox 1716 1554 1950 1591; x_wconf 86' lang='lat' dir='ltr'>transirent</span> 
     </span>
     <span class='ocr_line' id='line_1_20' title="bbox 317 1624 1948 1678; baseline -0.003 -12"><span class='ocrx_word' id='word_1_177' title='bbox 317 1628 527 1666; x_wconf 86' lang='lat' dir='ltr'>natalitia.</span> <span class='ocrx_word' id='word_1_178' title='bbox 552 1628 609 1666; x_wconf 92' lang='lat' dir='ltr'>Ut</span> <span class='ocrx_word' id='word_1_179' title='bbox 631 1632 778 1665; x_wconf 91' lang='lat' dir='ltr'>autem</span> <span class='ocrx_word' id='word_1_180' title='bbox 797 1640 866 1665; x_wconf 86' lang='lat' dir='ltr'>res</span> <span class='ocrx_word' id='word_1_181' title='bbox 883 1627 936 1666; x_wconf 89' lang='lat' dir='ltr'>ad</span> <span class='ocrx_word' id='word_1_182' title='bbox 954 1624 1166 1673; x_wconf 66' lang='lat' dir='ltr'>ffiaiorcm</span> <span class='ocrx_word' id='word_1_183' title='bbox 1189 1628 1272 1665; x_wconf 93' lang='lat' dir='ltr'>Dei</span> <span class='ocrx_word' id='word_1_184' title='bbox 1293 1627 1475 1678; x_wconf 84' lang='lat' dir='ltr'>gloriam</span> <span class='ocrx_word' id='word_1_185' title='bbox 1498 1626 1700 1665; x_wconf 83' lang='lat' dir='ltr'>foelicius</span> <span class='ocrx_word' id='word_1_186' title='bbox 1721 1624 1948 1676; x_wconf 85' lang='lat' dir='ltr'>procedat,</span> 
     </span>
     <span class='ocr_line' id='line_1_21' title="bbox 319 1697 1950 1738; baseline -0.001 -2"><span class='ocrx_word' id='word_1_187' title='bbox 319 1698 677 1737; x_wconf 88' lang='lat' dir='ltr'>commendamus</span> <span class='ocrx_word' id='word_1_188' title='bbox 701 1712 796 1738; x_wconf 92' lang='lat' dir='ltr'>eam</span> <span class='ocrx_word' id='word_1_189' title='bbox 818 1700 869 1737; x_wconf 92' lang='lat' dir='ltr'>V.</span> <span class='ocrx_word' id='word_1_190' title='bbox 896 1700 943 1737; x_wconf 88' lang='lat' dir='ltr'>R.</span> <span class='ocrx_word' id='word_1_191' title='bbox 970 1705 1012 1737; x_wconf 90' lang='lat' dir='ltr'>et</span> <span class='ocrx_word' id='word_1_192' title='bbox 1037 1699 1238 1737; x_wconf 87' lang='lat' dir='ltr'>omnibus</span> <span class='ocrx_word' id='word_1_193' title='bbox 1271 1700 1318 1737; x_wconf 97' lang='lat' dir='ltr'>R.</span> <span class='ocrx_word' id='word_1_194' title='bbox 1345 1699 1547 1736; x_wconf 83' lang='lat' dir='ltr'>Patribus</span> <span class='ocrx_word' id='word_1_195' title='bbox 1581 1710 1632 1736; x_wconf 88' lang='lat' dir='ltr'>ac</span> <span class='ocrx_word' id='word_1_196' title='bbox 1651 1697 1856 1735; x_wconf 73' lang='lat' dir='ltr'>fratribus</span> <span class='ocrx_word' id='word_1_197' title='bbox 1883 1710 1950 1734; x_wconf 88' lang='lat' dir='ltr'>ro-</span> 
     </span>
     <span class='ocr_line' id='line_1_22' title="bbox 318 1769 1951 1822; baseline -0.001 -14"><span class='ocrx_word' id='word_1_198' title='bbox 318 1771 471 1809; x_wconf 90' lang='lat' dir='ltr'>manis.</span> <span class='ocrx_word' id='word_1_199' title='bbox 497 1770 593 1809; x_wconf 84' lang='lat' dir='ltr'>Alia</span> <span class='ocrx_word' id='word_1_200' title='bbox 609 1783 720 1822; x_wconf 88' lang='lat' dir='ltr'>quae</span> <span class='ocrx_word' id='word_1_201' title='bbox 739 1770 940 1817; x_wconf 80' lang='lat' dir='ltr'>scribam,</span> <span class='ocrx_word' id='word_1_202' title='bbox 961 1770 1092 1809; x_wconf 90' lang='lat' dir='ltr'>modo</span> <span class='ocrx_word' id='word_1_203' title='bbox 1111 1784 1198 1808; x_wconf 90' lang='lat' dir='ltr'>non</span> <span class='ocrx_word' id='word_1_204' title='bbox 1218 1774 1473 1809; x_wconf 84' lang='lat' dir='ltr'>occurrunt.</span> <span class='ocrx_word' id='word_1_205' title='bbox 1502 1770 1626 1808; x_wconf 91' lang='lat' dir='ltr'>Haec</span> <span class='ocrx_word' id='word_1_206' title='bbox 1646 1769 1831 1820; x_wconf 90' lang='lat' dir='ltr'>paucula</span> <span class='ocrx_word' id='word_1_207' title='bbox 1851 1781 1951 1820; x_wconf 85' lang='lat' dir='ltr'>qua·</span> 
     </span>
     <span class='ocr_line' id='line_1_23' title="bbox 318 1841 1951 1892; baseline -0.001 -12"><span class='ocrx_word' id='word_1_208' title='bbox 318 1842 549 1892; x_wconf 87' lang='lat' dir='ltr'>liacnnque</span> <span class='ocrx_word' id='word_1_209' title='bbox 580 1843 679 1889; x_wconf 87' lang='lat' dir='ltr'>sint,</span> <span class='ocrx_word' id='word_1_210' title='bbox 704 1843 755 1881; x_wconf 91' lang='lat' dir='ltr'>V.</span> <span class='ocrx_word' id='word_1_211' title='bbox 794 1843 842 1880; x_wconf 90' lang='lat' dir='ltr'>R.</span> <span class='ocrx_word' id='word_1_212' title='bbox 875 1842 978 1880; x_wconf 88' lang='lat' dir='ltr'>boni</span> <span class='ocrx_word' id='word_1_213' title='bbox 1001 1854 1166 1892; x_wconf 84' lang='lat' dir='ltr'>quaeso</span> <span class='ocrx_word' id='word_1_214' title='bbox 1191 1842 1405 1888; x_wconf 80' lang='lat' dir='ltr'>consulat,</span> <span class='ocrx_word' id='word_1_215' title='bbox 1432 1847 1476 1879; x_wconf 93' lang='lat' dir='ltr'>et</span> <span class='ocrx_word' id='word_1_216' title='bbox 1507 1845 1552 1879; x_wconf 91' lang='lat' dir='ltr'>ut</span> <span class='ocrx_word' id='word_1_217' title='bbox 1583 1841 1749 1879; x_wconf 89' lang='lat' dir='ltr'>maiora</span> <span class='ocrx_word' id='word_1_218' title='bbox 1779 1852 1951 1891; x_wconf 89' lang='lat' dir='ltr'>semper</span> 
     </span>
     <span class='ocr_line' id='line_1_24' title="bbox 319 1910 1951 1961; baseline -0.003 -9"><span class='ocrx_word' id='word_1_219' title='bbox 319 1913 542 1961; x_wconf 83' lang='lat' dir='ltr'>faciamus,</span> <span class='ocrx_word' id='word_1_220' title='bbox 576 1918 649 1951; x_wconf 88' lang='lat' dir='ltr'>aut</span> <span class='ocrx_word' id='word_1_221' title='bbox 680 1913 834 1951; x_wconf 85' lang='lat' dir='ltr'>saltem</span> <span class='ocrx_word' id='word_1_222' title='bbox 865 1914 975 1951; x_wconf 86' lang='lat' dir='ltr'>haec</span> <span class='ocrx_word' id='word_1_223' title='bbox 1007 1914 1118 1951; x_wconf 84' lang='lat' dir='ltr'>bene</span> <span class='ocrx_word' id='word_1_224' title='bbox 1151 1919 1194 1950; x_wconf 88' lang='lat' dir='ltr'>et</span> <span class='ocrx_word' id='word_1_225' title='bbox 1225 1913 1465 1951; x_wconf 79' lang='lat' dir='ltr'>secundum</span> <span class='ocrx_word' id='word_1_226' title='bbox 1497 1912 1724 1951; x_wconf 84' lang='lat' dir='ltr'>scientiam</span> <span class='ocrx_word' id='word_1_227' title='bbox 1748 1910 1951 1961; x_wconf 83' lang='lat' dir='ltr'>expedia-</span> 
     </span>
     <span class='ocr_line' id='line_1_25' title="bbox 319 1982 1947 2037; baseline -0.002 -13"><span class='ocrx_word' id='word_1_228' title='bbox 319 1999 428 2033; x_wconf 83' lang='lat' dir='ltr'>mus,</span> <span class='ocrx_word' id='word_1_229' title='bbox 452 1986 503 2024; x_wconf 92' lang='lat' dir='ltr'>V.</span> <span class='ocrx_word' id='word_1_230' title='bbox 530 1987 576 2024; x_wconf 88' lang='lat' dir='ltr'>R.</span> <span class='ocrx_word' id='word_1_231' title='bbox 601 1998 678 2037; x_wconf 90' lang='lat' dir='ltr'>pro</span> <span class='ocrx_word' id='word_1_232' title='bbox 715 1986 841 2023; x_wconf 82' lang='lat' dir='ltr'>nobis</span> <span class='ocrx_word' id='word_1_233' title='bbox 863 1985 977 2036; x_wconf 91' lang='lat' dir='ltr'>apud</span> <span class='ocrx_word' id='word_1_234' title='bbox 1001 1987 1174 2031; x_wconf 81' lang='grc'>1)1111111.,</span> <span class='ocrx_word' id='word_1_235' title='bbox 1203 1990 1248 2023; x_wconf 86' lang='lat' dir='ltr'>ut</span> <span class='ocrx_word' id='word_1_236' title='bbox 1271 1986 1400 2031; x_wconf 70' lang='lat' dir='ltr'>solet,</span> <span class='ocrx_word' id='word_1_237' title='bbox 1425 1984 1705 2023; x_wconf 86' lang='lat' dir='ltr'>intercedere</span> <span class='ocrx_word' id='word_1_238' title='bbox 1728 1982 1947 2034; x_wconf 89' lang='lat' dir='ltr'>dignetur.</span> 
     </span>
     <span class='ocr_line' id='line_1_26' title="bbox 322 2056 907 2107; baseline 0 -13"><span class='ocrx_word' id='word_1_239' title='bbox 322 2057 489 2107; x_wconf 86' lang='lat' dir='ltr'>Pragae</span> <span class='ocrx_word' id='word_1_240' title='bbox 512 2056 766 2107; x_wconf 85' lang='lat' dir='ltr'>3Jannuarij</span> <span class='ocrx_word' id='word_1_241' title='bbox 795 2057 907 2105; x_wconf 81' lang='lat'><strong>1560.</strong></span> 
     </span>
     <span class='ocr_line' id='line_1_27' title="bbox 400 2127 1123 2166; baseline -0.003 0"><span class='ocrx_word' id='word_1_242' title='bbox 400 2128 451 2166; x_wconf 90' lang='lat' dir='ltr'>V.</span> <span class='ocrx_word' id='word_1_243' title='bbox 478 2129 525 2166; x_wconf 89' lang='lat' dir='ltr'>R.</span> <span class='ocrx_word' id='word_1_244' title='bbox 551 2128 597 2166; x_wconf 88' lang='lat' dir='ltr'>P.</span> <span class='ocrx_word' id='word_1_245' title='bbox 623 2128 824 2166; x_wconf 90' lang='lat' dir='ltr'>minimus</span> <span class='ocrx_word' id='word_1_246' title='bbox 846 2128 888 2165; x_wconf 89' lang='lat' dir='ltr'>in</span> <span class='ocrx_word' id='word_1_247' title='bbox 916 2129 990 2166; x_wconf 70' lang='grc' dir='ltr'>Χ.0</span> <span class='ocrx_word' id='word_1_248' title='bbox 1011 2127 1123 2165; x_wconf 85' lang='lat' dir='ltr'>filius</span> 
     </span>
    </p>
   </div>
   <div class='ocr_carea' id='block_1_3' title="bbox 1390 2198 1841 2237">
    <p class='ocr_par' dir='ltr' id='par_1_3' title="bbox 1390 2198 1841 2237">
     <span class='ocr_line' id='line_1_28' title="bbox 1390 2198 1841 2237; baseline -0.004 -1"><span class='ocrx_word' id='word_1_249' title='bbox 1390 2199 1553 2237; x_wconf 73' lang='lat' dir='ltr'>PAULUS</span> <span class='ocrx_word' id='word_1_250' title='bbox 1586 2198 1784 2236; x_wconf 83' lang='lat' dir='ltr'>HOFFEUS</span> <span class='ocrx_word' id='word_1_251' title='bbox 1814 2199 1841 2234; x_wconf 90' lang='lat'>³.</span> 
     </span>
    </p>
   </div>
   <div class='ocr_carea' id='block_1_4' title="bbox 371 2306 1597 2507">
    <p class='ocr_par' dir='ltr' id='par_1_4' title="bbox 371 2306 1597 2507">
     <span class='ocr_line' id='line_1_29' title="bbox 404 2306 1597 2358; baseline -0.001 -13"><span class='ocrx_word' id='word_1_252' title='bbox 404 2307 666 2358; x_wconf 73' lang='lat' dir='ltr'>Inscriptio.</span> <span class='ocrx_word' id='word_1_253' title='bbox 695 2309 879 2358; x_wconf 88' lang='lat' dir='ltr'>Pragae.</span> <span class='ocrx_word' id='word_1_254' title='bbox 906 2309 989 2345; x_wconf 85' lang='lat' dir='ltr'>Por</span> <span class='ocrx_word' id='word_1_255' title='bbox 1012 2309 1051 2345; x_wconf 92' lang='lat' dir='ltr'>la</span> <span class='ocrx_word' id='word_1_256' title='bbox 1074 2307 1306 2345; x_wconf 87' lang='lat' dir='ltr'>Prouincia</span> <span class='ocrx_word' id='word_1_257' title='bbox 1327 2307 1382 2345; x_wconf 90' lang='lat' dir='ltr'>de</span> <span class='ocrx_word' id='word_1_258' title='bbox 1406 2306 1597 2346; x_wconf 88' lang='lat' dir='ltr'>Castilla.</span> 
     </span>
     <span class='ocr_line' id='line_1_30' title="bbox 371 2470 738 2507; baseline -0.011 1"><span class='ocrx_word' id='word_1_259' title='bbox 371 2480 388 2497; x_wconf 62' lang='grc' dir='ltr'><em>ὃ</em></span> <span class='ocrx_word' id='word_1_260' title='bbox 436 2470 571 2507; x_wconf 75' lang='lat' dir='ltr'>Prius</span> <span class='ocrx_word' id='word_1_261' title='bbox 590 2474 738 2506; x_wconf 55' lang='lat' dir='ltr'>autom.</span> 
     </span>
    </p>
   </div>
   <div class='ocr_carea' id='block_1_5' title="bbox 372 2626 1486 2794">
    <p class='ocr_par' dir='ltr' id='par_1_5' title="bbox 372 2626 1486 2794">
     <span class='ocr_line' id='line_1_31' title="bbox 375 2626 907 2675; baseline -0.013 -8"><span class='ocrx_word' id='word_1_262' title='bbox 375 2633 381 2651; x_wconf 89' lang='lat'><strong>¹</strong></span> <span class='ocrx_word' id='word_1_263' title='bbox 440 2629 542 2666; x_wconf 64' lang='lat' dir='ltr'>Vide</span> <span class='ocrx_word' id='word_1_264' title='bbox 564 2642 599 2675; x_wconf 80' lang='lat' dir='ltr'>p.</span> <span class='ocrx_word' id='word_1_265' title='bbox 626 2628 702 2669; x_wconf 73' lang='lat'>150,</span> <span class='ocrx_word' id='word_1_266' title='bbox 730 2628 805 2666; x_wconf 65' lang='lat'>1:31.</span> <span class='ocrx_word' id='word_1_267' title='bbox 828 2626 907 2662; x_wconf 66' lang='lat'>302.</span> 
     </span>
     <span class='ocr_line' id='line_1_32' title="bbox 372 2687 702 2732; baseline -0.009 -6"><span class='ocrx_word' id='word_1_268' title='bbox 372 2691 384 2710; x_wconf 85' lang='lat'><strong>²</strong></span> <span class='ocrx_word' id='word_1_269' title='bbox 438 2689 542 2726; x_wconf 85' lang='lat' dir='ltr'>Vide</span> <span class='ocrx_word' id='word_1_270' title='bbox 565 2703 597 2732; x_wconf 64' lang='grc' dir='ltr'>ρ,</span> <span class='ocrx_word' id='word_1_271' title='bbox 621 2687 702 2724; x_wconf 83' lang='grc'>301.</span> 
     </span>
     <span class='ocr_line' id='line_1_33' title="bbox 372 2743 1486 2794; baseline -0.005 -8"><span class='ocrx_word' id='word_1_272' title='bbox 372 2751 384 2770; x_wconf 87' lang='lat'><strong>³</strong></span> <span class='ocrx_word' id='word_1_273' title='bbox 438 2747 614 2794; x_wconf 75' lang='lat' dir='ltr'>Collegii</span> <span class='ocrx_word' id='word_1_274' title='bbox 636 2753 780 2783; x_wconf 74' lang='lat' dir='ltr'>rector</span> <span class='ocrx_word' id='word_1_275' title='bbox 806 2745 912 2782; x_wconf 87' lang='lat' dir='ltr'>Vide</span> <span class='ocrx_word' id='word_1_276' title='bbox 935 2746 1033 2782; x_wconf 82' lang='lat' dir='ltr'>Lt&#39;lt.</span> <span class='ocrx_word' id='word_1_277' title='bbox 1057 2744 1293 2791; x_wconf 70' lang='lat' dir='ltr'>szdn&#39;m.</span> <span class='ocrx_word' id='word_1_278' title='bbox 1332 2743 1386 2785; x_wconf 65' lang='lat' dir='ltr'>V.</span> <span class='ocrx_word' id='word_1_279' title='bbox 1406 2743 1486 2780; x_wconf 74' lang='lat'><strong>925.</strong></span> 
     </span>
    </p>
   </div>
  </div>
 </body>
</html>
