2038 3400
492 223 876 261 328—V1N0030NA
909 223 922 258 1
948 222 1148 268 JANUARH
1180 223 1267 258 1560
1573 223 1640 258 459

71 326 202 364 dubie
226 328 270 364 l'.
297 327 344 364 T.
370 327 435 372 R„
459 338 536 376 pro
561 338 613 364 eo
637 339 722 376 quo
758 338 838 362 nos
859 336 1009 362 amore
1032 325 1323 374 prosequitur,
1360 330 1401 360 ut
1427 325 1517 361 cius·
1549 324 1688 360 anima

72 398 125 435 sit
147 410 222 447 pro
247 409 366 435 more
390 396 628 435 Societatis
653 398 745 434 Deo
770 396 870 446 Opt.
897 396 1008 433 Max.
1034 394 1339 432 commendata
1361 408 1381 431 a
1405 393 1578 431 nostris.

129 479 188 516 13.
250 469 374 508 Circa
403 467 518 506 idem
542 474 713 518 tempus
744 471 940 505 curatum
971 466 1040 504 hic
1072 471 1138 503 est
1169 478 1245 516 per
1279 471 1470 507 nostros,
1505 475 1550 502 ut
1572 464 1687 513 quod

73 540 298 591 Augustae
321 553 417 578 cum
440 541 630 578 Caesare
652 538 829 577 tractari
851 544 1057 588 coeptum
1081 542 1188 584 erat,
1212 537 1515 587 perficeretur,
1548 549 1598 573 ac
1620 550 1688 572 au—

72 612 144 650 nui
166 624 324 650 census
344 620 423 660 450
442 612 724 657 florenorum,
749 623 846 648 cum
869 622 1025 660 magna
1045 608 1127 646 alia
1144 620 1309 646 summa
1330 608 1543 658 pecuniae
1571 620 1689 657 prae-

74 684 213 723 teritis
231 682 351 721 annis
370 682 528 721 eodem
545 683 587 720 in
603 683 719 727 loco,
746 681 821 720 ubi
841 690 922 729 450
939 677 1560 730 illipraememoratiflorenz'
1574 678 1694 716 sumi

74 756 240 802 debent,
273 755 475 801 collecta,
499 753 760 804 pauperibus
782 753 824 790 in
858 765 975 790 nouo
1008 751 1197 802 collegio
1230 751 1397 801 Pragae
1420 757 1438 774 ὃ
1461 748 1540 787 sub
1569 748 1693 786 disci-

74 827 187 877 plina
208 825 434 864 societatis
455 824 732 863 instituendis
754 823 975 862 darentur.

131 909 192 947 14.
251 898 349 935 Hoc
369 898 474 934 item
491 909 640 934 mense
661 900 865 946 coeptum
884 900 965 941 est,
985 900 1031 932 ut
1048 906 1196 932 ueram
1213 906 1291 944 pro
1309 893 1384 930 X.0
1401 897 1595 930 amanter
1613 890 1694 928 dis-

76 982 221 1008 camus
242 974 544 1020 paupertatem
567 974 750 1006 matrem
771 972 964 1006 nostram
986 965 1239 1016 amplexari,
1263 976 1452 1015 peregre
1474 976 1550 1013 pro
1574 975 1695 1000 more

76 1041 310 1080 Societatis
331 1040 489 1078 fratres
510 1040 674 1088 absque
692 1039 788 1077 ullis
805 1036 1047 1088 sumptibus
1065 1035 1189 1083 mitti,
1210 1041 1257 1073 vt
1277 1035 1381 1073 nihil
1398 1034 1467 1072 hic
1485 1033 1623 1071 dicam
1642 1033 1695 1070 de

78 1111 485 1151 mortificationibus
507 1124 584 1162 pro
616 1111 771 1149 summi
793 1109 1015 1148 Pontificis
1044 1120 1256 1159 prospera
1286 1107 1506 1144 electione
1537 1112 1560 1151 ¹,
1593 1105 1696 1142 ieiu-

76 1185 158 1234 nijs
179 1190 309 1235 atque
330 1183 532 1233 flagellis,
551 1183 593 1220 in
621 1182 775 1232 quibus
799 1181 997 1220 omnibus
1018 1180 1246 1225 hactenus,
1272 1179 1396 1217 haud
1419 1175 1579 1215 inuitis
1592 1175 1697 1226 fra-

78 1255 223 1294 tribus
246 1256 281 1302 b,
314 1259 649 1306 perseveratum
681 1259 762 1292 est.
798 1254 923 1303 Quae
954 1256 1100 1290 autern
1131 1251 1172 1288 in
1194 1249 1288 1288 dies
1319 1249 1360 1287 in
1396 1248 1586 1298 collegio
1609 1252 1697 1284 tum

77 1328 292 1379 priuatim,
318 1333 408 1365 turn
437 1326 612 1376 publice
644 1326 787 1363 solent
819 1324 887 1362 edi
920 1323 1117 1374 corporis
1137 1335 1189 1360 ac
1209 1321 1339 1360 animi
1369 1320 1698 1371 castigationes,

78 1412 162 1450 quo
186 1399 340 1437 melius
370 1410 493 1436 mens
528 1403 678 1435 nostra
708 1396 826 1434 uiuat
849 1397 944 1434 Deo
968 1395 1172 1441 creatori,
1203 1394 1331 1445 eique
1353 1392 1592 1431 adhaereat
1612 1391 1700 1441 ple-

78 1472 187 1517 nius,
212 1470 401 1508 sanctius
423 1469 585 1507 seruiat
607 1473 737 1519 atque
760 1468 938 1514 firmius,
962 1467 1004 1504 in
1035 1477 1209 1504 menses
1231 1464 1436 1516 digerere
1466 1476 1554 1501 non
1582 1462 1700 1500 libet.

80 1541 203 1579 Faxit
235 1541 446 1578 Dominus
477 1543 522 1577 ut
552 1539 579 1588 ij
612 1546 629 1564 0
651 1543 739 1577 tam
760 1538 816 1589 pij
848 1538 1029 1576 fratrum
1059 1536 1237 1588 igniculi
1258 1536 1299 1573 in
1334 1536 1591 1573 immensum
1613 1539 1703 1570 tan-

80 1612 179 1650 dem
203 1616 463 1650 excrescant
483 1609 748 1656 incendium,
780 1622 865 1660 quo
890 1608 1153 1649 Germaniae
1175 1607 1311 1645 totius
1333 1607 1581 1644 inueterata
1609 1617 1702 1654 per-

81 1684 181 1721 tidia
200 1682 504 1728 inflammetur,
527 1682 659 1731 atque
676 1680 954 1719 amburatur
971 1692 1025 1718 ac
1041 1677 1222 1730 penitus
1243 1676 1329 1716 Dei
1349 1677 1498 1716 cultus
1516 1689 1569 1714 ac
1587 1674 1701 1713 aniz?-

83 1768 171 1805 qna
188 1753 349 1805 pietas,
375 1752 610 1792 daemonis
648 1754 751 1791 astu
780 1751 886 1790 hinc
915 1751 1114 1797 sublata,
1154 1751 1335 1788 tandem
1367 1747 1704 1800 afflictissimae

83 1826 188 1865 huic
206 1824 336 1877 genti
364 1824 449 1865 Dei
483 1827 560 1875 ope
595 1823 888 1868 restituatum
920 1824 1039 1872 quod
1071 1820 1199 1861 breui
1226 1820 1465 1872 futurum,
1503 1818 1594 1858 nisi
1624 1831 1706 1856 nos

84 1911 234 1937 omnes
255 1897 424 1937 obicem
451 1900 634 1947 ponere,
668 1897 717 1934 ut
752 1895 992 1946 coepimus,
1014 1897 1283 1945 pergamus,
1304 1893 1587 1932 uehementer
1616 1893 1705 1940 spe-

86 1971 283 2008 randum
319 1971 447 2008 duco.
487 1967 574 2008 Sed
595 1970 654 2006 ad
692 1967 736 2006 id
772 1969 888 2006 unde
924 1965 1163 2018 digressus
1183 1978 1284 2004 sum
1312 1966 1540 2009 reuertam
1564 1961 1706 2001 dehis

85 2054 197 2091 qnae
218 2040 471 2080 Nouembri
491 2039 725 2092 contigere
760 2038 1035 2085 narrabam,
1073 2036 1235 2088 quibus
1269 2036 1355 2075 rite
1385 2033 1654 2087 perscriptis
1688 2034 1707 2057 d

86 2113 328 2150 summatim
352 2124 404 2150 ea
424 2124 536 2163 quae
558 2109 795 2150 Decembri
816 2117 833 2135 θ
863 2115 1102 2148 consecuta
1133 2114 1232 2147 sunt
1252 2109 1479 2159 attingam,
1503 2119 1615 2158 quae
1646 2107 1708 2143 1‘01}

87 2197 140 2222 ac
161 2186 291 2222 tanta
311 2185 432 2230 sunt,
456 2185 504 2221 ut
526 2196 577 2222 ea
595 2183 732 2221 cuiuis
750 2182 988 2220 animarum
1006 2181 1192 2219 salutem
1211 2179 1453 2230 exoptanti,
1472 2191 1559 2217 non
1577 2177 1707 2215 modo

91 2255 257 2303 uidere,
282 2255 361 2293 sed
381 2255 531 2293 audire
553 2266 729 2305 quoque
751 2253 986 2292 iucundum
1010 2265 1107 2291 esse
1134 2252 1287 2302 possit.
1321 2249 1487 2301 Ecquid
1510 2250 1622 2287 enim
1644 2254 1710 2286 tot

91 2326 290 2364 homines
311 2326 353 2364 in
374 2325 523 2363 matris
545 2324 762 2363 ecclesiae
784 2324 1083 2362 sanctissimos
1105 2323 1362 2374 complexus
1392 2320 1593 2369 redijsse,
1617 2319 1710 2370 quis

87 2409 173 2434 non
190 2395 400 2447 gaudeat?
421 2400 488 2434 tot
510 2395 764 2433 desertores
799 2393 968 2445 priscae
1003 2394 1181 2444 pietatis
1215 2405 1266 2431 ac
1300 2396 1585 2443 peruetustae
1616 2390 1711 2427 reli-

91 2466 248 2517 gionis,
274 2465 418 2505 eidem
440 2467 598 2504 iterato
630 2478 678 2503 se
713 2464 906 2512 dedisse,
944 2463 1040 2515 quis
1067 2477 1154 2502 non
1184 2462 1448 2514 gratuletur?
1470 2462 1557 2499 Tot
1585 2460 1711 2498 leuis·

88 2538 220 2576 simos
241 2537 473 2588 trasfugas,
498 2542 664 2575 mutato
689 2536 889 2583 consilio,
913 2535 967 2574 ad
990 2547 1063 2573 eas
1086 2547 1133 2573 se
1152 2534 1391 2573 contulisse
1412 2539 1573 2583 partes,
1607 2544 1712 2582 quas

92 2609 333 2660 oppugnari
354 2607 496 2647 adorti
519 2614 657 2655 erant,
681 2620 811 2657 quem
833 2607 985 2646 uidere
1007 2620 1094 2646 non
1115 2606 1331 2644 delectet?

147 2691 207 2730 15.
266 2681 573 2718 Exonerarunt
607 2678 866 2730 praesertim
901 2679 966 2716 his
994 2677 1201 2726 natalitijs
1236 2677 1388 2715 CHRI.
1423 2675 1553 2727 JESV
1590 2673 1712 2711 festis

139 2830 158 2850 a
205 2831 295 2877 Seq.
314 2830 394 2867 del.
413 2835 485 2866 est.
540 2830 606 2854 -b
632 2828 836 2865 alacriter.
891 2834 954 2853 ——0
975 2826 1110 2863 Prius
1128 2825 1197 2874 hij.
1251 2825 1317 2850 —d
1339 2825 1430 2860 iam.
1477 2830 1539 2847 —e
1561 2833 1713 2858 mense.

144 2963 150 2981 ¹
205 2961 246 2998 S.
280 2960 324 2997 P.
359 2960 511 2997 Paulus
541 2957 602 2995 IV
634 2957 730 2994 obiit
762 2958 823 2994 die
865 2957 905 2993 18
940 2956 1129 3003 Augustii
1169 2955 1269 2997 1559,
1308 2955 1474 3002 ejusque
1509 2963 1714 2989 successor

96 3020 191 3059 Pius
209 3019 270 3057 IV
289 3021 444 3057 electus
465 3023 524 3056 est
543 3017 607 3054 die
626 3017 674 3054 25
691 3016 931 3054 Decembris
952 3015 1132 3065 ejusdem
1152 3015 1259 3052 anni.
