2038 3400
526 270 825 309 401.-OcAN1A
851 272 874 308 6
903 272 1091 310 AUGUs‘rr
1130 271 1220 310 1560
1578 269 1644 307 721

828 439 931 490 401

434 561 942 622 P.-JOANNES
991 561 1335 609 GARCIA

586 704 741 730 οςΑ-ΝῙΑ
768 695 790 730 Ε)
818 704 994 730 Αυςυεη
1024 693 1113 729 1560
1141 695 1164 728 ¹.

70 816 103 853 1.
139 813 335 865 Collegii
367 815 514 852 status
546 816 751 863 prosper.
788 814 1011 853 Caritatis
1047 812 1203 865 officia
1240 825 1357 864 erga
1386 811 1697 862 proximos.—

147 881 189 917 2.
232 878 626 918 Sclzolasticorzcm
667 879 915 927 institutio,
957 878 1323 925 exercitationes,
1366 878 1502 915 ludus
1547 878 1693 915 actus.

149 944 431 983 Fzmdaz‘oris
449 945 681 996 gaudium
707 947 746 984 et
775 943 1199 984 benevolentia.—-3.
1228 943 1478 995 Cujusdam
1499 943 1699 981 scholas-

149 1010 228 1050 tici
260 1011 477 1062 elogium.
515 1010 674 1060 Aliqui
707 1010 1037 1061 religiosorum
1073 1010 1256 1049 ordines
1289 1008 1696 1060 ingrediuntur.—

147 1076 186 1114 4.
207 1075 449 1114 Sociorum
468 1089 697 1114 numerus.
718 1075 954 1127 Religiosa
974 1075 1234 1126 disciplina.
1256 1074 1497 1114 Novarum
1513 1073 1695 1112 aedium

148 1142 263 1180 sifus
285 1143 561 1180 commodus.

121 1260 153 1287 Ι.
213 1251 241 1299 †
272 1249 356 1286 Ihs.
383 1250 512 1286 Pater
534 1247 768 1286 admodum
790 1248 1052 1286 reuerende.
1089 1249 1177 1286 Pax
1200 1247 1362 1287 Christi
1385 1252 1470 1285 etc.
1505 1247 1591 1284 Res
1622 1247 1697 1284 hu-

71 1321 134 1357 ius
157 1319 331 1370 collegij
357 1318 602 1356 ocaniensis
624 1319 665 1356 in
685 1331 898 1369 prospero
923 1324 965 1356 et
986 1319 1134 1357 foelici
1157 1324 1271 1356 statu
1293 1318 1402 1368 (laus
1426 1318 1698 1368 omnipoten-

71 1392 102 1428 ti
126 1390 238 1439 Deo)
260 1395 503 1427 uersantur.
529 1389 632 1437 Sed,
657 1394 704 1427 ut
726 1390 956 1428 exordium
977 1395 1155 1428 nostrae
1179 1389 1392 1441 epistolae
1415 1390 1469 1427 de
1492 1390 1623 1427 rebus
1646 1390 1699 1427 ad

72 1461 311 1499 animorum
343 1462 528 1499 salutem
549 1462 870 1512 pertinentibus
894 1474 1126 1508 sumamus,
1150 1462 1362 1512 intellige,
1389 1462 1456 1499 Pr.
1482 1461 1634 1498 mirum
1657 1462 1699 1498 in

72 1532 246 1570 modum
269 1532 470 1577 colende,
496 1533 726 1571 maximam
749 1546 846 1572 esse
869 1533 1159 1584 frequentiam
1182 1533 1525 1578 confessionumg
1544 1533 1698 1569 maior-

70 1617 153 1654 que
178 1611 296 1642 esset
317 1616 524 1641 numerus
548 1604 867 1651 confitentium,
893 1605 926 1642 si
946 1605 1095 1655 plures
1117 1604 1361 1642 adfuissent
1384 1605 1522 1648 Pres.,
1546 1603 1618 1653 qui
1640 1602 1699 1640 di-

71 1676 170 1713 uina
200 1681 473 1713 sacramenta
503 1682 625 1713 recte
656 1676 910 1726 petentibus
939 1682 1123 1727 possent
1153 1677 1414 1714 ministrare.
1445 1676 1554 1712 Tres
1587 1674 1698 1712 enim

71 1747 374 1784 tantummodo
411 1752 510 1784 sunt
542 1747 814 1793 sacerdotes,
850 1760 947 1785 cum
978 1747 1210 1785 multitudo
1244 1747 1546 1785 confitentium
1581 1751 1701 1783 tanta

72 1819 140 1865 sit,
178 1819 333 1868 quibus
372 1831 455 1856 nec
495 1818 730 1856 duodecim
770 1818 944 1868 quidem
986 1819 1240 1857 satisfacere
1281 1818 1543 1868 potuissent.
1585 1816 1700 1864 ¹Quid

71 1889 208 1940 quod?
229 1890 272 1927 hi
307 1891 424 1927 Pres.
458 1888 619 1927 assidui
650 1889 704 1927 ad
724 1888 921 1927 infirmos
944 1895 988 1927 et
1009 1889 1050 1927 in
1073 1902 1251 1928 carcere
1275 1889 1498 1935 detentos,
1524 1888 1577 1926 ad
1601 1888 1700 1925 alia-

73 1974 157 2011 que
179 1962 358 2012 negotia
378 1962 588 2011 proximis
606 1962 726 1999 utilia
744 1961 995 2013 peragenda
1010 1962 1028 1980 a
1050 1966 1350 2007 accersuntur3
1375 1974 1429 1998 ex
1448 1973 1532 2010 quo
1552 1961 1701 2009 ingen-

72 2032 222 2084 gentia
252 2032 483 2070 commoda
514 2034 561 2070 R.
599 2034 641 2070 Ι).
667 2039 678 2056 ²
698 2033 998 2083 tranquillitati
1019 2038 1270 2080 nascuntur,
1305 2038 1351 2071 et
1373 2032 1508 2070 totius
1536 2031 1702 2081 plaebis

75 2117 230 2155 magna
249 2104 578 2149 beneuolentia,
605 2110 649 2141 et
670 2104 845 2141 intimus
866 2117 987 2142 amor
1011 2117 1116 2156 erga
1136 2118 1217 2142 nos
1240 2109 1284 2143 et
1315 2103 1554 2141 Societatis
1582 2101 1701 2139 insti-

74 2181 215 2213 tutum
251 2175 401 2213 oritur.
442 2175 647 2224 Consilijs
683 2175 895 2224 siquidem
932 2176 1074 2214 Prum.
1113 2180 1156 2213 et
1193 2175 1467 2213 suasionibus
1502 2173 1572 2222 alij
1610 2186 1700 2210 rem

75 2247 257 2284 alienam
288 2259 364 2297 per
394 2246 517 2284 nefas
549 2252 797 2296 usurpatam
828 2247 1015 2298 proprijs
1051 2247 1236 2285 dominis
1268 2247 1520 2292 restituunt3
1558 2245 1628 2293 alij
1661 2245 1700 2282 in

75 2318 256 2365 gratiam
288 2316 476 2355 redeunt
507 2331 603 2355 cum
634 2318 729 2358 illis,
763 2318 1020 2367 quibuscum
1043 2319 1251 2368 capitales
1281 2316 1527 2355 inimicitias
1554 2328 1702 2366 gesse-

76 2394 186 2430 rant:
215 2389 284 2437 alij
318 2388 548 2427 illecebras
581 2396 730 2439 turpes
765 2389 991 2435 deserunt3
1023 2390 1145 2427 multi
1181 2388 1372 2438 denique
1403 2389 1538 2426 multa
1569 2391 1612 2424 et
1644 2386 1703 2424 di-

78 2472 203 2497 uersa
238 2460 342 2497 uitia
375 2461 625 2510 relinquunt
662 2466 704 2497 et
740 2460 1031 2506 detestantur,
1069 2461 1224 2511 quibus
1264 2459 1486 2509 illaqueati
1519 2458 1703 2508 turpiter

77 2531 332 2568 haerebant.
357 2530 609 2568 Conciones
631 2544 655 2568 a
676 2530 836 2568 nostris
857 2531 1067 2581 plurimae
1089 2532 1306 2569 habentur
1327 2531 1369 2567 in
1391 2529 1575 2567 diuersis
1596 2533 1703 2566 tem-

77 2601 172 2650 plis,
197 2607 243 2638 ut
279 2601 469 2638 omnium
506 2601 748 2639 deuotione
784 2602 982 2639 satisfiat.
1022 2603 1142 2651 Quot
1177 2602 1413 2653 quantique
1444 2601 1612 2638 fructus
1650 2612 1703 2636 ex

78 2671 363 2710 concionibus
399 2672 674 2722 colligantur,
713 2671 931 2722 sigillatim
962 2685 1050 2710 non
1085 2673 1289 2719 referam,
1327 2685 1382 2710 ne
1418 2672 1459 2709 in
1490 2671 1702 2709 infinitum

126 2816 145 2834 a
194 2815 499 2861 peragagenda,
523 2825 608 2851 ms.

130 2961 137 2980 ¹
192 2958 252 2995 Ex
271 2959 458 3005 originali
480 2959 520 2995 in
539 2959 623 2995 cod.
647 2958 775 3004 Hz'sp.
811 2957 875 2999 97,
907 2960 920 2993 l
950 2956 1032 2999 fol„
1061 2971 1099 2995 n.
1128 2957 1210 3004 252;
1240 2959 1351 3006 prius
1379 2958 1459 2995 262.
1490 2957 1532 2993 In
1563 2957 1702 2994 eodem

81 3019 165 3055 cod.
184 3017 226 3055 ff.
246 3019 328 3062 251,
348 3017 418 3054 253
436 3023 596 3054 exstant
615 3018 691 3053 duo
710 3017 791 3053 alia
811 3018 998 3063 exempla
1020 3017 1159 3054 latina.

130 3078 142 3096 ²
194 3077 273 3114 Rei
292 3078 476 3125 publicae
499 3077 560 3122 (P).

224 3161 386 3186 LITTERAE
407 3159 810 3193 QcAanzsrnES.—T0M.
834 3159 885 3184 VI.
1530 3158 1564 3188 ..ιῠ
