2038 3400
567 207 978 245 254—1N00LSTAD10
1009 207 1021 243 l
1053 204 1160 253 MAJI
1190 205 1280 243 1559
1628 203 1693 241 157

119 312 255 361 fratrj,
280 310 495 350 secundas
518 311 678 349 Mariae
710 309 867 358 sororj,
900 310 1079 360 reginae
1111 308 1328 359 quondam
1356 309 1665 358 hungarorum,
1701 311 1740 344 et

122 385 272 421 tertias
306 382 485 434 reginae
521 383 842 428 Britannorum3
874 379 1142 431 Ingolstadio
1175 380 1228 417 ad
1260 393 1305 417 se
1338 379 1578 429 Augustam
1609 378 1744 415 literis

122 454 352 494 accersiuit
374 455 420 492 Ρ.
445 454 652 492 Ioannem
674 453 967 491 Cuuillonium
991 455 1033 489 et
1057 452 1103 489 R.
1130 452 1175 488 P.
1202 452 1441 499 Lanoyum,
1464 450 1597 487 tacita
1619 461 1747 487 causa

124 540 198 566 cur
218 526 261 564 id
282 526 464 572 faceret,
496 537 623 576 quarn
654 537 784 575 porro
820 523 900 574 ipsi
936 536 1081 562 coram
1113 522 1425 573 intelligerent.
1466 523 1556 559 Hos
1593 533 1747 569 magna

122 598 391 636 humanitate
415 602 457 635 et
479 597 703 635 alacritate
728 596 917 646 excepit,
944 600 986 633 et
1008 595 1142 632 multa
1162 593 1429 631 familiariter
1453 605 1548 629 cum
1573 592 1634 629 eis
1663 592 1747 628 col-

122 671 310 716 locutus,
334 667 586 720 postulauit,
617 673 664 705 ut
692 666 1007 718 Ingolstadium
1037 666 1221 712 reuersi,
1253 670 1345 702 tres
1377 664 1599 701 orationes
1629 663 1749 699 fune-

124 741 239 787 bres,
262 740 398 778 ternis
418 739 500 777 illis
523 739 722 789 exequijs
744 737 1067 783 accommodas,
1092 737 1202 774 intra
1225 741 1371 774 certos
1394 735 1487 772 dies
1517 748 1751 784 compone-

124 817 221 849 rent
243 810 409 861 sibique
433 810 632 848 exhiberi
650 815 866 848 curarent.
893 808 1024 858 Quod
1048 813 1091 846 et
1121 821 1198 858 pro
1231 807 1358 856 uirilj,
1391 807 1511 844 iuxta
1538 806 1750 844 rationem

125 882 352 920 breuitatis
390 881 616 931 temporis,
653 881 815 919 factum
851 886 932 927 est,
969 881 1101 917 misso
1138 880 1381 929 Augustam
1422 878 1476 915 M.
1515 862 1750 916 Guilielino

125 951 366 999 Elderensi,
385 951 457 1003 qui
479 952 697 990 communi
718 952 894 989 nomine
917 964 1020 988 suae
1044 949 1260 988 maiestati
1281 950 1373 987 illas
1397 949 1568 987 obtulit.
1590 950 1752 987 Caesar

125 1024 359 1075 inspectas,
385 1029 428 1061 et
450 1024 502 1061 ab
523 1023 596 1061 illo
620 1035 767 1061 coram
787 1023 1021 1072 perlectas,
1046 1021 1093 1059 in
1110 1020 1273 1071 junceis
1294 1020 1406 1059 locis
1426 1021 1644 1066 mutatas,
1677 1032 1753 1070 per

129 1095 330 1134 eumdem
352 1095 556 1133 nuncium
576 1095 595 1112 ²¹²
616 1094 797 1141 remisit,
822 1093 1064 1131 admonens
1086 1093 1483 1143 (quemadmodmn
1502 1092 1635 1141 prins
1655 1091 1754 1130 sub-

129 1166 448 1216 indicazterat).
474 1172 519 1203 ut
540 1179 564 1203 a
584 1166 745 1204 nostris
768 1165 1085 1211 ediscerentur,
1109 1164 1208 1215 quia
1228 1164 1415 1202 fortasse
1447 1164 1500 1201 ab
1532 1163 1613 1200 illis
1648 1162 1755 1200 reci-

127 1236 247 1275 tarib
270 1250 343 1275 eas
375 1240 617 1287 oporteret.
650 1237 813 1275 Verum
845 1249 942 1275 cum
971 1236 1056 1274 iarn
1086 1236 1329 1286 Augustam
1362 1247 1413 1273 ea
1443 1234 1498 1272 de
1530 1246 1660 1273 causa
1691 1247 1757 1272 se-

130 1309 271 1347 cundo
307 1309 533 1347 uenissent
564 1308 669 1346 dicti
700 1309 853 1345 Patres
887 1306 1180 1346 Cmcillonius
1209 1309 1249 1346 et
1280 1307 1335 1345 D.
1370 1307 1595 1355 Lanoyzts,
1633 1306 1756 1343 intel-

130 1381 331 1418 lexerunt
352 1393 376 1418 a
398 1393 475 1418 sua
496 1380 726 1417 maiestate
744 1379 855 1417 duos
873 1379 1106 1429 episcopos
1122 1378 1392 1428 prouinciam
1410 1378 1523 1415 ultro
1544 1377 1756 1427 suscepis-

131 1465 193 1499 se,
223 1453 407 1490 alterum
436 1451 636 1489 oratione
664 1457 681 1475 ‘³
702 1450 872 1499 funebrj
906 1449 1159 1488 celebrandi
1188 1449 1394 1487 Carolum
1428 1447 1755 1498 imperatorem,

132 1524 316 1561 alterum
346 1534 454 1560 uero
486 1521 663 1560 Mariam
686 1521 883 1559 eiusdem
906 1533 1120 1567 sororem,
1145 1524 1276 1571 atque
1297 1520 1357 1557 ita
1380 1518 1518 1566 iussit,
1544 1523 1589 1556 ut
1612 1518 1665 1556 de
1687 1518 1758 1555 ha-

132 1595 276 1633 benda
310 1595 520 1633 duntaxat
555 1594 685 1631 tertia
716 1593 915 1631 oratione
953 1598 1101 1630 essent
1136 1590 1326 1640 sollicitj.
1365 1591 1657 1629 pronunciata
1693 1597 1759 1628 est

133 1666 263 1717 igitur
285 1665 435 1704 dhaec
455 1665 497 1703 in
529 1665 688 1702 ultimis
721 1664 920 1715 exequijs
951 1676 975 1702 a
1005 1664 1056 1701 D.
1091 1663 1275 1701 Nicolao
1312 1663 1491 1711 Lanoyo
1528 1662 1569 1699 in
1602 1659 1757 1699 eodem

134 1738 248 1785 loco,
285 1750 370 1788 quo
407 1743 451 1775 et
485 1737 584 1775 illae
618 1737 803 1787 priores,
837 1735 1046 1774 videlicet
1066 1735 1109 1772 in
1130 1747 1298 1772 summo
1322 1733 1502 1784 templo,
1526 1738 1759 1783 praesente

135 1821 314 1848 caesare
353 1821 405 1846 ac
442 1808 797 1859 frequentissimo
838 1806 1030 1845 virorum
1076 1806 1300 1856 utriusque
1341 1810 1480 1843 status
1521 1809 1757 1842 conuentu.

137 1880 332 1919 Aderant
354 1880 467 1918 enim
497 1880 661 1930 aliquot
693 1892 747 1917 ex
779 1878 1046 1917 electoribus
1077 1879 1201 1929 regni
1237 1883 1280 1915 et
1315 1877 1384 1925 alij
1417 1876 1634 1926 principes
1665 1887 1759 1913 cuni

135 1952 490 2002 archiepiscopis,
516 1951 733 2001 episcopis
755 1957 787 1998 e,
812 1950 1040 1988 abbatibus
1062 1949 1245 2000 alijsque
1273 1948 1478 1999 praelatis
1505 1947 1554 1985 in
1584 1946 1761 1997 copioso

136 2036 324 2063 numero
351 2023 377 2061 ¹.
402 2023 553 2061 Mirata
575 2027 641 2060 est
662 2023 786 2073 plebs
808 2027 1064 2073 augustana,
1091 2026 1134 2058 et
1156 2021 1277 2058 uelut
1308 2020 1459 2070 regina
1495 2019 1622 2066 Saba,
1661 2030 1761 2056 con-

137 2099 288 2145 specta
309 2095 425 2144 regis
447 2093 692 2132 Salomonis
714 2094 851 2143 regali
872 2091 1195 2143 magnificentia
1218 2095 1243 2138 ¹,
1278 2091 1501 2142 obstupuit
1522 2090 1576 2128 ad
1596 2094 1762 2127 tantum

139 2166 416 2216 splendorem
450 2165 562 2203 illius
596 2177 782 2215 pompae
818 2163 1027 2210 funebris,
1065 2164 1107 2201 in
1137 2176 1221 2213 qua
1250 2175 1327 2213 per
1357 2167 1423 2200 tot
1454 2161 1549 2199 dies
1570 2173 1682 2212 pene
1705 2160 1764 2197 in-

137 2237 431 2275 numerabiles
450 2236 677 2287 fulgebant
700 2235 834 2284 cerej,
857 2235 1092 2285 praecipue
1115 2232 1230 2271 circa
1259 2233 1363 2271 illud
1394 2233 1607 2271 maximae
1639 2231 1764 2268 molis

140 2309 452 2359 xenotaphium
491 2308 608 2358 pullo
648 2307 899 2345 holoserico
940 2305 1217 2356 undiquaque
1260 2310 1534 2349 exornatum,
1573 2302 1689 2352 quod
1726 2303 1764 2339 in

139 2381 237 2430 nauj
261 2379 405 2417 media
424 2392 501 2417 sen
526 2380 678 2417 uentre
695 2377 841 2428 ipsius
863 2377 1078 2415 ecclesiae
1098 2382 1396 2415 constructum
1415 2380 1522 2413 erat.
1543 2372 1764 2411 Credibile

143 2457 209 2489 est
231 2451 477 2501 complures
506 2462 560 2487 ex
591 2448 839 2486 huiusmodi
868 2448 1035 2496 inferijs
1066 2453 1186 2485 tanta
1213 2447 1430 2498 grauitate
1462 2458 1513 2483 ac
1544 2455 1765 2482 caeremo-

140 2523 306 2561 niarum
329 2520 586 2560 celebritate
610 2519 829 2566 exhibitis,
850 2519 1009 2570 aliquid
1031 2519 1223 2557 melioris
1241 2518 1415 2568 spiritus
1433 2515 1689 2565 concepisse
1712 2513 1765 2551 ad

142 2592 445 2631 ambulandum
467 2591 509 2629 in
531 2591 662 2629 domo
685 2590 766 2639 Dej
791 2602 889 2628 cum
912 2602 1144 2636 consenSU,
1168 2589 1314 2640 potius
1335 2600 1466 2638 quam
1497 2586 1550 2624 ad
1582 2597 1767 2635 sequen·

189 2756 209 2775 a
260 2754 449 2792 obscure
466 2757 699 2790 exaratum
719 2753 763 2789 z‘n
790 2763 869 2789 ms.
924 2753 988 2776 --b
1021 2751 1195 2788 recitare
1228 2761 1307 2786 ms.
1363 2755 1426 2774 —0
1461 2759 1597 2784 orone.
1630 2749 1766 2790 supra

144 2826 269 2858 vers„
302 2813 426 2851 delet.
460 2814 505 2849 in
538 2815 654 2849 textu
684 2825 773 2849 one.
807 2814 823 2849 ἔ
886 2812 945 2836 -d
979 2811 1070 2857 seq.
1093 2816 1153 2847 est
1172 2810 1256 2847 del.
1310 2816 1372 2834 —e
1395 2808 1548 2845 Praec.
1572 2818 1607 2842 v.
1629 2809 1766 2850 supra

145 2884 332 2911 versum.
386 2873 443 2898 —-f
470 2872 695 2919 permultis.

197 3025 204 3043 ¹
257 3022 319 3061 Cf.
342 3022 395 3059 [H
417 3024 548 3063 REG„
570 3021 622 3063 X,
647 3022 661 3058 l
683 3034 769 3069 sqq.
