2038 3400
558 246 816 285 334—Ssms
839 246 862 283 8
884 245 1084 292 JANUARII
1115 244 1204 282 1560
1578 245 1645 281 479

74 355 176 392 tuae
198 352 321 391 Rdae
345 353 393 390 P.
417 350 733 402 significatum
748 348 864 399 fztit,·
887 360 1008 385 nunc
1029 349 1178 385 tamen
1201 345 1414 397 differre,
1440 348 1693 385 conducibi-

74 424 112 462 le
135 423 316 462 minime
342 425 574 473 putmnus;
608 421 743 459 immo
777 422 835 458 ad
865 421 1147 458 coeterorum
1179 416 1468 467 disciplinam
1501 419 1694 455 conscri-

76 495 240 532 bendas
273 493 439 532 usitato
473 492 632 530 ordine
663 490 932 530 censuimus.
967 490 1023 527 Vt
1052 501 1234 539 primum
1264 488 1318 525 de
1351 487 1603 527 domesticis
1632 502 1696 526 re-

74 567 168 611 bus,
194 568 288 603 tum
308 566 327 583 ²*
348 564 402 602 de
434 564 580 609 scolis;
603 562 746 614 deque
769 562 820 611 ijs
842 567 1084 612 postremo,
1105 572 1217 610 quae
1235 559 1340 597 foris
1357 566 1582 609 geruntur,
1602 560 1696 597 bre-

74 638 186 675 uiter
208 636 414 674 dicamus.
440 635 589 673 Nostri
610 633 806 685 quotidie
830 632 1018 671 maiores
1039 632 1080 669 in
1109 631 1342 668 uirtutibus
1366 636 1409 668 et
1437 627 1658 681 suiipsius
1681 632 1697 653 ¹¹

75 708 330 759 praesertim
348 706 635 756 despectione
653 717 914 756 progressus
932 704 1112 749 faciunt,
1132 702 1185 740 ad
1203 714 1328 753 quam
1350 702 1395 739 P.
1421 708 1566 739 rector
1592 708 1597 724 ¹
1621 715 1699 739 nos

75 780 303 831 plurimum
326 779 580 816 cohortatur
603 784 632 815 Ο.
658 776 816 826 Nuper
837 775 955 815 enim
978 775 1062 813 hoc
1084 774 1298 821 instituit,
1327 773 1601 825 zctfratrum
1624 786 1698 811 no-

75 850 202 890 mina
225 849 559 900 conijcerentur
582 847 627 885 in
658 860 840 893 urnam,
865 848 904 885 et
925 846 1056 897 cujus
1086 845 1247 884 nomen
1265 844 1469 895 primum
1501 847 1699 883 educere-

78 924 167 969 tur,
191 921 265 960 illi
284 923 458 967 errata,
484 932 596 969 quae
619 919 734 958 alter
757 919 811 956 ab
834 917 1041 956 omnibus
1057 917 1281 968 exigebat,
1315 917 1474 966 palam
1510 915 1700 966 explica-

79 995 251 1032 rentur.
273 992 341 1031 Ex
358 1004 443 1041 quo
462 992 682 1041 quantum
695 989 982 1040 percipiatur
994 987 1298 1034 emolumenti,
1317 987 1491 1037 liquido
1509 989 1700 1029 constat:

80 1066 139 1103 ad
173 1077 259 1101 sua
291 1062 452 1113 quippe
479 1060 659 1112 singuli
689 1073 879 1099 munera
904 1060 1107 1098 obeunda
1129 1060 1404 1110 regulasque
1435 1059 1703 1097 tenenendas

79 1133 397 1187 diligentiores
418 1132 700 1185 efficiuntur.

130 1218 167 1246 2.
228 1206 337 1253 Seis,
376 1206 423 1243 R.
459 1206 544 1250 Pr.5
569 1217 653 1255 qua
683 1202 852 1242 ratione
888 1203 1013 1241 nobis
1043 1201 1322 1241 habitandam
1352 1199 1575 1239 cuiusdam
1598 1201 1703 1239 ciuis

78 1279 253 1317 domum
276 1277 381 1315 satis
403 1276 584 1327 amplam
608 1273 836 1314 cardinalis
857 1275 1089 1325 burgensis
1111 1277 1124 1296 ²
1147 1273 1391 1317 tradiderim
1414 1271 1485 1311 hic
1512 1272 1703 1322 superio-

79 1351 195 1388 ribus
226 1349 380 1387 diebus
412 1347 544 1386 edicit
575 1359 622 1385 se
653 1347 777 1384 alteri
808 1347 995 1384 locasse:
1021 1346 1306 1396 quamobrem
1338 1351 1382 1382 ut
1410 1344 1493 1382 alio
1516 1344 1703 1394 migrare

79 1434 379 1473 properemus:
417 1422 460 1458 P.
500 1421 661 1458 Rector
693 1432 739 1456 se
770 1420 856 1457 hoc
886 1418 1169 1470 gubernatori
1206 1418 1441 1455 relaturum
1478 1416 1595 1454 dicit:
1633 1415 1703 1453 ille

81 1493 197 1531 omni
219 1492 498 1531 cunctatione
521 1490 707 1537 abiecta,
742 1490 988 1528 scholarum
1011 1489 1131 1527 fores
1162 1488 1337 1533 claudit,
1363 1492 1407 1525 ut
1435 1499 1512 1538 per
1542 1486 1705 1537 aliquot

80 1565 174 1603 dies
194 1565 236 1602 in
258 1562 468 1601 cubiculis
491 1562 622 1600 etiam
644 1574 695 1600 ac
717 1561 959 1599 coenaculo
984 1560 1220 1610 discipulos
1249 1558 1413 1597 docere
1445 1570 1705 1609 cogeremur

81 1636 269 1674 maximo
301 1646 445 1672 rerum
469 1633 658 1672 omnium
688 1631 984 1671 incommodo.
1010 1632 1092 1670 Vix
1124 1630 1300 1670 tandem
1330 1630 1474 1669 multis
1503 1630 1706 1681 precibus

81 1708 134 1745 ab
165 1719 218 1744 eo
251 1704 562 1744 contendimus
583 1703 617 1751 ἀ,
652 1710 698 1742 ut
728 1703 829 1742 dum
861 1703 915 1741 de
943 1704 1010 1741 his
1041 1709 1249 1754 ageretur
1271 1710 1288 1728 e
1310 1703 1517 1753 aperiret3
1549 1702 1705 1740 iterum

82 1785 228 1816 tamen
250 1777 418 1823 clausit,
443 1788 644 1814 asserens
666 1787 713 1813 se
737 1787 857 1813 suam
887 1775 1002 1812 uelle
1025 1780 1180 1812 tenere
1203 1774 1395 1821 domum3
1431 1786 1514 1812 nos
1541 1785 1707 1812 curare

86 1851 131 1888 ut
166 1849 446 1894 redderetur,
484 1852 710 1898 postremo
749 1845 823 1885 ille
857 1846 1008 1884 nescio
1047 1844 1168 1884 cuius
1205 1858 1339 1896 opera
1373 1845 1581 1895 impulsus
1617 1856 1706 1880 rern

82 1927 276 1959 nostram
298 1917 585 1957 domesticam
606 1918 647 1956 in
678 1930 824 1955 aream
847 1917 1025 1964 efferre3
1048 1917 1059 1941 f
1091 1930 1174 1955 nos
1191 1916 1501 1969 gubernatori
1519 1914 1707 1954 mincia-

86 2005 198 2039 mus,
231 1991 309 2042 qui
341 1988 498 2028 statim
533 1990 653 2028 hunc
689 1988 959 2027 accersitum
995 1989 1277 2028 uehementer
1313 1986 1548 2038 obiurgat,
1585 1985 1709 2035 eique

85 2063 302 2102 minando
327 2061 444 2101 iubet
465 2073 536 2101 res
557 2062 743 2099 nostras
769 2059 838 2098 uti
874 2059 920 2098 in
954 2072 1088 2098 suum
1110 2060 1259 2098 locum
1282 2057 1574 2108 ordinemque
1597 2056 1708 2108 refe-

85 2137 177 2174 rat:
201 2135 285 2174 has
307 2135 436 2173 aedes
467 2132 623 2172 deinde
653 2131 966 2171 conduximus.
1002 2131 1191 2170 Demum
1221 2143 1322 2170 eum
1353 2129 1465 2168 adeo
1497 2128 1709 2179 mitigaui-

86 2219 190 2250 mus,
226 2211 272 2244 ut
308 2206 437 2244 etiam
460 2213 482 2238 g
505 2210 678 2243 nostras
713 2216 760 2242 se
794 2203 1174 2254 frequentatururn
1210 2203 1383 2241 scholas
1414 2201 1588 2247 dixerit,
1612 2213 1709 2238 nos-

86 2284 195 2316 tram
216 2278 297 2316 sibi
326 2278 514 2316 maxime
544 2276 720 2326 placere
750 2275 1038 2314 Societatem.
1073 2273 1261 2313 Interim
1289 2276 1370 2324 per
1400 2272 1632 2312 ciuitatem
1661 2272 1710 2309 de

87 2351 216 2388 milla
238 2362 286 2388 re
307 2348 682 2399 colloquebantur
711 2346 803 2385 nisi
836 2360 918 2385 nos
939 2359 1029 2385 esse
1051 2346 1343 2385 discessuros.
1370 2345 1493 2383 Haec
1515 2343 1630 2390 dico,
1662 2344 1711 2380 ut

88 2420 332 2471 intelligas,
358 2421 409 2459 R.
434 2420 500 2467 P„
525 2432 638 2470 quae
660 2417 846 2469 collegij
866 2417 1016 2456 nostri
1047 2417 1171 2456 iacta
1199 2417 1291 2455 sint
1314 2417 1640 2468 fundamenta,
1667 2414 1709 2451 in

89 2492 250 2543 quibus
271 2494 366 2530 tuto
388 2490 687 2541 exaedificare
703 2488 971 2539 poterimus.

136 2630 154 2649 a
205 2629 362 2665 deinde.
416 2629 480 2653 —b
501 2627 690 2674 ipsorum.
744 2634 807 2652 —0
829 2630 868 2662 et
884 2625 1006 2662 variis
1027 2625 1152 2662 modis
1171 2625 1296 2662 iuuat.
1368 2625 1432 2649 —d
1454 2622 1710 2660 obtinuimus,

91 2697 154 2715 ..e
175 2689 345 2726 scholas.
400 2688 456 2713 —f
489 2687 634 2734 pergit,
655 2686 725 2722 sed
745 2685 834 2722 Deo
854 2685 1035 2728 iuuante,
1055 2685 1270 2722 hominem.
1349 2692 1416 2717 —g
1442 2684 1602 2720 domurn
1622 2681 1711 2718 reli-

90 2761 180 2796 quei
193 2748 222 2786 it
242 2754 294 2785 et.

141 2880 149 2899 ¹
201 2878 246 2915 P.
267 2877 541 2924 Hieronymus
560 2876 749 2914 Rubiola.

139 2939 152 2957 ²
202 2937 442 2974 Franciscus
461 2937 510 2973 de
532 2936 742 2980 Mendoza,
772 2939 981 2984 episcopus
1008 2935 1236 2981 burgensis,
1266 2934 1332 2980 qui
1360 2932 1541 2968 senensis
1569 2931 1712 2976 guber-

94 3003 208 3034 nator
234 2996 379 3033 fuerat.
409 2995 471 3033 Cf.
503 2996 746 3039 ΡοιΑΝςυΜ,
771 2996 938 3041 Chr0n.,
968 2994 1041 3035 VI¹
1066 2993 1132 3030 122
1149 3006 1235 3040 sqq.
1259 2993 1380 3029 Anno
1403 2990 1548 3027 1557111
1572 2989 1711 3035 Hispa-

94 3057 201 3094 niam
220 3057 349 3094 rediit.
372 3056 435 3094 Cf.
459 3056 559 3093 Litt.
577 3056 826 3103 Quadrim„
848 3055 902 3100 V,
923 3054 1003 3091 368.
