2038 3400
457 287 803 327 302.-GRANA>rA
831 285 877 322 28
903 284 1178 322 SEPTEMBRis
1209 281 1297 318 1559
1573 280 1642 316 353

61 395 299 436 erudiendo
338 394 638 446 experimenta
672 391 837 429 fecere.
876 389 922 426 In
957 387 1193 438 primisque
1216 385 1302 423 dici
1336 397 1421 423 non
1457 388 1601 433 potest
1635 395 1686 420 ex

57 467 227 519 perdita
249 466 453 504 licentiae
476 463 728 513 corruptela
751 465 911 511 quanta
933 471 1104 497 morum
1127 456 1310 494 mutatio
1333 460 1463 512 atque
1488 454 1689 492 emenda-

58 540 136 587 tio,
159 543 318 588 quanta
339 536 457 574 vitae
479 533 708 584 integritas
732 537 884 570 secuta
907 531 975 568 sit.

142 611 264 647 Haec
285 608 402 654 mihi,
427 618 634 657 perquam
658 603 843 643 colende
875 604 1021 647 Pater,
1046 613 1158 650 quae
1189 599 1231 638 in
1263 610 1538 637 communem
1567 598 1691 634 attin-

62 694 212 733 gerem
236 679 466 718 scribenda
502 690 601 715 sese
640 677 910 721 obtulerunt,
949 686 1048 711 cum
1084 672 1246 721 exequi
1281 671 1450 721 singula
1484 669 1692 720 longioris

64 757 181 790 esset
213 750 441 801 epistolae.
475 748 563 786 Sed
597 760 651 784 ex
683 747 748 784 his
780 752 925 783 tamen
956 747 1116 794 quanta
1137 743 1178 780 in
1208 743 1306 779 Iesu
1329 741 1489 781 Christi
1511 739 1691 791 gloriam

64 829 106 861 et
127 824 341 861 honorem
364 834 418 858 ex
440 820 521 857 hac
543 831 658 856 noua
681 817 855 855 vineola
878 828 977 866 spes
1002 813 1253 851 uberiorum
1275 813 1494 850 fructuum
1518 810 1586 858 sit,
1607 811 1692 848 ani-

63 893 329 932 maduertes.
354 890 574 941 Sospitem
599 895 642 926 te
666 894 797 938 atque
820 887 1083 924 incolumem
1104 885 1175 922 diu
1199 889 1349 922 seruet
1371 883 1516 920 diuina
1550 883 1692 932 proui-

63 963 224 1002 dentia.
249 961 471 1013 Segobiae
498 971 542 1008 17
566 958 770 998 calendas
792 957 997 995 Octobris
1026 965 1137 1004 1559.

145 1035 193 1073 T.
219 1035 266 1071 P.
291 1045 444 1071 seruus
466 1031 683 1081 indignus,

1292 1081 1319 1129 †

1064 1136 1091 1183 †
1121 1133 1326 1172 IOSEPHUS
1358 1133 1529 1170 AcosTA
1562 1136 1586 1169 ¹.

153 1283 258 1322 Alia
281 1295 473 1321 manu...
504 1279 760 1318 Emendata.
799 1279 925 1316 Fatta
954 1289 1031 1328 per
1066 1276 1221 1326 Napoli
1259 1280 1303 1312 et
1338 1274 1484 1312 Sicilia
1524 1284 1557 1318 1,
1597 1273 1696 1310 For-

67 1356 102 1394 li
127 1361 211 1393 etc.
242 1365 274 1399 Ι,
299 1354 485 1393 Genoua
508 1357 592 1390 etc.
622 1362 653 1398 Ι,
678 1350 919 1399 Alemagna
945 1359 977 1392 Ι,
999 1349 1179 1386 Francia
1206 1358 1239 1394 Ι,
1262 1345 1447 1384 Fiandra
1475 1356 1508 1382 Ι.

838 1544 951 1594 502

414 1672 471 1717 Ρ.
525 1668 868 1716 PETRUS
918 1665 1353 1713 NAVARRO

522 1794 725 1821 GRANATA
752 1782 798 1819 28
823 1792 1074 1819 SEPTEMssms
1104 1780 1193 1816 1559
1222 1781 1246 1816 ².

74 1886 100 1926 l.
127 1886 369 1925 Sociorum
391 1897 622 1929 numeru&
647 1883 873 1929 valetudo,
898 1881 1128 1921 contiones
1156 1880 1202 1918 in
1234 1879 1426 1918 diversis
1456 1880 1581 1918 locis.
1616 1881 1702 1918 No-

154 1951 375 1990 vitiorum
397 1948 739 1989 institutio—2.
771 1947 906 2000 Vulgi
929 1947 1129 1998 affectus
1151 1945 1488 1985 lmereticornm
1506 1945 1704 1995 {nmisio—

158 2030 253 2056 nem
277 2015 552 2066 consequuti.

135 2136 167 2163 Ι.
228 2125 311 2161 Ihs.
337 2123 437 2172 Muy
461 2122 558 2159 R.d0
587 2123 663 2160 Pe.
687 2134 782 2159 nro.
809 2133 862 2158 en
892 2120 1026 2158 Chro.
1052 2120 1140 2156 Pax
1163 2118 1281 2156 Chri.
1308 2124 1393 2155 etc.
1419 2118 1481 2155 En
1503 2117 1543 2154 13
1564 2117 1706 2155 delos

79 2202 234 2247 quatro
266 2206 411 2232 meses
433 2193 475 2231 di
505 2194 626 2243 larga
660 2195 790 2230 razon
813 2204 836 2229 a
863 2192 914 2229 V.
950 2190 1022 2228 Rf*
1043 2189 1097 2227 de
1120 2190 1181 2227 las
1213 2201 1339 2226 cosas
1361 2188 1416 2226 de
1449 2192 1543 2226 este
1576 2188 1706 2226 colle-

79 2268 150 2317 gio
186 2270 216 2313 3;
255 2278 308 2303 en
343 2265 383 2302 la
418 2264 543 2302 deste
579 2264 703 2302 sabra
740 2264 790 2301 V.
831 2263 877 2300 R.
916 2273 1000 2312 que
1038 2267 1230 2298 estamos
1266 2265 1492 2309 quarenta,
1531 2271 1613 2297 con
1643 2259 1708 2297 los

81 2337 190 2375 siete
220 2338 239 2355 ἃ
260 2348 344 2386 que
376 2336 499 2373 estan
531 2347 584 2372 en
622 2335 660 2371 el
692 2334 918 2383 Affiayoin,
942 2332 1043 2369 bien
1066 2331 1120 2368 de
1152 2328 1289 2378 sadud,
1322 2330 1461 2380 gloria
1489 2331 1527 2368 al
1549 2330 1704 2368 Sefior.

81 2410 222 2457 Treee
245 2407 424 2453 Padres,
449 2420 474 2456 y
498 2407 562 2444 los
585 2410 738 2454 quatro
762 2404 817 2442 de
839 2403 1094 2454 probacion,
1119 2415 1173 2451 ya
1196 2401 1378 2439 obreros
1406 2402 1589 2448 heeh0s3
1607 2414 1708 2451 qua-

85 2485 209 2518 torce
247 2477 505 2524 studiantes,
539 2478 604 2514 los
635 2477 792 2526 cinquo
815 2486 899 2524 que
933 2486 1063 2523 oyen,
1101 2485 1184 2522 que
1216 2473 1299 2510 han
1330 2473 1473 2510 hecho
1506 2477 1650 2517 notos,
1683 2485 1708 2521 y

87 2552 152 2588 los
182 2561 326 2587 nueue
348 2561 433 2599 que
457 2549 579 2586 estan
617 2559 670 2585 en
700 2546 954 2597 probacit'vm
979 2558 1005 2594 y
1034 2551 1154 2594 trece
1178 2544 1319 2594 legos;
1351 2544 1416 2580 los
1448 2543 1604 2594 cinquo
1626 2556 1709 2593 que

85 2622 230 2659 siruen
259 2633 311 2658 en
344 2632 457 2666 casa,
483 2633 509 2669 y
538 2619 604 2656 los
636 2618 748 2656 ocho
772 2629 856 2667 que
886 2615 1083 2664 trabajan
1116 2628 1169 2653 en
1206 2615 1244 2652 la
1266 2616 1385 2653 obra.
1420 2615 1506 2653 Los
1542 2613 1709 2652 studios

131 2771 147 2791 ³
198 2769 299 2806 siete
318 2772 453 2815 supra
473 2777 602 2809 vers:
617 2767 743 2813 prius
761 2765 860 2802 ocho
879 2764 1004 2801 delet.

136 2909 144 2927 ¹
198 2905 260 2943 Cf.
283 2905 471 2942 Sanctus
492 2904 750 2941 Franciscus
779 2902 952 2947 Borgia,
985 2901 1035 2945 V,
1065 2900 1145 2945 200,
1175 2906 1314 2938 annot.
1341 2900 1372 2937 2.
1406 2899 1588 2936 Examen
1621 2900 1711 2935 vide

87 2966 192 3013 apud
212 2965 348 3010 Epist.
370 2963 421 3000 P.
444 2963 608 3009 Nadal,
629 2962 679 3006 ΙΙ,
699 2962 782 2999 569.

135 3026 147 3045 ²
199 3023 261 3060 Ex
279 3028 437 3070 autogr.
458 3023 497 3059 in
516 3022 602 3059 eod.
624 3021 751 3067 Hz'sp.
778 3020 841 3065 96,
864 3020 890 3056 f.
912 3020 993 3061 438:
1014 3021 1123 3066 prius
1141 3019 1222 3056 282.

136 3086 148 3104 ³
203 3083 306 3120 Vide
326 3095 361 3129 p.
383 3082 449 3118 291
470 3095 556 3129 sqq.

231 3166 393 3191 errmnm
413 3164 769 3198 Quamimzsrusss.—T.
793 3164 844 3190 Vl.
1538 3165 1572 3189 23
