2038 3400
363 222 432 265 276
826 225 1047 267 errERAE
1080 228 1435 275 QUADRIMESTRES

315 344 412 369 cum
434 332 709 371 incremento
732 332 774 370 in
808 332 896 370 fide
918 338 1222 384 perseuerent,
1256 339 1303 372 vt
1334 346 1431 372 cum
1462 334 1662 373 Christus
1695 334 1796 386 Opt.
1831 334 1942 374 MaX.

315 415 413 441 cum
435 404 666 456 maiestate
697 417 855 455 magna
878 411 922 443 et
951 411 1175 456 potestate
1204 405 1391 453 venerit,
1421 407 1474 445 ab
1504 406 1647 446 hircis
1668 414 1686 432 a
1709 420 1946 459 segregen-

314 480 382 513 tur
406 476 430 513 ¹.
454 475 707 527 Compediti
742 477 932 527 remiges
954 476 1077 515 multi
1098 479 1294 529 corporis
1318 483 1362 516 et
1384 478 1514 516 animi
1535 478 1822 529 compedibus
1844 491 1946 529 ope-

314 559 360 585 ra
382 548 558 585 Patrum
582 551 625 585 et
648 547 729 585 Dei
750 548 969 587 beneficio
1000 550 1244 596 soluuntur,
1269 550 1340 600 qui
1371 549 1494 588 dixit:
1528 551 1717 588 Primum
1748 551 1946 601 quaerite

314 631 498 669 regnum
520 619 600 657 Dei
625 624 668 656 et
690 620 801 658 haec
825 620 969 658 omnia
990 620 1250 659 adiicientur
1282 620 1409 659 vobis
1430 621 1458 668 ²3
1482 634 1566 672 qua
1587 634 1664 672 spe
1698 634 1786 660 non
1820 622 1947 673 pauci

313 690 367 728 ad
390 690 689 728 confitendum
711 690 1000 730 adducuntur.
1032 693 1178 742 Atque
1209 693 1321 730 haec
1343 691 1398 730 de
1420 692 1668 731 triremibus
1691 691 1807 730 satis.
1847 693 1946 731 Non

313 763 428 800 enim
449 762 615 800 institui
638 762 781 800 omnia
803 762 1061 801 adamussim
1087 777 1278 810 narrare,
1304 762 1382 802 sed
1403 763 1705 803 adumbratam
1731 763 1946 815 quandam

314 840 357 871 et
379 833 531 872 rudem
556 833 749 885 effigiem
773 846 924 873 eorum
947 848 1058 885 quae
1079 836 1193 886 apud
1227 849 1308 874 nos
1331 841 1557 886 geruntur,
1583 837 1630 874 P.
1656 837 1705 874 T.
1729 848 1945 887 propone-

312 918 374 944 re.
400 905 595 956 Reliqua
615 905 735 945 em‘m
756 919 809 945 ex
824 906 1030 956 priuatis
1051 906 1200 947 literis
1222 906 1428 958 accipies,

364 989 403 1026 4.
464 978 670 1028 Sequitur
692 978 822 1029 igitur
845 984 892 1016 vt
913 978 969 1017 de
992 991 1171 1017 carcere
1207 980 1331 1030 regio
1355 979 1513 1027 dicam3
1536 992 1628 1017 rem
1651 985 1797 1017 tamen
1819 979 1946 1016 altius

311 1053 471 1099 petam.
492 1049 737 1101 Episcopus
758 1050 1045 1101 algarbiensis
1067 1053 1095 1098 ³,
1119 1052 1184 1089 vir
1214 1051 1586 1101 religiosissimus,
1611 1054 1790 1102 propter
1826 1062 1945 1088 suam

310 1121 353 1158 in
374 1121 662 1172 gubernando
697 1121 976 1172 prudentiam
996 1121 1202 1173 precibus
1224 1135 1249 1160 a
1268 1121 1421 1173 regina
1441 1126 1467 1169 4,
1498 1128 1545 1160 vt
1575 1135 1651 1173 par
1679 1127 1787 1170 erat,
1821 1134 1946 1161 coac-

311 1198 395 1240 tus,
418 1193 567 1231 habita
588 1206 612 1231 a
633 1206 803 1232 summo
826 1194 1035 1245 pontifice
1070 1194 1296 1241 facultate,
1329 1194 1545 1244 praetoris
1575 1193 1729 1232 summi
1763 1205 1945 1231 munere

311 1265 611 1316 superioribus
633 1265 787 1304 diebus
808 1265 1089 1317 fungebatur.
1113 1267 1197 1304 Hic
1218 1265 1454 1316 collegium
1475 1271 1674 1303 nostrum
1697 1265 1946 1316 frequenta-

311 1337 398 1384 bat,
423 1337 496 1375 vbi
518 1338 565 1375 P.
591 1337 756 1376 rectori
779 1338 1025 1385 confessus,
1049 1350 1220 1376 sacrum
1242 1337 1447 1376 faciebat.
1473 1338 1582 1376 Cum
1605 1337 1735 1388 igitur
1757 1336 1946 1375 animad-

310 1412 510 1447 uerteret
531 1410 662 1448 Pater
685 1416 833 1448 rector
861 1410 1023 1448 multos
1044 1409 1086 1447 in
1118 1422 1298 1449 carcere
1320 1408 1392 1448 diu
1416 1409 1504 1447 leui
1526 1422 1680 1448 caussa
1701 1408 1889 1447 detineri
1909 1409 1943 1456 b,

311 1481 382 1519 vel
402 1487 583 1533 propter
606 1495 681 1519 aes
703 1482 907 1529 alienum,
941 1482 1012 1520 vel
1042 1487 1224 1533 propter
1246 1481 1425 1520 deserta
1446 1481 1710 1528 vadimonia,
1736 1481 1806 1519 vel
1828 1480 1945 1532 quod

310 1552 585 1605 aufugissent
606 1554 635 1592 ii
655 1566 733 1605 pro
757 1554 914 1604 quibus
933 1559 1057 1593 erant
1078 1554 1282 1604 praedes,
1307 1567 1465 1605 magna
1482 1567 1578 1593 cum
1599 1557 1802 1604 egestate
1821 1558 1865 1590 et
1886 1553 1945 1590 fa-

310 1639 395 1673 me,
434 1638 532 1664 cum
566 1639 655 1664 non
688 1632 838 1664 essent
867 1625 1100 1673 soluendo,
1133 1638 1218 1664 nec
1247 1626 1463 1664 haberent
1497 1638 1583 1677 quo
1616 1625 1773 1663 famem
1797 1624 1945 1676 depel-

309 1697 466 1745 lerent,
505 1697 560 1735 de
597 1697 905 1736 conueniendo
939 1698 1147 1748 episcopo
1186 1698 1367 1748 cogitat3
1406 1697 1628 1744 conuenit,
1662 1709 1755 1735 rem
1792 1695 1944 1735 ordine

308 1774 469 1816 narrat,
494 1774 622 1820 rogat
639 1774 685 1807 ut
702 1770 926 1808 soluantur
944 1770 1096 1813 vincti3
1118 1770 1338 1820 impetrat,
1364 1769 1607 1807 soluuntur.
1631 1769 1730 1806 Hoc
1747 1767 1878 1806 modo
1898 1780 1945 1805 se

310 1842 462 1879 Patres
484 1841 527 1879 in
549 1853 728 1880 carcere
762 1854 922 1892 gerere
958 1842 1117 1888 solent,
1142 1844 1188 1878 vt
1210 1840 1394 1892 primum
1431 1853 1483 1879 ea
1518 1839 1799 1891 suppeditent
1833 1852 1944 1890 quae

309 1913 440 1952 animi
461 1919 573 1961 sunt,
593 1918 685 1952 tum
708 1913 742 1952 si
764 1926 848 1964 qua
871 1918 937 1951 est
973 1919 1045 1951 aut
1067 1913 1186 1951 vitae
1222 1918 1296 1951 aut
1323 1913 1595 1951 liberationis
1630 1924 1745 1962 spes,
1770 1912 1811 1950 in
1848 1924 1943 1950 eam

311 1998 458 2025 curam
478 1985 747 2024 incumbant.

364 2066 401 2105 5.
462 2056 687 2108 Attingam
710 2069 818 2095 vero
850 2057 975 2095 breui
1006 2061 1213 2107 quantum
1244 2056 1397 2108 regina
1425 2056 1519 2106 ipsa
1550 2055 1741 2095 confidat
1770 2060 1939 2094 nostro-

307 2141 401 2167 rum
432 2130 609 2167 Patrum
641 2129 803 2167 verbis.
837 2129 947 2168 Cum
978 2128 1137 2167 nobilis
1166 2127 1340 2178 quidam
1370 2128 1435 2166 vir
1466 2129 1702 2179 negocium
1723 2126 1942 2179 quoddam

310 2205 354 2238 et
375 2199 551 2239 difficile
575 2207 619 2238 et
641 2201 786 2252 magni
806 2200 1015 2251 ponderis
1036 2205 1231 2251 gereret,
1255 2212 1339 2239 nec
1369 2200 1525 2238 confici
1555 2205 1706 2251 posset
1739 2213 1792 2239 eo
1826 2200 1944 2252 quod

309 2273 487 2323 ignotus
510 2278 646 2320 esset,
670 2272 844 2323 rogauit
866 2273 1042 2310 Patrem
1066 2277 1111 2309 vt
1133 2272 1191 2310 illi
1214 2284 1262 2310 se
1285 2279 1302 2297 0
1322 2284 1459 2323 penes
1480 2284 1611 2323 quern
1632 2272 1809 2323 negocii
1837 2269 1943 2309 iudi-

310 2342 423 2382 cium
442 2348 486 2381 et
507 2347 706 2394 potestas
729 2350 837 2390 erat,
863 2342 1211 2382 commendaret.
1237 2343 1576 2383 Commendauit
1595 2343 1851 2395 integritate
1869 2356 1943 2394 po—

308 2415 521 2454 tissimum
554 2416 687 2463 vitae,
726 2415 955 2467 epistolam
986 2417 1167 2468 reginae
1200 2414 1393 2454 ostendit
1423 2415 1512 2462 ille;
1543 2427 1656 2465 quae
1686 2415 1941 2453 testimonio

308 2487 530 2528 delectata
553 2494 596 2527 et
618 2494 841 2528 commota
855 2488 1092 2540 negocium
1115 2488 1239 2527 breui
1261 2488 1419 2528 confici
1438 2487 1577 2526 iussit.

355 2688 374 2707 ἃ
424 2688 564 2725 haedis
583 2688 678 2725 Pol.
732 2689 798 2712 —b
821 2687 967 2734 Supra
987 2697 1096 2724 vers.
1151 2693 1215 2711 —0
1241 2685 1426 2723 Emend.
1449 2696 1499 2722 ex
1517 2684 1646 2721 illum.

360 2887 365 2905 ¹
420 2884 483 2922 Cf.
502 2883 622 2926 Luc„
643 2882 759 2927 XXI,
778 2882 839 2926 27;
861 2881 1047 2927 Mum,
1068 2880 1211 2926 XXV,
1231 2879 1290 2925 32,
1309 2880 1368 2917 33.

356 2945 368 2964 ‘²
420 2943 610 2985 MATTH„
630 2941 704 2986 VI,
724 2940 783 2980 33.

355 3005 367 3024 ³
414 3002 594 3050 joannes
612 3002 661 3039 de
681 3001 794 3039 Melo
814 3007 853 3039 et
874 3001 1033 3040 Castro.

356 3065 368 3084 ⁴
420 3062 658 3107 catharina,
676 3062 844 3109 Joannis
862 3061 918 3098 III
940 3062 1074 3099 vidua.
