2038 3400
320 231 390 269 206
783 231 1003 270 LITTERAE
1030 232 1388 280 QUADRIMESTRES

275 335 367 385 ipso
391 335 613 385 suspendii
647 336 747 374 1000
786 336 920 374 uerba
953 336 1059 374 fecit
1094 336 1146 374 ad
1176 335 1402 386 populum,
1426 348 1515 373 are
1536 336 1759 386 praesenti
1782 348 1906 374 occa-

274 405 397 443 sione
420 412 606 457 sumpta3
630 407 785 457 quibus
806 420 936 457 quem
958 408 1089 445 finem
1112 407 1302 445 habeant
1319 406 1527 453 facinora,
1549 419 1645 444 cum
1665 407 1904 445 exclamas-

274 482 341 514 set
364 477 552 528 saepius,
577 478 704 516 ualde
728 478 865 517 mouit
888 478 1206 516 circumstantes
1229 477 1282 515 ad
1304 477 1475 529 frugem
1507 477 1751 525 melioren13
1775 482 1905 528 atque

274 548 386 586 adeo
409 561 463 587 ex
485 548 536 587 iis
558 563 689 588 unum
711 549 765 587 ad
800 550 947 600 iugum
983 549 1208 600 religionis
1242 549 1472 587 ferendum
1506 562 1602 588 curn
1625 549 1906 588 franciscanis

273 619 338 667 iis,
363 620 436 671 qui
458 621 590 659 vitam
612 619 775 659 ducunt
797 621 1093 671 asperrimam.
1119 621 1435 659 Confitentium
1464 626 1649 672 peccata
1671 622 1907 659 communi-

275 692 553 742 cantiumque
574 692 616 729 in
638 692 853 730 fractione
870 692 993 742 panis
1015 690 1256 743 quotidiani
1274 698 1373 730 sunt
1391 692 1621 742 crebrique
1645 698 1905 731 conuentus.

276 762 375 811 Quo
397 762 461 809 fit,
501 767 546 800 ut
583 763 786 813 spiritalis
808 763 975 801 fructus
997 763 1296 813 proximorum
1328 763 1515 802 maxima
1536 763 1722 815 quadam
1746 776 1821 815 spe
1843 768 1907 802 te-

274 845 470 880 neamur,
504 834 750 883 praesentis
785 833 961 885 quidem
997 840 1129 884 atque
1163 834 1313 883 futurj.
1353 835 1483 884 Quod
1520 835 1555 872 si
1590 834 1740 873 sacelli
1760 834 1912 873 nostri

274 905 503 955 angustiae
525 918 612 942 non
636 906 875 953 obstarent,
914 905 1171 943 sacerdotes
1205 906 1343 944 nostri
1381 918 1534 944 omnes
1556 906 1627 944 vix
1653 905 1908 944 sufficerent

273 977 562 1026 prouentibus
584 977 906 1025 confitentium3
931 990 1028 1015 cum
1059 989 1115 1015 ne
1150 990 1264 1015 nunc
1286 977 1460 1028 quidem
1484 978 1588 1016 satis
1611 990 1709 1016 esse
1732 977 1908 1016 videan-

273 1052 356 1087 tur.
383 1048 699 1088 Confessiones
722 1049 954 1100 generales
984 1049 1160 1087 auditae
1183 1053 1282 1087 sunt
1303 1050 1483 1101 aliquot.
1510 1050 1585 1089 Pia
1606 1050 1847 1089 ministeria
1867 1052 1909 1089 in

274 1119 515 1158 morientes
539 1121 737 1159 exercita
757 1133 835 1171 pro
859 1133 997 1159 more.

327 1202 365 1239 3.
428 1191 690 1230 Liberalium
714 1191 956 1231 studiorum
980 1205 1132 1231 cursus
1153 1192 1237 1231 iam
1259 1193 1342 1231 iam
1365 1193 1557 1241 finietur,
1590 1196 1725 1234 libros
1746 1195 1801 1234 de
1823 1198 1910 1236 ani-

275 1276 343 1302 ma
383 1264 534 1302 schola
562 1268 714 1302 nostra
748 1265 1018 1315 auspicante.
1059 1267 1187 1304 Pater
1222 1265 1383 1304 Sancta
1419 1267 1531 1305 Cruz
1564 1269 1907 1318 praelectionem

275 1347 395 1373 suam
417 1336 717 1387 theologicam
739 1336 1035 1387 quotidianam
1066 1337 1198 1375 habet
1231 1349 1327 1375 curn
1351 1350 1508 1388 magna
1530 1339 1718 1378 vtilitate
1741 1341 1909 1379 audito-

274 1420 383 1455 rum,
407 1408 479 1458 qui
501 1406 734 1446 domestici
756 1414 854 1446 sunt
877 1421 1044 1447 omnes.
1065 1408 1175 1447 Nam
1198 1408 1518 1460 disputationes
1540 1423 1645 1460 quas
1667 1411 1907 1451 identidem

274 1486 424 1530 agunt,
448 1480 533 1518 hoc
554 1480 682 1530 plane
703 1484 936 1518 testantur.
971 1480 1241 1518 Benedictus
1271 1484 1423 1519 noster
1448 1480 1455 1499 ¹
1478 1481 1673 1520 intentus
1696 1488 1762 1520 est
1783 1484 1910 1534 perfi-

275 1551 458 1589 ciendae
480 1550 643 1599 domui,
676 1563 803 1601 quam
838 1551 966 1589 nobis
996 1551 1079 1589 iarn
1115 1551 1187 1589 diu
1223 1551 1440 1590 aedificat.
1477 1552 1713 1591 Foeliciter
1734 1553 1908 1606 quidem

275 1625 414 1675 surgit
437 1637 559 1674 opus.
584 1624 753 1661 Instant
782 1623 968 1674 operarij
1007 1623 1228 1663 ardentes.
1266 1625 1363 1662 Nec
1393 1625 1580 1674 sumptui
1616 1626 1806 1676 parcitur
1826 1639 1910 1665 nec

274 1696 429 1735 labori.
453 1694 586 1734 Breui
601 1696 822 1746 potiemur
859 1696 1018 1734 salubri
1049 1697 1134 1735 loci
1170 1697 1454 1734 amoenitate.
1480 1697 1637 1735 Valent
1658 1698 1797 1736 nostri
1821 1712 1909 1737 om-

275 1781 353 1806 nes
375 1768 447 1819 qui
470 1781 515 1806 se
539 1768 623 1806 tuis
644 1766 698 1805 ad
726 1769 865 1806 Deum
897 1767 1101 1818 precibus
1131 1767 1360 1818 plurimum
1392 1771 1527 1809 velint
1558 1771 1906 1810 commendatos.

276 1840 341 1877 Tu
363 1853 538 1890 quoque
561 1840 676 1887 vale,
702 1841 830 1877 Pater
858 1838 899 1877 in
932 1840 1064 1878 Chro.
1100 1840 1369 1879 charissime.
1405 1842 1577 1893 Burgis‚
1614 1852 1658 1891 15
1690 1843 1910 1881 Kalendas

273 1911 429 1960 junias.

355 1983 474 2021 Tuus
498 1996 551 2020 ex
575 1983 718 2021 animo
742 1983 845 2021 licet
867 1996 1023 2022 seruus
1044 1983 1207 2022 inutilis

1237 2076 1264 2124 †
1295 2074 1516 2111 ALFONsus
1549 2075 1737 2112 RAMlRus
1772 2080 1798 2112 ².

357 2179 462 2218 Alia
485 2192 641 2218 manu.
672 2189 824 2228 1559...

323 2368 331 2386 ¹
387 2365 634 2402 Benedictus
652 2364 932 2411 Uguccionus,
953 2364 1184 2411 burgensis,
1205 2364 1413 2402 Florentia
1433 2366 1626 2402 oriundus
1653 2364 1718 2409 (cf.
1750 2365 1908 2403 PoLAx-

274 2437 371 2467 CUM,
404 2426 572 2468 Chrorz..
602 2424 650 2466 ΙΙ,
683 2425 776 2469 111),
809 2425 849 2461 in
877 2425 1021 2472 oppido
1048 2423 1259 2468 Bellimar,
1283 2437 1404 2471 prope
1427 2424 1599 2470 Buram,
1619 2427 1794 2469 domum,
1816 2441 1906 2464 mox

273 2485 506 2532 collegium,
529 2485 675 2521 nostris
693 2484 946 2522 aedificabat.

323 2546 334 2565 ²
386 2544 449 2582 Cf.
472 2545 562 2582 Litt
595 2544 834 2592 Quadam,
859 2544 908 2589 V,
930 2545 1011 2589 457,
1032 2545 1114 2582 676.
