2038 3400
379 216 448 255 786
840 217 1061 254 LITTERAE
1088 216 1444 262 QUADR1MESTRES

384 334 422 371 4.
483 323 580 361 Duo
604 324 735 362 etiam
767 336 821 361 ex
851 322 1013 361 nostris
1045 321 1349 373 collegialibus
1378 320 1432 359 ad
1462 321 1603 359 aulam
1634 320 1757 359 ducis
1787 321 1957 359 vrbina-

332 393 388 431 tis
411 394 418 412 ¹
442 393 619 432 fuerunt
640 395 693 433 ab
717 394 970 432 obedientia
991 393 1213 440 destinati,
1237 398 1284 430 vt
1305 393 1347 430 in
1365 404 1417 430 ea
1438 392 1597 442 aliquid
1619 392 1787 443 negotii
1807 393 1958 430 transi-

332 469 503 514 gerent,
543 470 587 503 et
616 464 800 516 aliquam
837 465 1161 502 edificationem
1196 463 1322 502 nobis
1357 461 1663 501 addictissimis
1696 463 1960 514 principibus

331 534 555 574 afferrent.
581 537 768 586 Excepit
789 537 886 574 illos
908 536 1234 586 perhumaniter
1251 535 1339 574 dux
1358 540 1401 573 et
1419 535 1606 583 ducissa,
1626 534 1785 586 aliique
1806 535 1960 585 prima-

331 607 382 644 rii
411 606 491 645 viri
523 613 568 645 et
596 608 768 647 nobiles
804 607 1025 655 dominia,
1060 607 1138 646 sed
1173 609 1382 658 precipue
1419 620 1570 646 comes
1604 607 1886 654 Landrianus,
1918 606 1960 644 in

332 677 454 717 cuius
475 680 495 704 b
519 681 731 730 obsequio
754 679 893 718 nostri
923 680 981 717 illi
1011 679 1296 730 perstiterant
1316 685 1347 727 0,
1381 685 1615 730 antequam
1646 678 1882 716 Societatis
1913 690 1959 715 se

331 750 601 798 dedicarant,
636 757 679 790 et
709 765 819 802 quos
849 764 937 789 non
967 751 1104 789 multo
1140 756 1270 789 antea
1300 750 1343 788 in
1372 763 1451 788 suo
1474 750 1494 774 d
1514 750 1707 788 habebat
1729 749 1957 799 obsequio,

332 835 410 861 eos
431 836 546 862 nunc
568 831 585 849 e
613 824 673 862 ita
694 829 925 861 reueretur
950 827 993 860 et
1015 823 1135 870 colit,
1160 828 1206 860 vt
1229 835 1447 873 nunquam
1469 822 1561 860 sine
1583 821 1686 872 ipsis
1710 821 1871 859 mensis
1892 832 1960 858 ac-

330 895 490 934 cubare
513 896 665 943 vellet,
690 901 763 934 aut
784 896 825 933 in
858 900 1100 946 conspectu
1124 907 1276 933 eorum
1298 900 1605 945 praeterquam
1627 892 1682 930 de
1713 893 1845 930 rebus
1866 904 1960 943 gra-

329 967 486 1017 ui[bus]
512 973 799 1018 pertractare;
823 973 924 1017 post
953 969 1086 1018 longa
1108 979 1215 1004 vero
1240 966 1459 1016 colloquia
1478 965 1490 989 f
1517 965 1572 1003 de
1601 964 1827 1003 Societate
1861 976 1960 1001 nos-

329 1044 396 1077 tra
416 1040 558 1089 deque
592 1040 826 1078 christiana
855 1039 1022 1090 pietate
1045 1051 1143 1077 cum
1174 1038 1338 1077 nostris
1367 1037 1531 1084 habita,
1565 1037 1716 1075 statuit
1748 1036 1853 1074 eniti
1881 1048 1959 1086 pro

330 1112 442 1150 virili
464 1117 510 1150 vt
532 1111 758 1158 Anconae,
792 1124 903 1162 quae
925 1112 1006 1163 ipsi
1029 1117 1096 1151 est
1119 1111 1372 1148 charissima
1401 1109 1554 1160 patria,
1591 1113 1842 1146 nostrorum
1874 1108 1960 1144 col-

333 1183 497 1234 legium
536 1182 744 1234 erigatur.
778 1184 832 1221 Et
853 1183 907 1221 ad
944 1184 1030 1221 hoc
1051 1183 1278 1220 Anconam
1314 1194 1362 1219 se
1393 1186 1627 1219 venturum
1650 1180 1763 1218 inter
1797 1190 1962 1230 paucos

330 1254 425 1292 dies
448 1260 513 1293 est
534 1255 771 1305 pollicitus3
794 1256 932 1306 pollet
953 1259 1101 1293 autem
1124 1255 1166 1292 in
1190 1267 1241 1292 ea
1263 1254 1371 1291 vrbe
1395 1260 1438 1290 et
1469 1252 1734 1291 auctoritate
1756 1256 1801 1290 et
1822 1249 1961 1302 gratia

331 1326 444 1377 apud
468 1340 635 1374 omneS,
662 1334 705 1365 et
727 1327 925 1365 fortassis
946 1340 1023 1378 per
1043 1339 1141 1365 eum
1158 1326 1321 1364 ibidem
1338 1324 1500 1375 aliquid
1516 1325 1620 1363 boui
1638 1324 1801 1362 efficiet
1823 1324 1957 1369 Deus,

331 1410 428 1437 cum
450 1399 709 1450 praesertim
731 1399 802 1437 alii
820 1399 942 1437 multi
964 1399 1063 1446 sint,
1087 1398 1160 1450 qui
1181 1399 1266 1436 hoc
1287 1398 1426 1448 ipsum
1447 1397 1532 1434 iam
1554 1409 1579 1434 a
1599 1396 1736 1434 multo
1758 1400 1958 1444 tempore

328 1471 620 1509 vehementer
641 1471 851 1509 affectant
873 1471 899 1509 2.
924 1471 989 1509 De
1013 1469 1135 1509 ducis
1166 1475 1313 1508 autem
1338 1473 1381 1507 et
1413 1468 1587 1507 ducisse
1618 1468 1660 1505 in
1681 1480 1761 1505 nos
1791 1478 1956 1513 amore,

330 1542 527 1592 quamuis
550 1543 604 1581 sit
625 1549 755 1581 antea
775 1543 1000 1594 scriptum,
1024 1543 1170 1593 placet
1199 1546 1349 1579 tamen
1381 1546 1424 1578 et
1454 1553 1569 1578 nunc
1598 1538 1761 1589 aliquid
1791 1538 1954 1576 dicere.

329 1615 711 1665 Deprehendimus
734 1616 879 1653 multis
901 1616 1173 1666 argumentis
1206 1626 1415 1652 summam
1449 1624 1555 1663 erga
1584 1623 1665 1649 nos
1686 1611 1956 1649 beneuolen-

328 1686 446 1733 tiam,
473 1693 517 1724 et
538 1688 687 1737 quanti
708 1700 789 1725 nos
810 1687 969 1725 faciant
993 1699 1127 1737 opera
1148 1686 1240 1736 ipsa
1261 1684 1501 1724 declarant.
1528 1685 1637 1723 Cum
1660 1683 1775 1721 enim
1797 1682 1959 1720 scirent

327 1763 524 1796 nostrum
546 1759 633 1797 hoc
654 1759 891 1809 collegium
912 1759 1048 1796 iustas
1071 1759 1126 1796 ob
1159 1770 1313 1796 causas
1343 1756 1483 1794 nullas
1514 1756 1706 1806 priuatas
1730 1753 1958 1791 eleemosi-

326 1842 402 1867 nas
424 1831 571 1867 solere
597 1831 814 1881 accipere,
839 1830 980 1868 voluit
1001 1835 1148 1868 tamen
1179 1835 1367 1879 vterque
1399 1839 1610 1865 summam
1634 1824 1864 1875 quamdam
1886 1836 1958 1874 pe-

328 1902 552 1940 cuniarum
574 1902 627 1939 ad
646 1915 727 1940 nos
745 1902 1059 1948 transmittere,
1080 1907 1127 1939 vt
1143 1913 1221 1952 per
1242 1906 1495 1938 nostrorum
1520 1911 1672 1936 manus
1693 1889 1959 1948 pauperibus

330 1974 634 2025 elargirentur.
669 1975 723 2012 Et
754 1987 801 2012 se
833 1975 996 2025 optima
1028 1974 1204 2012 ducissa
1234 1972 1486 2011 infoelicem
1523 1969 1748 2021 appellitat
1783 1969 1958 2018 quoties

327 2046 521 2084 oblatum
543 2046 703 2095 aliquid
725 2047 778 2084 ab
801 2059 854 2085 ea
875 2058 1142 2085 recusamus.
1169 2047 1223 2083 Et
1244 2045 1346 2096 quia
1376 2044 1459 2082 iam
1481 2043 1647 2093 aliquot
1678 2054 1814 2079 annos
1845 2054 1958 2079 sum-

326 2131 396 2156 mo
417 2123 594 2156 tenetur
617 2119 838 2157 desiderio
863 2118 1062 2170 erigendi
1084 2117 1319 2168 collegium
1340 2122 1493 2154 nostre
1511 2113 1749 2155 Societatis
1772 2113 1952 2159 Pisauri,

327 2191 381 2229 de
406 2203 459 2229 eo
482 2191 770 2229 libentissime
792 2192 999 2242 loquitur,
1023 2195 1258 2241 speratque
1280 2190 1404 2228 breui
1427 2194 1650 2227 tantorum
1673 2199 1720 2225 se
1742 2193 1764 2219 g
1786 2184 1957 2223 deside-

326 2263 490 2300 riorum
526 2276 573 2300 se
605 2269 857 2314 compotem
888 2263 1077 2301 futuram
1098 2267 1126 2302 ³.
1151 2262 1196 2300 Si
1218 2263 1366 2309 talem,
1392 2260 1549 2311 inquit,
1572 2272 1695 2310 spem
1715 2270 1803 2295 non
1825 2257 1956 2294 habe-

326 2347 433 2381 rem,
458 2334 632 2372 tederet
661 2347 730 2373 me
762 2335 1034 2373 Societatem
1066 2335 1164 2372 lesu
1196 2333 1449 2384 agnouisse.
1483 2331 1610 2370 Solet
1642 2329 1756 2368 enim
1787 2329 1882 2379 ipsa
1914 2333 1958 2365 et

326 2406 463 2453 multi,
488 2407 558 2456 qui
583 2407 622 2444 ei
644 2406 814 2453 adsunt,
839 2407 999 2444 nostris
1021 2404 1308 2444 libentissime
1328 2403 1545 2449 confiteri,
1573 2408 1616 2439 et
1640 2401 1696 2439 de
1713 2413 1851 2451 regno
1876 2400 1955 2437 Dei

326 2490 493 2516 summa
515 2490 612 2515 cum
632 2479 859 2529 voluptate
881 2479 1100 2528 proloqui.

387 2616 407 2635 a
457 2616 616 2652 domine
636 2625 715 2651 ms.
771 2616 836 2640 „b
857 2614 970 2651 cuius
989 2619 1129 2660 supra
1147 2625 1274 2657 vers„
1303 2612 1441 2650 deleto
1468 2613 1556 2649 alio
1583 2623 1622 2648 v.
1690 2618 1753 2636 -0
1774 2609 1957 2657 perstite-

324 2681 415 2713 rent
432 2686 512 2712 ms.
568 2675 633 2700 —d
654 2687 725 2711 sue
742 2686 822 2711 ms.
878 2683 941 2700 —e
962 2687 1068 2711 nunc
1082 2679 1220 2719 supra
1236 2683 1362 2713 vers..
1380 2673 1518 2710 deleto
1533 2672 1621 2708 alio
1637 2682 1676 2707 v.
1720 2670 1777 2695 —f
1803 2669 1954 2706 Pmec.

324 2747 362 2773 v.
384 2740 519 2783 supra
537 2746 634 2772 vers
656 2764 662 2778 ‚
684 2734 820 2771 deleto
840 2740 990 2771 nostra.
1045 2741 1113 2767 -g
1134 2747 1176 2770 se
1196 2738 1333 2780 supra
1352 2743 1461 2769 vers.

373 2869 383 2887 ¹
438 2867 545 2904 Vide
564 2877 698 2912 supra,
720 2877 756 2912 p.
777 2863 876 2901 664-
891 2863 972 2900 665.

372 2927 385 2947 ²
438 2927 635 2964 Anconae
666 2924 829 2961 tandem
861 2923 1073 2959 fundatum
1105 2927 1164 2959 est
1194 2921 1414 2968 collegium
1446 2920 1539 2957 Soc.
1571 2918 1670 2966 Jesu
1706 2930 1810 2955 anno
1849 2916 1951 2954 1598.

326 2987 657 3034 Cf.JUVEN010M,
672 2984 787 3022 Hz'st.
804 2982 1030 3029 Soc.]esu‚
1048 2988 1151 3028 part.
1167 2981 1220 3026 V,
1237 2987 1332 3018 tom.
1348 2985 1513 3028 poster,
1534 2980 1559 3016 l.
1577 2977 1675 3019 XV,
1690 2991 1728 3014 n.
1748 2977 1803 3022 11,
1818 2990 1854 3024 p.
1871 2976 1952 3013 288.

371 3047 384 3066 ³
437 3045 596 3083 Pisauri
615 3056 834 3091 nunquam,
854 3042 959 3090 quod
979 3042 1164 3084 sciamus,
1187 3040 1340 3077 exstitit
1356 3039 1578 3086 collegium
1596 3037 1688 3075 Soc.
1704 3036 1819 3083 jesu.
