2038 3400
379 238 450 276 432
848 239 1068 276 L1TTERAE
1095 238 1450 284 QUADRIMESTRES

333 342 419 380 Eos
442 343 514 393 qui
534 342 662 394 plane
683 343 806 394 pueri
830 348 873 381 et
895 342 1026 381 rudes
1049 347 1161 389 sunt,
1192 355 1279 380 non
1302 340 1586 389 admittimus3
1609 342 1792 380 aliorum
1813 347 1959 380 autem

333 420 519 464 quantus
540 415 593 453 sit
624 427 831 453 numerus
863 415 1109 453 scholarum
1137 413 1441 463 ampliationes
1471 413 1587 452 haud
1610 413 1797 452 obscure
1819 413 1962 452 decla-

333 490 441 524 rant.
467 486 722 525 Gaudemus
744 486 861 536 quod
889 486 1140 537 superiores
1171 486 1368 535 germani
1399 485 1641 523 studiorum
1663 486 1804 536 gratia
1833 486 1962 524 Colo-

331 558 445 595 niam
471 558 662 605 veniant,
695 558 765 609 qui
797 557 850 595 ad
880 557 1205 595 haereticorum
1237 557 1410 594 scholas
1442 556 1601 607 alioqui
1632 556 1732 594 ituri
1760 561 1898 604 erant,
1922 557 1963 594 in

331 634 556 679 posterum
578 630 663 667 hoc
684 629 959 680 profuturum
981 628 1245 667 Germaniae
1268 628 1513 678 augurium.
1539 627 1619 666 Dei
1651 630 1764 666 enim
1786 627 1857 666 hic
1878 629 1963 666 cle-

332 700 494 738 mentia
515 699 568 738 ad
590 701 849 752 religionem
874 701 1167 739 orthodoxam
1189 706 1232 737 et
1255 700 1515 738 catholicam
1534 705 1607 737 aut
1629 704 1960 747 conuertuntur,

331 778 405 810 aut
426 773 468 810 in
501 785 552 810 ea
574 773 728 810 saltem
761 773 1084 811 confirmantur.
1116 772 1296 810 Sacrum
1318 772 1516 822 quotidie
1547 778 1591 810 et
1620 771 1746 810 flexis
1777 772 1962 823 genibus

331 843 526 891 audiunt,
550 844 806 895 frequenter
825 845 1089 883 confitentur
1112 856 1162 881 ac
1185 843 1523 891 communicant,
1548 844 1863 882 catechismum
1882 842 1963 881 dis-

332 920 449 963 cunt,
483 916 744 954 concionem
778 921 821 953 et
852 929 998 954 sacras
1029 914 1245 953 lectiones
1280 914 1474 953 audiunt.
1515 915 1650 965 Quid?
1684 915 1752 953 Ad
1789 915 1963 953 concio-

330 986 519 1025 nandum
543 993 587 1025 et
617 987 878 1025 catholicam
901 987 1134 1025 iuuandam
1167 986 1400 1025 ecclesiam
1423 987 1555 1037 aliqui
1583 987 1875 1025 vehementer
1904 987 1963 1024 in-

331 1058 558 1098 clinantur.
585 1060 831 1109 Quotannis
863 1072 1087 1110 speramus
1116 1072 1203 1097 non
1234 1059 1361 1109 pauci
1384 1063 1510 1096 erunt
1540 1059 1627 1109 qui,
1660 1057 1815 1096 artium
1837 1059 1963 1096 abso·

330 1130 421 1168 luto
446 1130 606 1178 studio,
631 1131 685 1169 ad
717 1143 883 1169 sacram
916 1130 1184 1181 theologiam
1208 1130 1396 1168 animum
1427 1129 1649 1179 adijciant,
1676 1135 1720 1167 et
1755 1142 1802 1168 se
1832 1128 1886 1167 ad
1907 1129 1963 1167 la-

330 1199 572 1240 borandum
604 1201 646 1239 in
681 1201 856 1239 Domini
887 1201 1016 1239 vinea
1046 1202 1291 1252 accingant.
1317 1201 1432 1238 Ante
1463 1214 1622 1239 annum
1644 1199 1716 1251 qui
1736 1199 1851 1251 apud
1883 1212 1964 1238 nos

330 1272 527 1323 magistri
557 1274 713 1311 artium
744 1273 847 1310 facti
879 1279 994 1321 sunt,
1026 1274 1067 1311 in
1102 1273 1362 1324 theologico
1394 1272 1539 1311 studio
1575 1285 1690 1311 nunc
1720 1277 1963 1311 versantur.

330 1343 683 1382 Concionatores
715 1344 893 1383 tandem
917 1357 994 1382 eos
1025 1345 1203 1382 habebit
1237 1345 1441 1383 ecclesia.
1474 1345 1573 1382 Hoc
1595 1356 1708 1382 anno
1730 1344 1963 1394 magistros

329 1414 662 1465 quatuordecim
687 1416 949 1463 creabimus,
971 1417 1084 1453 inter
1107 1429 1216 1466 quos
1235 1416 1369 1455 credo
1392 1428 1555 1454 nouem
1577 1419 1677 1453 sunt
1699 1415 1770 1466 qui
1791 1415 1963 1453 theolo-

326 1485 443 1537 giam
467 1492 510 1525 et
532 1488 666 1525 vitam
689 1488 1037 1526 ecclesiasticam
1060 1487 1140 1525 sibi
1163 1489 1409 1538 elegerunt.
1434 1488 1563 1525 Probi
1586 1492 1686 1525 sunt
1709 1492 1752 1525 et
1773 1487 1963 1525 honeste

328 1558 496 1597 viuunt.
522 1561 627 1597 Post
648 1572 786 1598 annos
814 1572 943 1610 spero
967 1561 1147 1610 aliquot,
1182 1559 1521 1598 concionatores
1553 1560 1753 1611 superior
1783 1560 1963 1597 Germa-

328 1631 399 1669 nia
420 1631 490 1670 hic
512 1632 718 1682 reperiet.

382 1713 420 1750 3.
482 1704 722 1742 Coeterum
759 1703 813 1741 de
848 1703 915 1752 ijs,
960 1716 1071 1754 quae
1113 1709 1237 1741 extra
1277 1703 1512 1755 collegium
1552 1703 1790 1742 Societatis
1831 1715 1965 1753 opera

329 1774 451 1823 fiunt,
477 1776 609 1813 etiam
629 1775 789 1826 aliquid
811 1774 1090 1813 scribendum
1115 1775 1215 1814 erit.
1254 1775 1554 1814 Concionator
1586 1776 1640 1814 M.
1674 1775 1892 1813 Henricus
1922 1775 1964 1812 in

329 1861 497 1887 summo
528 1848 693 1899 templo
726 1849 1040 1887 catechismum
1070 1849 1232 1899 populo
1275 1849 1470 1900 exponit,
1514 1848 1819 1887 confessiones
1850 1846 1963 1898 apud

329 1921 512 1958 Beatam
534 1920 733 1961 Vrsulam
755 1920 893 1958 semel
914 1921 956 1957 in
978 1920 1221 1970 septimana
1240 1920 1376 1967 audit3
1401 1933 1498 1959 cum
1520 1920 1572 1969 ijs
1600 1919 1672 1970 qui
1698 1920 1963 1958 auctoritate

327 1992 470 2041 aliqua
490 1990 603 2042 apud
624 1996 800 2030 nostros
822 1997 894 2029 aut
917 1992 1085 2030 vicinos
1110 1992 1271 2039 valent,
1296 1997 1497 2043 tempore
1516 1991 1667 2029 debito
1691 2003 1896 2029 sermone
1920 1996 1966 2029 et

326 2064 465 2102 literis
499 2063 657 2115 agitur.
696 2065 819 2102 Bona
853 2076 952 2114 spes
984 2069 1051 2101 est
1081 2063 1198 2114 quod
1234 2063 1399 2115 aliquot
1429 2063 1725 2101 fundabuntur
1757 2062 1960 2113 collegia.

328 2135 677 2174 Hardericenses
700 2137 708 2156 ¹
732 2136 1047 2174 monasterium
1079 2135 1219 2173 daturi
1251 2135 1471 2182 videntur,
1505 2141 1549 2173 et
1580 2135 1745 2186 aliquot
1779 2134 1962 2181 reditus3

554 2206 566 2225 ²
597 2207 733 2246 nostri
767 2207 960 2258 episcopi
991 2208 1078 2245 hoc
1104 2208 1209 2258 agit,
1234 2213 1281 2245 ut
1301 2208 1673 2246 franciscanorum
1697 2207 1961 2245 coenobium

328 2206 524 2259 sigillifer

326 2280 367 2319 in
403 2278 666 2317 Andernach
702 2277 917 2317 Societati
952 2279 1263 2317 committatur.
1303 2280 1497 2318 Locutus
1527 2292 1702 2330 quoque
1733 2278 1961 2317 nobiscum

329 2355 397 2388 est
419 2349 474 2388 de
497 2349 677 2388 ciuitate
699 2351 940 2388 nouesiana
960 2357 987 2389 ³.
1013 2350 1227 2390 Leodium
1250 2356 1397 2389 autem
1419 2350 1548 2389 audio
1571 2351 1695 2388 breui
1719 2352 1764 2389 P.
1788 2351 1961 2401 prouin-

329 2421 448 2460 cialis
479 2420 724 2469 vocabitur,
757 2427 804 2459 vt
832 2422 976 2461 locum
1000 2423 1191 2474 collegio
1215 2427 1361 2473 aptum
1385 2423 1465 2460 sibi
1489 2423 1637 2474 eligat,
1661 2427 1708 2460 vt
1731 2435 1784 2460 ex
1808 2421 1960 2459 docto-

329 2495 386 2532 ris
409 2494 569 2544 Canisij
602 2493 737 2532 literis
769 2499 811 2533 et
847 2494 1196 2546 moguntinensis
1224 2494 1543 2545 archiepiscopi
1573 2493 1814 2532 secretario
1846 2496 1858 2514 ⁴
1890 2505 1960 2531 co-

329 2565 579 2617 gnouimus.
615 2565 867 2617 Moguntiae
901 2567 1031 2604 etiam
1064 2567 1258 2615 erigetur
1290 2566 1542 2618 collegium.
1576 2565 1828 2603 Secretario
1860 2564 1961 2602 huic

376 2766 384 2784 ¹
436 2763 696 2810 Harderwiik
715 2763 752 2799 in
773 2761 958 2800 Geldria.
980 2761 1066 2798 Nec
1086 2763 1126 2798 in
1145 2762 1220 2798 hae
1239 2761 1352 2804 urbe,
1375 2773 1449 2797 nee
1469 2761 1508 2797 in
1528 2759 1780 2797 Andernach
1800 2758 1961 2796 videtur

326 2823 537 2861 consilium
556 2822 719 2869 collegii
739 2821 954 2859 Societatis
974 2821 1157 2868 erigendi
1178 2821 1227 2857 ad
1248 2820 1439 2857 effectum
1459 2820 1711 2867 perductum.

374 2884 387 2904 ²
438 2883 511 2920 Dr.
532 2882 766 2929 Ludgerius
785 2881 1036 2918 Heresbach.
1058 2881 1248 2925 ΗΑΝΞΕΝ,
1271 2880 1297 2918 l.
1319 2893 1352 2917 c.

373 2944 384 2964 ³
436 2943 581 2980 Neuss.
615 2942 680 2979 De
707 2942 872 2988 collegii
903 2941 1119 2979 Societatis
1151 2940 1354 2977 erectione
1387 2940 1427 2976 in
1458 2939 1533 2975 hac
1564 2939 1665 2976 urbe
1696 2938 1788 2975 vide
1816 2938 1956 2981 DUHR,

328 3003 576 3042 Geschichte
594 3002 942 3048 derJesuz'ten...‚
964 3000 1013 3045 ΙΙ,
1038 3000 1104 3037 1Οὸ
1122 3013 1208 3047 sqq.

374 3064 387 3083 ⁴
438 3062 577 3100 Simon
596 3061 754 3108 Bagen.
775 3061 964 3105 HANsEN,
990 3062 1014 3097 1.
1037 3073 1069 3097 e.
