2038 3400
565 261 851 299 290.-PRAGA
877 260 924 298 30
951 261 1145 297 AUGUSTI
1175 260 1263 296 1559
1597 261 1664 296 303

92 365 235 414 phiae,
266 370 311 402 et
330 364 452 414 quasi
481 362 728 413 primarium
759 362 1039 400 defensorem
1068 361 1305 399 hussiticae
1336 367 1486 398 sectae
1510 368 1534 398 ¹.
1561 362 1635 399 llle
1670 362 1710 399 in

92 434 243 486 spiritu
263 435 444 473 multum
473 434 675 484 profecit,
699 434 770 472 hic
789 432 843 470 ad
873 432 1112 470 secundam
1144 431 1465 470 hebdomadam
1500 445 1587 469 non
1618 445 1713 482 per-

93 507 227 553 uenit,
251 505 368 556 quod
388 518 469 543 nos
490 517 678 555 pergere
699 506 842 542 iuxtas
866 504 921 542 ob
944 516 1096 542 causas
1117 503 1347 550 nollemus,
1373 502 1490 552 quod
1511 503 1603 553 ipse
1626 504 1714 553 qui·

93 577 193 615 dem
215 576 460 627 aegerrime
481 576 593 614 tulit.
614 577 697 614 Hic
718 575 914 626 quamuis
934 575 1017 612 hac
1038 580 1130 612 arte
1154 586 1396 612 conuersus
1418 587 1504 612 non
1522 574 1590 620 sit,
1616 575 1715 611 ami-

95 661 170 687 cus
190 653 336 686 tamen
358 649 510 686 noster
530 648 548 665 '⁸¹
569 648 700 697 longe
724 645 868 684 maior
897 646 916 670 b
951 658 1078 696 quam
1110 651 1239 683 antea
1270 645 1456 683 effectus
1486 649 1568 691 est3
1593 650 1637 682 et
1658 646 1716 693 (ni

93 719 236 767 fallor)
257 719 316 756 ita
338 719 453 757 circa
474 718 585 756 illius
615 718 929 756 conscientiam
960 717 1203 754 laboratum
1237 721 1319 763 est,
1355 721 1401 754 ut
1446 728 1618 766 sperem
1640 728 1717 753 suo

94 788 268 828 demum
298 794 499 840 ternpore
533 801 661 827 omne
694 788 883 826 studium
917 793 1113 826 nostrum
1136 788 1206 825 uel
1236 786 1278 825 in
1308 786 1419 837 ipso,
1451 788 1522 824 uel
1552 785 1594 824 in
1624 787 1718 835 alijs

100 874 196 900 cum
217 861 403 899 foenore
426 873 549 898 suum
570 859 758 897 fructum
781 863 1167 909 consequuturum.

147 934 184 971 8.
244 933 290 971 In
311 932 475 983 templo
498 937 652 969 nostro
671 943 1007 981 perseueramus
1028 930 1070 968 in
1099 929 1254 968 diuinis
1278 929 1418 978 oficijs
1441 942 1538 967 cum
1560 941 1718 979 magno

94 1010 315 1055 utcunque
332 1017 514 1042 numero
533 1007 576 1041 et
593 1003 833 1041 deuotione
856 1002 1017 1053 populi,
1037 1002 1107 1051 qui
1129 1001 1170 1038 in
1187 1001 1280 1039 dies
1299 1007 1444 1038 tamen
1461 1012 1720 1038 accrescere

93 1076 281 1114 uidetur.
308 1077 356 1113 D.
380 1075 595 1113 Henricus
634 1073 677 1111 in
707 1086 807 1111 arce
844 1086 991 1112 coram
1022 1072 1257 1110 archiduce
1279 1079 1310 1119 0,
1346 1077 1390 1110 et
1420 1072 1475 1110 M.
1510 1073 1720 1109 Wences-

93 1149 184 1186 laus
219 1148 232 1168 ²
265 1147 307 1185 in
346 1148 510 1197 templo
546 1152 696 1185 nostro
734 1147 935 1184 boemice
969 1146 988 1169 d
1023 1145 1352 1183 concionantur.
1391 1145 1553 1182 Noster
1590 1143 1720 1181 etiam

95 1220 142 1257 R.
167 1219 213 1257 P.
233 1224 379 1257 rector
400 1223 413 1242 ³
434 1218 605 1256 festiuis
623 1217 778 1255 diebus
800 1216 1037 1255 lectionem
1059 1216 1232 1254 solitam
1255 1215 1541 1254 cathechismi
1563 1222 1579 1239 θ
1601 1215 1718 1253 facit.

95 1290 241 1328 Plura
274 1290 285 1314 f
312 1301 418 1328 uero
444 1288 718 1328 exhibuimus
740 1290 781 1326 in
802 1289 917 1327 festo
941 1289 1150 1339 Corporis
1171 1288 1335 1327 Christi
1357 1293 1400 1326 et
1423 1288 1466 1325 S.
1493 1287 1720 1325 Bartholo-

94 1363 206 1400 maei
224 1362 365 1412 (cuius
387 1361 594 1399 sacellum
616 1361 860 1409 habemus),
880 1361 1043 1411 templo
1062 1360 1354 1410 pulcherrime
1375 1364 1544 1406 ornato,
1564 1359 1723 1396 habitis

96 1434 226 1472 etiam
257 1433 527 1472 orationibus
563 1432 719 1479 latinis,
745 1432 938 1470 recitatis
970 1432 1247 1478 carminibus,
1280 1435 1455 1482 praeter
1485 1431 1724 1468 conciones

94 1503 348 1543 bohemicas
371 1510 413 1541 et
435 1503 723 1554 germanicas,
747 1508 981 1553 praesente
1005 1515 1161 1553 magna
1181 1503 1327 1552 populi
1346 1501 1639 1548 multitudine,
1664 1506 1724 1539 at-

94 1588 179 1626 que
198 1575 327 1613 etiam
345 1575 452 1613 Η.ωο
485 1573 680 1612 vienensi
702 1580 715 1598 ⁴
738 1578 780 1611 et
797 1574 1087 1612 illustrissimo
1105 1572 1298 1624 principe
1317 1573 1546 1619 Bauariae‚
1566 1573 1724 1610 Ernes-

95 1652 157 1694 to,
194 1647 264 1697 qui
300 1646 478 1698 singulis
514 1647 750 1695 dominicis
781 1646 863 1682 iam
899 1658 923 1683 a
959 1646 1093 1683 multo
1135 1649 1336 1695 ternpore
1371 1644 1531 1682 nostris
1569 1643 1724 1692 officijs

94 1718 310 1756 interesse
332 1718 439 1765 uult,
464 1717 581 1769 quod
605 1718 644 1755 ei
665 1717 820 1755 modus
838 1722 988 1755 noster
1011 1717 1218 1766 imprimis
1239 1717 1409 1767 placeat
1431 1722 1466 1754 g.
1492 1715 1538 1753 In
1558 1716 1723 1765 templo

95 1796 246 1829 nostro
269 1790 311 1828 in
333 1790 447 1828 festo
471 1788 777 1840 assumptionis
806 1789 856 1826 Β.
884 1789 1073 1838 Virginis
1095 1788 1340 1835 habuimus,
1365 1793 1540 1838 praeter
1567 1787 1725 1824 fratres

94 1867 285 1909 nostros,
306 1860 478 1900 circiter
496 1859 649 1911 uiginti
671 1859 1044 1898 communicantes
1066 1860 1100 1906 ¹¹,
1126 1872 1223 1898 cum
1246 1872 1402 1910 magua
1419 1858 1724 1897 consolatione

94 1938 256 1971 nostra.

147 2016 186 2054 9.
245 2004 374 2043 Domi
394 2008 571 2042 nostrae
590 2003 898 2041 renouauimus
917 2015 1068 2041 omnes
1086 2008 1191 2040 uota
1207 2002 1249 2039 in
1266 2001 1381 2039 festo
1401 2000 1726 2039 Pentecosthes

97 2077 349 2114 celebrante
372 2077 419 2113 R.
453 2076 500 2113 P.
524 2075 735 2122 Victoria,
761 2080 804 2112 et
825 2074 905 2112 fuit
937 2075 1067 2112 etiam
1090 2080 1193 2112 tunc
1219 2078 1373 2112 auctus
1409 2085 1615 2110 numerus
1652 2085 1726 2110 uo-

96 2154 242 2186 torum
264 2161 319 2186 ex
345 2146 602 2186 accessione
638 2147 862 2185 cuiusdam
890 2146 1049 2193 fratris,
1086 2145 1261 2183 nomine
1298 2144 1540 2193 Catherinj.
1575 2144 1727 2182 Perse-

96 2232 313 2259 ueramus
333 2218 382 2257 in
402 2217 586 2269 letam‘js
607 2217 805 2268 qnotidie
827 2216 1091 2263 recitandis,
1118 2218 1249 2266 atque
1270 2215 1408 2255 etiam
1429 2214 1477 2253 in
1488 2214 1649 2266 facien
1659 2214 1729 2252 dis

98 2290 351 2342 disciplinis
365 2293 798 2341 perseuerassemus,
819 2288 911 2327 nisi
927 2289 976 2326 R.
996 2289 1044 2326 P.
1075 2287 1275 2326 Victoria
1300 2289 1383 2326 hoc
1416 2287 1614 2337 amplius
1639 2285 1727 2338 fie-

144 2512 164 2531 a
214 2512 341 2548 nobis.
396 2512 460 2537 —b
481 2512 624 2557 magis.
678 2517 742 2534 —0
762 2509 1016 2556 germanice.
1087 2508 1152 2532 -d
1179 2507 1334 2544 Pmec.
1367 2518 1406 2544 v.
1439 2507 1482 2543 in
1513 2507 1725 2551 margine.

98 2579 164 2598 ——e
196 2571 376 2608 Videtur
392 2570 561 2608 emend.
582 2580 633 2607 ex
662 2570 702 2606 in
733 2569 1018 2605 cathechismo.
1090 2568 1147 2592 —f
1174 2568 1314 2604 multa.
1368 2574 1438 2600 ——g
1458 2565 1644 2603 Emend.
1679 2576 1729 2601 ex

100 2631 246 2678 placet.
299 2631 366 2655 —11
387 2630 470 2676 (qui
489 2641 680 2666 numerus
699 2628 860 2675 Pragae
879 2640 957 2664 non
976 2626 1216 2673 penitendus
1236 2626 1363 2662 videri
1378 2625 1531 2669 debet).

148 2841 157 2860 ¹
208 2838 410 2887 Magister
439 2837 587 2876 Gallus
622 2837 830 2876 Gelastus.
864 2835 1042 2879 KROESS.
1082 2835 1330 2873 Geschz'chte
1365 2835 1443 2872 der
1477 2835 1724 2872 bomischen

101 2899 295 2937 Provinz
313 2899 394 2936 der
410 2897 692 2944 Gesellschaft
704 2898 830 2945 Jesu,
851 2896 880 2941 Ι,
902 2895 982 2933 204.

148 2959 162 2978 ²
209 2958 483 2996 Wenceslaus
501 2957 719 2995 Sturmius.

147 3017 160 3038 ³
211 3016 256 3055 P.
277 3017 430 3055 Paulus
448 3016 661 3054 Hostaeus.

146 3078 161 3098 ⁴
212 3077 417 3115 Antonius
436 3076 553 3114 Brus.
