2038 3400
518 237 804 275 419.—PRAGA
830 236 851 273 4
877 236 1138 274 SEPTEMBRIS
1166 234 1256 272 1560
1587 233 1656 271 813

81 341 283 379 rhetores
314 340 506 387 uideant,
539 353 648 390 quos
679 345 779 378 ante
816 351 979 390 paucos
1010 351 1146 376 annos
1181 336 1317 387 prima
1348 336 1594 374 docuerunt
1618 339 1703 375 ele-

83 413 240 449 menta.
264 411 311 449 Id
344 412 456 448 enini
488 412 690 449 rhetores
712 411 804 448 istis
835 409 1200 460 disputationibus
1223 407 1441 456 oratorijs,
1465 420 1576 457 quae
1600 408 1707 445 fiunt

83 482 271 528 assidue,
296 482 524 520 consecuti
546 488 659 528 sunt,
685 487 730 519 ut
760 494 847 519 non
869 482 1007 518 solum
1040 479 1230 518 oratoria
1250 483 1487 530 praecepta
1514 479 1617 515 satis
1648 479 1706 515 in-

84 554 301 604 telligere,
326 555 396 591 uel
429 554 683 591 eorumdem
715 567 838 591 usum
870 552 1138 590 mediocrem
1168 551 1436 602 percepisse,
1470 551 1547 588 sed
1575 551 1709 588 multa

84 637 259 674 quoque
281 625 335 662 de
358 625 489 663 rebus
511 624 766 670 dialecticis,
790 636 895 674 quas
918 636 971 661 ex
994 623 1194 673 professo
1229 621 1420 659 nondum
1452 622 1708 671 attigerunt,

85 695 290 733 didicisse
313 696 556 733 uideantur.
581 695 770 745 Singulis
792 695 947 732 diebus
968 693 1195 732 dominicis
1230 694 1299 731 uel
1331 706 1440 730 unus
1462 698 1710 732 sanctorum

87 767 293 804 uirtutum
318 768 518 804 encomia
538 766 823 805 declamando
847 766 1056 812 celebrat,
1081 766 1151 804 uel
1174 765 1410 814 aduersarij
1430 765 1516 803 duo
1539 769 1712 803 contro-

89 851 238 876 uersas
268 838 587 888 phylosophiae
618 838 899 889 quaestiones
924 837 965 875 in
996 843 1210 888 utranque
1244 842 1412 887 partem
1446 836 1714 874 orationibus

87 915 208 948 tanto
238 909 397 956 fructu,
421 915 582 959 quanta
612 908 909 947 studiosorum
940 908 1239 946 delectatione
1262 907 1513 946 discutiunt.
1540 908 1623 958 Qui
1647 920 1713 945 ca-

88 980 238 1019 tholici
261 986 374 1027 sunt,
401 993 553 1018 omnes
576 980 755 1031 singulis
778 979 1000 1018 mensibus
1021 980 1143 1017 iuxta
1170 979 1405 1018 Societatis
1437 978 1715 1017 consuetudi-

87 1065 187 1090 nem
205 1051 485 1090 confitentur.
507 1052 658 1090 Lectio
678 1051 931 1102 theologica
948 1057 1185 1089 extraneos
1207 1051 1431 1089 auditores
1447 1051 1715 1101 plaerunque

90 1133 111 1171 7
134 1123 204 1161 uel
225 1124 247 1161 8
268 1123 403 1161 habet
424 1122 696 1169 sacerdotes,
716 1123 787 1173 qui
808 1122 1038 1172 plurimum
1062 1135 1214 1160 omnes
1231 1120 1507 1160 delectantur
1531 1122 1716 1172 explica-

89 1194 208 1232 tione
232 1193 466 1232 Directorii
488 1194 625 1231 nostri
648 1198 674 1241 ¹,
698 1192 816 1244 quod
837 1192 962 1231 R.diss
983 1193 1206 1231 vienensis
1227 1194 1254 1240 ²,
1284 1205 1335 1231 ac
1357 1194 1408 1231 D.
1440 1193 1684 1243 Praepositi
1705 1197 1717 1215 ³

91 1265 271 1303 consilio
295 1277 392 1303 cum
411 1265 668 1316 euangelica
689 1264 732 1302 S.
758 1264 965 1302 Matthaei
981 1264 1173 1302 lectione
1192 1263 1346 1302 diebus
1376 1264 1555 1302 alternis
1579 1276 1712 1314 expo-

90 1336 219 1374 nitur.

144 1408 182 1445 6.
242 1408 344 1453 Iam,
370 1407 404 1445 si
426 1407 548 1454 libet,
573 1406 785 1458 quaedam
820 1406 874 1445 de
908 1407 1101 1445 externis
1136 1407 1509 1457 qualibuscunque
1545 1405 1720 1456 pietatis

95 1478 300 1529 operibus
322 1477 488 1524 audire,
512 1490 625 1528 quae
648 1484 692 1516 et
722 1490 807 1528 quo
842 1476 993 1516 ordine
1015 1490 1115 1516 sese
1139 1477 1345 1524 offerent,
1383 1477 1585 1515 referam.
1620 1478 1720 1516 Car-

95 1561 220 1587 ceres
255 1548 385 1599 igitur
418 1555 460 1586 et
481 1549 726 1599 hospitalia,
751 1554 957 1599 quantum
979 1548 1075 1587 fieri
1096 1554 1259 1599 potest,
1291 1549 1470 1599 singulis
1492 1546 1720 1586 dominicis

95 1632 146 1658 ac
166 1619 371 1668 mercurij
396 1618 550 1657 diebus
571 1619 709 1657 nostri
731 1620 884 1658 Patres
907 1625 952 1658 et
971 1619 1143 1667 fratres,
1168 1619 1240 1669 qui
1262 1618 1314 1657 ad
1335 1618 1447 1656 haec
1465 1617 1610 1657 officia
1626 1618 1722 1656 des-

96 1691 221 1729 tinati
242 1695 355 1737 sunt,
379 1690 571 1737 uisitant,
594 1696 724 1740 atque
741 1690 783 1728 in
800 1690 853 1740 ijs
870 1690 1002 1728 rudes
1018 1690 1252 1737 instruunt,
1272 1689 1429 1727 dubios
1447 1689 1720 1735 confirmant,

95 1763 343 1813 pertinaces
366 1762 578 1800 charitate
598 1763 744 1813 potius
765 1775 892 1812 quam
923 1762 1069 1800 uerbis
1100 1760 1154 1799 ad
1188 1761 1387 1800 ueritatis
1424 1761 1721 1812 cognitionem

97 1834 304 1881 alliciunt,
324 1833 501 1872 infirmis
523 1833 780 1881 ministrant,
805 1834 991 1872 afflictos
1033 1835 1332 1881 consolantur,
1356 1832 1595 1871 derelictos
1621 1833 1723 1870 alio-

98 1919 191 1944 rum
209 1905 504 1955 eleemosynis
525 1904 733 1943 nutriunt.
759 1906 823 1943 Ex
845 1905 999 1955 quibus
1021 1918 1131 1943 unus
1152 1917 1229 1955 per
1252 1904 1417 1955 aliquot
1438 1905 1521 1942 iam
1550 1916 1724 1942 menses

98 1983 277 2028 propter
298 1982 547 2015 nostrorum
570 1977 933 2016 intercessionem
967 1978 1264 2015 necessarium
1297 1977 1461 2016 uictum
1483 1977 1524 2014 in
1547 1989 1724 2014 carcere

100 2050 153 2086 ab
177 2049 526 2099 eleemosynario
550 2048 754 2087 sereniss.
778 2049 982 2100 principis
1004 2049 1173 2087 habuit.
1198 2049 1311 2087 Hinc
1335 2048 1544 2086 extribus
1562 2048 1726 2098 praeci-

101 2133 185 2171 pue
204 2121 453 2158 carceribus
474 2120 728 2169 frequenter
751 2120 804 2158 ad
825 2134 905 2159 nos
926 2133 1054 2171 quam
1075 2121 1361 2171 plurimorum
1384 2120 1726 2171 supplicationes

103 2184 373 2239 deferuntur,
397 2191 552 2242 quibus
574 2204 620 2230 se
651 2191 733 2229 nisi
754 2204 778 2229 a
797 2192 957 2229 nostris
979 2205 1123 2243 neque
1156 2192 1399 2239 consilium,
1433 2204 1578 2242 neque
1609 2191 1726 2228 auxi-

103 2263 204 2300 lium
225 2263 357 2301 ullum
389 2275 564 2314 sperare
598 2267 829 2300 testantur.
867 2263 992 2301 Vnde
1023 2264 1177 2311 nostri,
1211 2263 1409 2313 quamuis
1432 2275 1510 2302 eos
1533 2263 1727 2313 spiritua-

103 2335 214 2371 libus
236 2334 459 2372 charitatis
482 2333 687 2385 operibus
707 2333 942 2384 praecipue
960 2335 1263 2381 consolentur,
1287 2348 1374 2373 non
1391 2339 1537 2372 tamen
1560 2334 1726 2372 euitare

105 2411 301 2455 possunt,
342 2406 443 2456 quin
479 2405 610 2443 etiam
648 2417 955 2456 nonnunquam
992 2405 1194 2444 dominos
1234 2412 1410 2457 mag-,cos
1450 2405 1729 2456 interpellent

105 2489 183 2526 pro
205 2476 460 2526 quibusdam
483 2476 732 2524 liberandis,
765 2489 948 2527 quorum
969 2490 1057 2515 non
1073 2477 1133 2515 ita
1149 2490 1309 2528 graues
1328 2489 1486 2515 causae
1509 2476 1726 2522 uidentur,

108 2560 205 2585 cum
227 2547 269 2585 id
297 2547 555 2598 praesertim
591 2548 642 2585 D.
675 2547 911 2586 baronibus
933 2561 1019 2586 non
1040 2549 1257 2600 ingratum
1283 2562 1382 2587 esse
1406 2552 1595 2587 constet.
1620 2547 1729 2585 Nam

107 2619 220 2657 inter
242 2619 348 2657 alios
370 2619 421 2657 D.
447 2620 625 2669 Mag-‚eus
656 2619 1008 2670 Regensperger,
1042 2632 1139 2658 cum
1169 2619 1375 2658 famulum
1399 2633 1521 2657 suurn
1552 2619 1606 2657 ob
1630 2631 1729 2657 con·

160 2799 168 2817 ¹
222 2797 391 2833 Indicari
411 2796 571 2833 videtur
589 2808 688 2843 opus
708 2795 752 2832 Ρ.
782 2795 961 2833 Polanci:
990 2795 1134 2834 Breve
1162 2796 1459 2834 Dz'recloriurn
1487 2796 1547 2833 ad
1574 2794 1732 2840 confes-

110 2857 222 2894 sarii
237 2867 289 2893 ac
307 2856 550 2901 confitentis
570 2865 735 2892 munus
755 2858 865 2892 recte
881 2855 1147 2900 obeundum,
1168 2857 1273 2902 quod
1293 2855 1466 2902 primum
1485 2854 1629 2901 prodiit
1649 2854 1730 2891 Ro-

112 2928 201 2952 mae
218 2927 323 2952 anno
345 2915 446 2952 1554.

160 2976 173 2995 ²
223 2975 428 3013 Antonius
446 2975 564 3012 Brus.

161 3035 174 3055 ⁸
224 3035 428 3072 Henricus
446 3035 694 3071 Scribonius.
