2038 3400
617 179 914 218 226.-OcAmA
948 181 970 217 6
997 180 1096 227 JAN.
1137 181 1225 218 1559
1636 184 1682 221 25

861 382 972 433 226

518 524 919 584 JOANNES
978 523 1314 572 GARCIA

619 668 773 695 OCANIA
798 657 822 695 6
846 667 1041 704 jANUARll
1078 657 1167 694 1559
1195 659 1217 694 ¹.

109 779 141 816 1.
168 777 294 817 Socii
320 777 492 817 civibus
519 778 634 817 cari.
670 777 940 817 Cooztionzmn
973 781 1012 817 et
1053 781 1451 819 sacrczmenz‘ormn
1473 777 1688 828 fructus*

187 842 226 882 2.
252 843 533 882 Fzmdatoris
554 843 740 896 collegii
758 857 874 896 erga
895 844 1042 883 socios
1063 844 1360 884 animus—3.
1386 846 1565 883 Horum
1587 846 1626 882 et
1647 843 1734 882 dis-

188 908 446 960 cipulorum
472 922 703 949 numerus.
734 910 1016 962 Progressus
1044 910 1090 948 in
1118 910 1285 949 litteris
1305 912 1344 950 et
1367 910 1493 949 bonis
1516 909 1730 948 moribus.

190 974 452 1027 Religiosae
467 975 765 1027 perfectionis
783 976 1000 1014 studium.

168 1112 200 1139 Ι.
260 1103 288 1151 ἦ·
319 1101 449 1138 Pater
470 1100 705 1138 admodum
727 1099 990 1138 Reverende
1012 1101 1054 1138 in
1076 1101 1250 1139 Christo
1277 1099 1415 1147 [Dicit
1448 1113 1491 1138 se
1526 1100 1644 1137 «nolle
1672 1112 1736 1138 re-

105 1174 251 1223 petere
276 1171 412 1222 prius
430 1170 635 1221 scriptak
659 1172 758 1209 Hoc
787 1172 829 1209 in
859 1171 1005 1222 primis
1026 1172 1153 1215 seito,
1192 1173 1321 1209 Pater
1341 1171 1575 1209 admodum
1611 1183 1736 1209 reue-

109 1243 260 1289 rende,
285 1243 545 1293 religionem
566 1247 759 1280 nostram
778 1248 820 1280 et
843 1242 1113 1281 Societatem
1135 1241 1175 1279 in
1197 1243 1283 1280 hoc
1304 1242 1537 1293 municipio
1553 1243 1737 1290 (summa

107 1315 199 1352 laus
222 1320 266 1351 et
299 1313 440 1351 honor
462 1314 557 1351 Deo
583 1313 745 1364 optimo
782 1313 989 1361 maximo)
1024 1313 1159 1351 multo
1195 1314 1364 1351 honore
1400 1313 1529 1360 affici,
1555 1319 1597 1350 et
1620 1313 1737 1350 miris

108 1385 307 1424 laudibus
329 1386 381 1423 ab
405 1385 603 1423 omnibus
627 1384 792 1422 extolli:
817 1385 870 1422 ab
894 1385 1108 1432 omnibus,
1137 1386 1325 1435 inquam,
1349 1398 1437 1423 non
1466 1390 1632 1423 tantum
1663 1398 1737 1435 po-

108 1456 341 1508 pularibuS‚
367 1455 445 1494 sed
467 1456 596 1494 etiam
618 1469 642 1494 a
663 1455 880 1506 religiosis
904 1460 947 1493 et
967 1455 1255 1506 presbyteris3
1279 1455 1423 1495 cuncti
1439 1454 1628 1506 denique
1651 1469 1736 1493 vno

110 1541 186 1567 ore
206 1527 398 1566 fatentur
420 1528 573 1565 Patres
594 1531 770 1565 nostros
792 1526 846 1564 ad
881 1527 992 1565 hanc
1013 1528 1324 1578 rempublicam
1346 1535 1364 1553 a
1384 1527 1641 1578 peruenisse
1663 1527 1737 1565 im-

106 1599 252 1650 pulsos
275 1597 421 1636 diuino
452 1598 642 1644 numine,
668 1602 713 1635 ut
743 1603 810 1635 tot
840 1598 1059 1648 tantisque
1080 1598 1349 1637 scaeleribus
1372 1604 1416 1636 et
1445 1599 1619 1649 flagitiis
1650 1610 1738 1635 me-

108 1670 331 1709 derentur.
357 1669 455 1718 Qua
486 1667 690 1719 opinione
712 1668 845 1715 ducti,
882 1668 1168 1708 libentissime
1203 1669 1419 1708 intersunt
1455 1664 1739 1708 concionibus

109 1755 221 1793 quae
243 1754 267 1780 a
286 1741 447 1779 nostris
470 1741 669 1778 Patribus
691 1741 906 1778 habentur
927 1741 1160 1787 (habentur
1182 1747 1329 1779 autem
1363 1741 1607 1792 plurimae),
1633 1746 1676 1778 et
1697 1741 1739 1778 in

109 1814 273 1864 templo
304 1817 456 1851 nostro
481 1817 525 1850 et
558 1811 601 1850 in
622 1812 715 1850 aliis
737 1812 918 1850 aedibus
940 1813 1089 1851 sacris.
1115 1813 1345 1851 Accedunt
1368 1813 1498 1851 etiam
1520 1813 1643 1850 multi
1664 1813 1739 1850 ho-

110 1885 248 1923 mines
268 1897 319 1923 ac
340 1884 546 1922 mulieres
567 1884 610 1922 in
638 1884 847 1934 templum
869 1889 1066 1922 nostrum
1087 1890 1286 1935 apertum
1308 1897 1386 1923 sua
1407 1884 1585 1923 crimina
1606 1884 1739 1921 Patri-

110 1957 190 1994 bus
211 1955 389 2001 nostris3
411 1954 529 2005 quod
550 1960 823 2005 quantopere
852 1954 991 2005 prosit
1010 1955 1094 1993 toti
1123 1955 1372 2006 municipio,
1398 1968 1550 1993 omnes
1573 1955 1740 2005 experi-

110 2033 258 2066 mento
282 2032 574 2078 cognoscunt3
599 2032 642 2064 et
662 2027 866 2077 ingentes
888 2027 1049 2078 gratias
1070 2032 1205 2078 agunt
1226 2028 1338 2075 Deo,
1363 2041 1460 2066 cum
1480 2027 1661 2065 videant
1681 2026 1740 2064 in-

110 2111 290 2137 numera
309 2103 507 2149 peecata,
526 2101 600 2136 tan
621 2097 809 2148 publica,
834 2110 961 2148 quam
983 2099 1166 2149 privata,
1186 2099 1337 2137 auulsa
1358 2111 1457 2137 esse
1480 2103 1524 2136 et
1547 2098 1738 2145 exclusa,

109 2171 265 2221 quibus
287 2169 410 2208 multi
430 2168 616 2208 inuoluti
638 2173 681 2206 et
700 2169 930 2207 obcaecati
950 2169 1136 2219 turpiter
1152 2169 1382 2215 herebant3
1401 2181 1585 2220 quorum
1603 2168 1741 2207 crimi-

109 2255 211 2280 num
246 2241 515 2279 mentionem
546 2240 765 2291 sigillatim
800 2240 959 2278 nullam
990 2240 1121 2287 facio,
1155 2253 1210 2278 ne
1241 2241 1487 2291 longiorem
1508 2241 1603 2290 plus
1622 2241 1740 2289 justo

112 2313 297 2352 scribam
320 2311 550 2362 epistolam
572 2311 606 2350 b.

163 2394 201 2422 2.
262 2381 596 2421 Protonotarius
631 2381 703 2432 qui
737 2386 915 2419 nostrae
945 2381 1159 2420 Societati
1195 2381 1430 2432 collegium
1465 2381 1616 2419 tribuit
1645 2382 1673 2427 ²,
1699 2387 1742 2419 et

112 2452 310 2492 Patribus
333 2452 477 2492 omnia
496 2452 749 2490 necessaria
768 2452 893 2490 hilari
913 2452 1057 2490 animo
1082 2457 1126 2490 et
1148 2452 1280 2490 alacri
1301 2452 1423 2490 vultu
1444 2452 1609 2499 tribuit,
1633 2452 1741 2490 viuit

110 2537 161 2563 ac
181 2525 314 2563 valet.
339 2525 394 2562 Et
422 2522 612 2561 maximo
643 2535 794 2561 amore
821 2523 1101 2573 prosequitur
1132 2522 1404 2561 Societatem
1427 2530 1458 2569 ο;
1492 2528 1535 2560 et
1558 2536 1741 2573 sepenu-

112 2609 233 2635 mero
251 2595 484 2647 pollicetur
502 2607 549 2632 se
568 2593 772 2646 cu[n]ctis
788 2594 831 2633 in
847 2594 980 2632 rebus
997 2594 1198 2632 Patribus
1214 2594 1375 2632 nostris
1394 2606 1521 2645 opem
1539 2594 1740 2640 laturum,

157 2763 177 2783 ²
227 2762 364 2800 Prius
382 2763 535 2800 vrbem.
591 2764 655 2788 —b
676 2762 886 2809 spistolam
904 2772 986 2800 ms.
1042 2770 1106 2788 —0
1165 2762 1255 2808 Seq.
1278 2762 1457 2808 quotidie
1477 2762 1559 2799 del.

164 2939 176 2959 ⁸
226 2937 290 2975 Ex
307 2937 562 2984 autographo
582 2936 621 2972 in
641 2936 726 2973 cod.
748 2935 877 2982 Hisp.
900 2935 968 2980 96,
988 2934 1011 2972 2
1028 2935 1086 2979 ff..
1106 2948 1173 2973 nn.
1195 2935 1277 2981 265,
1298 2935 1379 2979 266;
1401 2935 1511 2981 prius
1532 2933 1607 2971 121.

162 2999 171 3018 ¹
229 2996 461 3034 Ludovieus
479 2996 528 3033 de
549 2994 795 3043 Calatayud.
