2038 3400
576 245 902 283 287.-C020N1A
926 243 972 280 27
1000 243 1103 288 JULn
1135 243 1223 279 1559
1610 239 1679 277 289

105 362 220 387 mum
251 353 505 399 expugnent
535 359 586 385 ac
608 346 844 384 emolliant.
868 345 967 382 Non
988 349 1239 382 metuentes
1260 342 1432 381 interim
1453 341 1572 391 quod
1592 342 1663 379 vel
1684 340 1724 377 in

105 418 426 458 mendicatione
447 424 653 468 parentes
675 423 747 456 aut
776 417 939 455 amicos
971 415 1051 453 sibi
1083 415 1237 453 obuios
1267 415 1431 452 habere
1462 412 1724 463 potuissent,

104 504 287 541 quorum
320 489 601 540 ignominiam
634 501 721 526 non
756 489 900 526 leuem
936 485 1158 537 experturi
1192 485 1390 532 fuissent,
1433 488 1506 522 aut
1545 483 1727 521 acerbas

106 561 351 600 conciuium
382 559 471 610 (qui
501 558 778 609 vndiquaque
811 558 1130 605 confluxerant)
1154 555 1516 602 obtrectationes,
1541 557 1613 592 aut
1635 566 1728 604 gra-

105 633 306 671 uissimos
326 631 510 670 insultus
532 631 853 677 sustinuissent,
877 634 949 667 aut
972 641 1185 667 summurn
1206 628 1249 665 in
1270 628 1531 665 inconsueto
1563 624 1729 664 mendi-

106 703 231 742 candi
265 702 396 741 modo
427 702 632 740 ruborem
670 705 1010 751 comparassent.
1049 700 1173 737 Pium
1205 704 1297 736 erat
1326 698 1527 749 profecto
1558 697 1729 735 illorum

106 772 385 824 desyderium
415 785 466 811 ac
494 773 710 811 laudabile
741 771 1027 823 propositum,
1060 783 1144 808 nec
1175 769 1529 808 dissimulandum
1559 768 1729 809 fuisset,

104 846 185 884 nisi
219 844 392 883 maioris
426 844 525 883 mali
559 857 645 882 non
680 844 825 882 leuem
863 842 1142 882 occasionem
1179 840 1460 891 suppeditare
1496 839 1729 890 potuisset.

106 917 217 955 Dum
248 917 362 954 enim
391 917 502 954 haec
532 927 602 953 res
634 916 772 953 latere
802 927 890 952 non
920 914 1152 964 potuisset,
1186 911 1345 950 ciuium
1374 912 1542 949 animos
1563 910 1654 960 (qui
1677 910 1731 948 ob

106 987 339 1026 ruditatem
370 987 545 1037 pietatis
574 986 766 1023 nondum
798 997 930 1022 veros
965 983 1256 1022 mortificandi
1290 981 1446 1020 modos
1474 985 1733 1032 perspectos

105 1059 301 1108 habent),
338 1057 572 1096 aduersum
607 1069 687 1094 nos
724 1056 1005 1094 concitasset.
1040 1057 1275 1094 Caeterum
1313 1054 1395 1092 etsi
1430 1053 1512 1091 hac
1542 1064 1618 1103 spe
1650 1052 1734 1090 sint

106 1130 313 1176 frustrati,
337 1135 483 1167 tamen
505 1141 604 1167 sese
626 1141 713 1166 non
731 1127 925 1177 segniter
947 1126 1001 1164 ad
1022 1126 1275 1164 humilitatis
1292 1138 1344 1164 ac
1366 1125 1589 1164 charitatis
1607 1125 1734 1163 obse-

107 1201 207 1252 quia
229 1205 454 1247 exercent,
479 1213 529 1238 ac
550 1199 658 1238 alios
690 1198 845 1237 domus
876 1202 1052 1236 nostrae
1084 1198 1296 1244 alumnos,
1329 1197 1401 1248 qui
1431 1195 1623 1235 nondum
1656 1196 1734 1235 So-

109 1273 281 1312 cietatis
315 1277 429 1319 sunt,
466 1283 544 1310 suo
578 1270 781 1321 exemplo
814 1269 867 1307 ad
903 1270 1111 1307 virtutum
1147 1269 1395 1320 amplexum
1432 1274 1475 1306 et
1510 1268 1733 1306 literarum

108 1343 251 1382 studia
284 1343 391 1382 mira
424 1341 692 1381 dexteritate
725 1341 975 1392 proliciunt,
1009 1345 1054 1378 ut
1091 1352 1213 1391 spem
1243 1339 1460 1391 quandam
1495 1338 1735 1377 mirabilem

107 1415 332 1466 profectus
355 1413 500 1464 eximij
524 1413 579 1452 de
602 1426 649 1451 se
670 1425 758 1451 non
779 1424 891 1450 vane
913 1412 1182 1462 promittant.

160 1498 199 1536 4.
258 1487 324 1524 De
362 1486 457 1535 alijs
491 1485 677 1524 dominis
711 1497 762 1522 ac
795 1483 999 1522 fratribus
1034 1483 1136 1534 quid
1175 1481 1331 1520 attinet
1371 1493 1735 1528 commemorare,

109 1571 292 1608 quorum
313 1558 496 1609 quisque
518 1555 600 1595 sibi
620 1555 826 1606 delegata
843 1555 987 1593 munia
1004 1554 1237 1605 diligenter
1259 1566 1310 1592 ac
1326 1555 1456 1592 alacri
1474 1552 1616 1592 animo
1636 1565 1736 1591 exe-

110 1629 267 1680 quitur,
302 1642 353 1668 ac
387 1641 487 1667 sese
523 1627 720 1679 quotidie
755 1626 893 1677 magis
928 1627 1108 1664 vincere
1144 1625 1337 1673 student,
1370 1631 1417 1663 ut
1445 1625 1620 1664 Christo
1653 1625 1739 1663 ani·

110 1713 200 1739 mas
221 1700 504 1739 lucrifaciant.
529 1699 694 1737 Omnes
715 1697 858 1736 adhuc
878 1698 919 1735 in
941 1702 1062 1736 tanta
1083 1697 1263 1735 aestatis
1284 1696 1544 1748 intemperie
1578 1697 1738 1735 incolu-

111 1784 203 1810 mes
224 1772 267 1810 in
288 1771 490 1810 docendo
513 1771 766 1822 persistunt.
792 1771 847 1809 M.
873 1771 1058 1808 Ioannes
1081 1769 1324 1815 Berkelius,
1356 1769 1410 1807 M.
1436 1768 1680 1819 Gregorius
1712 1768 1737 1814 ¹,

111 1856 164 1883 ac
182 1844 416 1894 praecipue
447 1843 502 1881 M.
528 1842 765 1881 Balduinus
786 1846 799 1865 2
819 1842 861 1880 in
882 1841 1065 1892 publicis
1088 1840 1454 1891 disputationibus
1476 1839 1740 1891 theologicis

112 1928 278 1953 summa
307 1927 405 1953 cum
433 1914 564 1953 laude
585 1913 826 1965 respondit.
860 1913 913 1951 M.
944 1913 1217 1951 Ffranciscus
1239 1911 1468 1951 Costerius
1504 1923 1602 1950 curn
1626 1911 1742 1949 omni

111 1986 399 2024 admiratione
421 1998 519 2024 suas
542 1985 854 2036 responsiones
874 1984 1151 2035 theologicas
1172 1996 1249 2034 pro
1273 1983 1411 2034 gradu
1433 1983 1638 2022 licentiae
1670 1983 1741 2020 ab·

112 2058 257 2096 soluit.
282 2058 456 2095 Perstat
478 2057 608 2095 etiam
629 2070 744 2096 nunc
763 2057 806 2095 in
836 2055 1099 2095 lectionibus
1121 2054 1388 2106 theologicis
1412 2060 1456 2093 et
1476 2054 1741 2105 philosophi-

114 2129 189 2176 cis,
215 2129 326 2167 sicut
349 2134 393 2167 et
416 2141 499 2180 ego
522 2129 564 2167 in
595 2129 875 2168 contionibus
895 2127 1093 2179 publicis.
1119 2128 1303 2177 Propter
1325 2127 1620 2178 quotidianam
1642 2139 1742 2164 con-

114 2200 331 2238 uictorum
352 2201 655 2239 accessionem
678 2200 822 2238 coacti
851 2212 999 2238 sumus
1031 2204 1074 2236 et
1105 2198 1301 2245 alteram,
1339 2210 1521 2249 eamque
1552 2198 1743 2236 luculen-

114 2275 216 2318 tam,
242 2272 452 2321 capellam
474 2271 705 2318 adornare,
730 2276 776 2309 ut
798 2271 953 2308 diebus
973 2270 1098 2308 festis
1120 2282 1290 2307 sacrum
1321 2268 1530 2307 audituris
1553 2274 1596 2307 et
1628 2282 1745 2308 com-

116 2343 396 2381 municaturis
416 2344 538 2381 locus
561 2343 766 2381 sufficere
788 2348 934 2393 queat.
960 2342 1042 2379 Hic
1072 2341 1255 2391 primum
1276 2352 1446 2379 sacrum
1473 2341 1566 2391 ipso
1598 2341 1744 2379 visita-

115 2413 245 2451 tionis
268 2413 316 2452 B.
343 2411 517 2461 Mariae,
542 2412 653 2451 sicut
673 2413 716 2450 in
736 2414 875 2451 altera
894 2413 988 2463 ipso
1010 2410 1324 2462 purificationis
1346 2411 1557 2461 auspicati
1579 2424 1741 2449 sumus.

116 2484 291 2522 Fratres
311 2484 517 2535 paulatim
539 2488 582 2523 in
603 2489 847 2535 reparatam
879 2483 1055 2522 domum
1087 2490 1393 2534 segregantur,
1423 2488 1470 2520 ut
1500 2483 1744 2521 accuratius

118 2567 229 2604 quae
251 2555 487 2594 Societatis
509 2561 623 2604 sunt,
645 2557 885 2594 obseruare
907 2555 1090 2605 possint.

173 2636 210 2675 5.
269 2627 321 2665 D.
345 2627 608 2666 Theodorus
630 2626 829 2666 Canisius
857 2627 948 2678 (qui
978 2625 1120 2665 adhuc
1150 2632 1197 2664 ut
1226 2639 1304 2664 sua
1330 2626 1510 2676 negotia
1541 2624 1746 2676 expediat

119 2698 161 2735 in
181 2697 320 2748 patria
339 2698 512 2748 haeret)
533 2699 682 2749 paucis
704 2699 861 2737 abhinc
883 2697 1037 2736 diebus
1059 2697 1113 2735 ad
1133 2710 1214 2736 nos
1236 2697 1421 2747 scripsit,
1445 2709 1495 2734 ac
1517 2696 1745 2734 maximam

119 2781 239 2819 spem
270 2770 454 2820 praebet
477 2770 654 2808 domum
684 2770 800 2808 illam
827 2769 1078 2820 Neomagij,
1111 2769 1323 2808 Societati
1354 2769 1501 2819 legato
1532 2768 1744 2814 relictam,

120 2839 421 2891 recuperandi,
447 2846 491 2879 et
510 2841 597 2880 illic
617 2841 826 2880 fundandi
849 2840 1023 2891 collegij
1046 2839 1302 2891 principium
1322 2839 1660 2890 pulcherrimum
1687 2840 1746 2876 in-

170 2996 179 3014 ¹
231 2994 458 3042 Gregorius
478 2994 643 3032 Fabius.

168 3053 181 3072 ²
231 3053 455 3091 Balduinus
472 3054 523 3091 ab
543 3054 724 3101 Angelo.

264 3136 428 3162 Lar-iun
448 3136 852 3170 QUAmunus‘rus.—Tou.
873 3136 928 3163 VI.
1576 3139 1608 3164 19
