2038 3400
590 208 875 245 253.—P1<A‹;A
909 208 955 244 30
985 208 1139 244 Amen..
1176 209 1264 244 1552)
1626 211 1686 247 151

114 330 212 355 esse
246 317 420 355 omnino
452 330 689 367 speramus.
725 317 834 355 Nam
863 317 955 366 ipse
991 328 1163 366 quoque
1202 316 1504 353 serenissimus
1540 318 1738 367 princeps

112 390 291 426 multum
323 388 549 427 contendit
582 394 627 425 ut
664 388 779 427 idem
811 389 830 406 ²*
867 387 1101 437 collegium
1137 392 1465 436 promoueatur,
1503 401 1579 437 pro
1618 390 1737 426 cuius

110 461 253 509 aliquo
286 460 423 502 initio,
457 465 632 510 praeter
664 472 791 510 quam
823 459 939 510 quod
971 459 1055 496 iam
1076 457 1370 508 septuaginta
1387 457 1490 507 fere
1512 460 1699 496 (lucellos
1721 461 1738 483 b

111 531 360 577 contulerit,
385 543 499 568 nunc
521 531 650 568 etiam
681 543 857 580 operam
886 528 974 576 dat,
1010 534 1054 566 ut
1088 529 1262 566 omnino
1294 529 1531 566 habeamus
1562 529 1734 567 domum

109 602 324 652 quandam
348 602 547 649 uicinam,
573 601 624 639 ad
647 602 757 639 hanc
776 614 867 639 rem
883 599 1164 651 aptissimam,
1185 612 1294 649 quae
1313 613 1399 637 non
1418 600 1594 637 minoris
1611 614 1734 650 quam

111 673 376 724 octingentis
399 672 567 711 ducatis
589 673 642 710 ab
665 673 758 722 ipso
780 672 932 710 haberi
953 671 1131 722 poterit.
1157 672 1264 708 Sunt
1289 671 1417 708 etiam
1441 671 1509 719 alij
1535 671 1611 708 uiri
1635 672 1737 708 boni

108 744 179 794 qui
207 745 248 782 in
281 745 522 782 eorundem
546 757 784 795 pauperum
816 756 940 780 usum
972 741 1157 781 circiter
1179 754 1226 792 30
1248 743 1437 780 ducatos
1459 749 1475 766 0
1497 755 1737 793 congrega-

108 821 219 854 runt.
247 815 613 866 Quandoquidem
635 821 781 853 autem
804 816 915 852 haec
935 814 1079 851 futura
1102 819 1168 851 est
1189 813 1315 851 huius
1338 813 1513 863 collegij
1548 814 1655 851 ratio
1688 827 1737 851 30

107 890 262 933 status,
286 892 333 924 ut
363 887 522 925 multos
554 892 763 937 patronos
795 886 849 924 sit
879 886 1142 931 habiturum,
1175 884 1247 934 qui
1284 884 1575 921 eleemosinas
1606 885 1737 922 certis

106 958 376 1009 temporibus
409 959 703 1004 contribuant,
737 958 934 1008 promisit
965 955 1270 994 serenissimus
1301 956 1501 1006 princeps
1532 955 1647 1005 quod
1678 957 1737 994 ita

104 1029 293 1067 barones
316 1042 417 1068 suos
440 1043 598 1080 urgere
622 1029 728 1067 uelit
750 1030 950 1079 (quorum
975 1027 1262 1078 congregatio
1286 1027 1416 1064 modo
1442 1032 1733 1078 expectatur),

105 1104 150 1137 ut
174 1106 217 1138 et
240 1107 362 1138 certo
386 1106 585 1150 tempore
610 1106 775 1138 certam
792 1112 967 1150 quoque
987 1099 1299 1137 eleemosinam
1317 1098 1371 1135 ad
1387 1099 1473 1136 hoc
1491 1099 1732 1136 conterant.

157 1182 195 1220 4.
257 1170 450 1219 Quando
475 1171 494 1196 d
516 1172 566 1209 D.
593 1170 809 1209 Henricus
834 1171 1016 1221 egregie
1039 1169 1093 1207 de
1122 1170 1283 1208 ieiunio
1316 1171 1357 1207 in
1388 1169 1605 1207 dominica
1635 1183 1735 1220 qua-

105 1242 379 1293 dragesimae
403 1243 691 1281 concionatus
714 1248 849 1288 esset,
875 1242 1083 1279 continuo
1107 1241 1410 1279 serenissimus
1441 1241 1642 1292 princeps
1664 1240 1736 1291 qui

106 1314 232 1351 huius
254 1314 393 1351 Patris
426 1313 711 1352 concionibus
744 1326 917 1363 semper
948 1313 1165 1350 interesse
1201 1313 1330 1358 solet,
1368 1312 1585 1363 quendam
1621 1313 1734 1350 misit

103 1385 175 1435 qui
207 1385 506 1435 expiscaretur
541 1398 642 1423 num
672 1384 803 1435 aliqui
835 1397 889 1422 ex
921 1384 1008 1421 suis
1031 1384 1180 1422 aulicis
1204 1383 1405 1422 carnibus
1427 1389 1731 1431 uescerentur3

104 1455 155 1504 ijs
177 1468 284 1493 uero
308 1456 379 1507 qui
401 1456 665 1506 deprehensi
686 1456 874 1498 fuerant,
910 1455 1197 1493 comminatus
1229 1461 1310 1501 est,
1345 1467 1494 1493 secum
1526 1455 1734 1493 uidelicet

104 1528 356 1566 cohabitare
379 1541 465 1565 non
486 1540 617 1578 posse
642 1540 734 1574 eos,
758 1527 830 1577 qui
851 1527 891 1565 111
915 1527 1130 1577 religione
1160 1526 1376 1565 catholica
1408 1526 1471 1564 sui
1502 1527 1733 1565 dissimiles

103 1603 265 1636 essent.
291 1599 355 1635 Ex
377 1597 442 1636 his
464 1603 610 1647 potest
632 1599 681 1636 T.
707 1599 756 1636 R.
782 1600 827 1636 P.
853 1598 981 1636 facile
1005 1610 1279 1647 cognoscere
1303 1598 1443 1635 zelum
1472 1598 1732 1635 christianis-

102 1669 197 1706 simi
230 1669 447 1720 psincipis,
487 1674 532 1706 et
565 1669 764 1707 fauorem
802 1682 907 1720 erga
941 1668 1211 1707 Societatem
1247 1674 1457 1715 nostram3
1494 1670 1566 1718 qui
1602 1669 1731 1706 etiam

103 1752 249 1778 coram
283 1741 328 1778 R.
364 1742 410 1778 P.
445 1740 638 1778 Victoria
669 1745 856 1778 testatus
888 1745 953 1778 est
988 1744 1164 1778 nostros
1201 1742 1368 1790 Pragae
1404 1740 1647 1778 rectissime
1683 1753 1733 1778 ac

101 1811 423 1849 modestissime
446 1811 612 1849 uiuere:
637 1825 734 1849 nam
756 1812 928 1861 (inquit)
949 1817 1067 1850 tanta
1091 1817 1156 1849 est
1178 1812 1495 1849 maleuolorum
1518 1812 1658 1862 copia,
1684 1818 1732 1849 ut

100 1880 135 1919 si
157 1883 227 1920 uel
250 1882 471 1920 minimum
492 1883 533 1920 111
556 1883 681 1920 uobis
704 1889 859 1921 notare
881 1889 1076 1933 possent,
1100 1884 1215 1922 haud
1238 1884 1368 1922 dubie
1401 1885 1487 1922 hoc
1517 1884 1729 1934 quampri-

100 1967 215 1991 mum
256 1954 309 1992 ad
351 1967 418 1991 me
460 1954 700 1993 deferrent.
751 1955 830 2001 [De
871 1957 1067 2004 quodam
1111 1956 1286 1994 lmssiffa
1328 1955 1465 1994 sociis
1505 1956 1726 1994 benevolo.

110 2024 204 2063 Vz'd.
229 2024 354 2075 epz'szf.
379 2024 473 2071 245,
498 2038 542 2063 n.
566 2028 619 2074 2.}

155 2105 190 2144 5.
251 2096 382 2144 Quod
404 2096 457 2134 ad
480 2097 653 2134 scholas
675 2101 846 2134 nostras
869 2096 1040 2144 attinet,
1067 2105 1303 2136 creuerunt
1330 2098 1505 2148 quidem
1534 2099 1632 2136 illae
1665 2098 1730 2135 his

101 2167 322 2205 mensibus
343 2180 430 2205 non
452 2168 750 2207 mediocriter.
785 2168 894 2206 Sunt
927 2170 1089 2207 etenim
1121 2171 1295 2209 circiter
1331 2171 1417 2212 100,
1451 2169 1523 2220 qui
1554 2169 1727 2221 quidem

101 2245 199 2276 sunt
233 2239 375 2289 pauci,
414 2251 581 2286 uerum,
620 2245 666 2277 ut
701 2240 869 2289 Pragae
905 2254 952 2279 se
988 2254 1058 2279 res
1099 2242 1282 2287 habent,
1325 2247 1389 2279 sat
1430 2243 1588 2279 multos
1630 2253 1727 2279 esse

99 2314 313 2360 putamus.
339 2310 574 2348 Plurimum
597 2324 700 2348 sane
723 2311 764 2348 in
787 2312 923 2350 literis
944 2314 1192 2363 proficiunt,
1217 2326 1299 2351 nec
1322 2313 1460 2350 minus
1491 2313 1532 2350 in
1562 2313 1727 2363 pietate

99 2387 142 2418 et
177 2381 329 2432 spiritu
362 2381 615 2420 humilitatis
652 2388 870 2431 crescunt3
908 2385 1029 2422 0111115
1064 2383 1268 2422 indicium
1305 2385 1390 2422 hoc
1427 2397 1524 2422 esse
1560 2387 1723 2434 potest,

97 2452 215 2502 quod
245 2466 322 2491 sua
351 2459 523 2503 sponte,
556 2454 673 2492 nullo
705 2461 902 2493 nostrum
934 2461 1136 2507 urgente,
1171 2457 1241 2493 uel
1276 2456 1405 2493 etiam
1442 2455 1724 2502 admonente,

97 2523 216 2572 quod
239 2536 323 2575 ego
346 2524 494 2570 sciam,
520 2523 621 2562 dum
642 2524 796 2563 ludunt
816 2525 916 2576 pila,
941 2527 1011 2564 uel
1034 2527 1128 2576 alijs
1160 2525 1408 2564 huiusmodi
1438 2526 1550 2564 ludis
1582 2538 1629 2563 se
1661 2539 1726 2563 re-

98 2602 262 2639 creant,
289 2594 419 2633 etiam
439 2596 624 2646 publicis
644 2595 686 2634 in
708 2595 832 2643 10015,
857 2597 1041 2647 genibus
1063 2597 1188 2636 flexis
1212 2604 1256 2635 et
1276 2599 1438 2648 populo
1469 2610 1566 2635 cum
1593 2597 1725 2635 admi-

98 2665 267 2704 ratione
289 2671 534 2716 spectante,
566 2665 602 2705 is
632 2665 793 2718 aliquid
827 2674 938 2715 oret,
971 2669 1044 2719 qui
1074 2669 1216 2707 uictus
1248 2675 1328 2707 est.
1364 2669 1461 2706 Hoc
1491 2674 1635 2706 autem
1667 2667 1725 2705 illi

96 2736 304 2788 imprimis
324 2737 488 2775 faciunt
509 2738 582 2788 qui
603 2729 702 2775 sunt
725 2751 955 2789 supremae
979 2740 1143 2778 0135515.
1169 2741 1278 2779 Sunt
1306 2740 1419 2777 inter
1449 2740 1530 2777 hos
1560 2739 1724 2789 aliquot

143 2940 158 2957 ὃ
208 2939 298 2976 hoc.
367 2941 422 2965 —b
443 2940 589 2977 bonam
608 2942 806 2986 pecuniae
826 2955 996 2979 sumam.
1052 2951 1115 2968 —0
1135 2944 1286 2990 aliquid
1308 2944 1427 2979 etiam
1449 2943 1656 2990 pecuniae.

144 2998 164 3023 d
208 3010 313 3037 cum.
