2038 3400
348 250 414 287 152
811 251 1033 289 LITTERAE
1061 251 1421 298 QUADmMESTREs

296 352 494 403 insignes
516 352 716 400 iuuenes,
741 353 813 404 qui
839 354 1155 404 quamprimum
1179 355 1358 392 Romam
1385 354 1427 392 in
1455 354 1691 405 collegium
1722 354 1935 404 germani-

299 436 396 462 cum
428 424 770 470 contenderent,
804 424 1019 474 siquidem
1052 425 1114 462 eis
1146 424 1482 463 concederetur.
1519 425 1718 463 Recitant
1751 425 1934 463 subinde

299 496 610 543 oratiunculas,
635 508 750 534 nunc
775 500 818 533 et
842 496 1046 543 carmina,
1071 509 1185 534 nunc
1206 509 1380 547 graeca,
1404 510 1519 535 nunc
1540 497 1673 534 latina
1703 496 1745 534 in
1774 497 1935 534 scholis

297 566 458 605 nostris
488 567 677 618 publice.
712 568 948 619 Dialogum
982 568 1112 605 etiam
1145 568 1422 606 exhibuimus
1452 569 1507 606 de
1529 582 1675 619 pugna
1696 568 1869 619 spiritus
1892 574 1937 606 et

277 639 453 687 carnis,
479 646 680 690 tempore
704 640 1076 685 bachanaliorum,
1101 653 1126 677 a
1146 652 1240 678 nro.
1267 640 1322 678 M.
1353 641 1553 679 Gerardo
1585 642 1591 660 ¹
1627 641 1934 691 compositum,

300 717 420 750 tanta
442 725 539 750 cum
566 711 848 749 edificatione
881 716 924 748 et
956 712 1179 762 applausu,
1214 716 1260 748 ut
1290 724 1420 750 nemo
1452 712 1546 750 fere
1578 711 1694 750 aliud
1724 725 1851 763 quarn
1883 711 1937 749 de

299 783 519 821 breuitate
553 787 867 833 conqueretur.
901 783 1000 820 Non
1030 786 1096 819 est
1125 782 1218 820 uisa
1239 783 1375 820 maior
1397 782 1619 821 hominum
1643 782 1874 821 multitudo
1896 783 1938 820 in

298 854 461 893 scholis
496 855 673 901 nostris,
712 867 839 904 quam
872 866 968 891 cum
1005 854 1076 891 ille
1113 853 1313 905 dialogus
1350 856 1649 893 exhiberetur.
1683 855 1939 905 Coeperunt

301 927 435 966 etiam
459 927 597 965 nostri
620 925 820 976 discipuli
841 939 999 976 magna
1021 938 1118 964 cum
1141 926 1383 965 deuotione
1414 927 1591 965 uariatis
1622 925 1805 965 uocibus
1836 940 1939 964 suos

299 1001 488 1049 hymnos
511 1002 554 1036 et
581 999 841 1045 uersiculos,
866 997 967 1036 dum
991 998 1164 1036 scholas
1185 997 1488 1049 ingrediuntur
1511 1011 1561 1037 ac
1585 1002 1763 1045 exeunt,
1789 998 1939 1036 modu-

302 1072 396 1118 lari,
422 1077 469 1109 ut
496 1070 674 1108 tandem
707 1070 1042 1121 quibuscunque
1073 1069 1214 1108 modis
1244 1071 1476 1120 possimus,
1509 1071 1655 1121 plures
1686 1070 1938 1108 alliciamus.

302 1142 380 1182 His
403 1143 618 1181 classibus
640 1147 926 1181 accesserunt
949 1142 1057 1180 aliae
1081 1142 1194 1180 duae
1222 1143 1426 1189 maiores,
1457 1141 1712 1193 theologiae
1743 1142 1942 1180 nimirum

303 1220 346 1253 et
379 1214 654 1253 dialecticae.
694 1212 890 1262 Quando
920 1214 938 1232 ἃ
975 1214 1089 1252 enim
1119 1215 1202 1252 hac
1232 1214 1437 1252 transiret
1468 1215 1514 1252 R.
1542 1216 1587 1253 P.
1612 1213 1891 1265 prouincialis
1913 1218 1940 1261 ²,

304 1285 456 1325 effecit
479 1285 593 1337 apud
616 1285 839 1324 dominum
860 1286 1159 1336 praepositum
1183 1290 1225 1323 et
1248 1285 1463 1324 decanum
1492 1286 1708 1324 ecclesiae
1740 1286 1866 1333 arcis,
1897 1291 1943 1323 ut

300 1358 495 1409 ipsorum
532 1357 793 1396 sacerdotes
829 1356 883 1395 ad
918 1370 999 1395 nos
1034 1356 1360 1395 descenderent
1394 1357 1583 1396 audituri
1616 1357 1807 1407 priorem
1842 1357 1861 1382 b
1889 1357 1942 1395 ad

304 1428 350 1467 S.
376 1428 673 1476 Timotheum,
699 1440 724 1466 a
746 1430 796 1467 D.
822 1429 1032 1467 Henrico.
1057 1428 1277 1479 Coeptum
1301 1433 1368 1466 est
1387 1427 1622 1476 foeliciter,
1647 1427 1839 1479 satisque
1860 1429 1943 1466 fre-

303 1501 454 1552 quenti
477 1500 716 1547 auditorio,
735 1500 760 1539 6
778 1500 952 1551 Aprilis;
978 1505 1021 1537 et
1042 1505 1218 1551 praeter
1241 1500 1497 1539 sacerdotes
1514 1500 1640 1548 arcis,
1661 1506 1944 1539 accesserunt

305 1573 437 1612 etiam
460 1573 548 1622 alij3
571 1573 644 1624 qui
676 1585 831 1611 omnes
862 1571 1152 1611 constantiam
1185 1577 1227 1610 et
1260 1585 1381 1623 spem
1411 1573 1571 1611 bonam
1601 1573 1815 1611 hactenus
1845 1576 1943 1610 sunt

304 1644 501 1696 polliciti.
537 1644 592 1683 M.
626 1643 853 1684 Gerardus
885 1656 1062 1694 quoque
1100 1656 1155 1681 ex
1190 1643 1310 1682 iussu
1347 1643 1544 1682 eiusdem
1581 1645 1626 1682 P.
1663 1643 1943 1695 prouincialis

305 1715 581 1756 dialecticam
627 1715 902 1767 Titelmannj
936 1715 1136 1766 profiteri
1173 1715 1335 1766 eoepit;
1372 1728 1478 1766 quas
1518 1715 1733 1753 lectiones
1768 1715 1942 1765 publico

305 1790 468 1840 scripto
495 1801 570 1840 per
593 1790 777 1839 Pragam
801 1788 1104 1839 euulgauimus
1126 1794 1158 1826 ⁰.
1185 1789 1505 1839 Praeceptores
1528 1800 1681 1825 omnes
1707 1800 1759 1826 ac
1786 1787 1941 1838 singulj

305 1861 462 1900 ardent
484 1859 653 1912 magnis
674 1859 907 1909 desiderijs
928 1859 1260 1911 promouendae
1281 1858 1536 1906 iuuentutis,
1558 1863 1601 1897 et
1621 1859 1795 1898 Christo
1818 1857 1944 1897 lucri·

306 1933 552 1980 faciendae,
576 1945 660 1971 nec
682 1931 809 1970 ullius
831 1945 909 1971 eos
932 1932 1094 1970 laboris
1115 1931 1267 1970 taedet
1288 1936 1362 1969 aut
1383 1931 1520 1982 piget.

359 2005 398 2044 6.
461 2003 587 2053 Quae
610 2005 670 2043 ad
695 2003 969 2055 spiritualia
996 2002 1192 2055 negocia
1221 2003 1436 2053 spectant,
1471 2003 1581 2041 haec
1612 2001 1776 2052 accip&
1806 2001 1859 2039 R.
1893 2000 1942 2039 P.

308 2079 476 2116 Doctor
506 2075 725 2115 Henricus
754 2080 1014 2127 perseuerat
1041 2076 1083 2114 in
1105 2075 1193 2113 suis
1216 2072 1502 2112 concionibus
1524 2074 1565 2112 in
1588 2086 1687 2111 arce
1712 2086 1859 2111 coram
1881 2085 1944 2111 ar-

308 2147 510 2196 chiduce,
534 2147 576 2186 in
598 2161 684 2199 quo
718 2148 969 2199 experimur
998 2146 1214 2198 insignem
1244 2145 1413 2184 illarum
1446 2146 1708 2184 concionum
1738 2145 1942 2184 fructum.

307 2220 429 2259 Idem
460 2221 629 2259 Doctor
660 2220 879 2258 Henricus
909 2218 1061 2257 habuit
1092 2218 1223 2257 etiam
1255 2217 1495 2256 conciones
1525 2216 1942 2268 quadragesimales,

307 2296 375 2330 ter
399 2291 608 2330 uidelicet
630 2292 673 2330 in
694 2290 989 2338 hebdomada,
1014 2303 1038 2328 a
1059 2290 1215 2340 quibus
1235 2302 1453 2340 nunquam
1485 2288 1609 2326 affuit
1640 2289 1944 2327 serenissimus

308 2365 528 2416 princeps
553 2364 599 2401 In
621 2363 787 2413 templo
809 2366 962 2402 nostro
994 2361 1256 2400 mutauimus
1287 2360 1548 2399 concionem
1579 2360 1873 2411 germanicam
1903 2360 1945 2397 in

309 2434 571 2482 boemicam,
596 2448 724 2485 quam
746 2433 850 2472 facit
873 2433 927 2471 M.
952 2432 1244 2472 Wenceslaus
1264 2434 1293 2479 ⁵3
1325 2437 1424 2482 post
1455 2430 1682 2482 prandium
1718 2443 1825 2470 uero
1858 2431 1945 2469 die-

310 2508 390 2546 bus
413 2507 643 2545 dominicis
665 2519 716 2544 ac
737 2505 861 2544 festis
885 2505 1127 2556 explicatur
1150 2504 1312 2554 populo
1336 2504 1355 2528 ‘¹
1378 2503 1671 2541 catechismus
1693 2510 1711 2527 e
1733 2503 1946 2554 germani-

310 2591 401 2626 cus,
435 2578 743 2628 praesentibus
777 2576 907 2615 etiam
943 2575 1104 2614 nostris
1135 2574 1371 2625 discipulis.
1406 2575 1528 2613 Multi
1559 2575 1765 2613 oberrant
1792 2575 1834 2612 in
1860 2575 1947 2613 hoc

357 2740 377 2760 ³
425 2753 532 2777 cum.
588 2741 652 2765 —b
674 2739 886 2786 epistolam
908 2737 1037 2774 Pauli.
1094 2743 1157 2761 ..c
1191 2736 1368 2773 Videtur
1394 2735 1563 2773 emend.
1592 2746 1643 2772 ex
1672 2735 1944 2782 promulgavi-

311 2813 411 2838 mus,
469 2800 534 2824 —d
572 2799 727 2836 Prctec.
749 2810 787 2835 v.
810 2799 855 2835 in
875 2798 1078 2843 margine
1095 2796 1249 2833 eadem
1270 2806 1423 2832 manu.
1478 2803 1542 2821 —e
1564 2794 1665 2831 Pris.
1689 2794 1857 2832 Canisii.

362 2959 369 2977 ¹
423 2957 468 2993 P.
489 2954 703 2994 Gerardus
723 2953 972 2990 Werdenus.

360 3017 372 3036 ²
424 3016 470 3053 Ρ.
491 3015 638 3052 Petrus
659 3013 864 3051 Canisius.

361 3077 374 3098 ³
428 3075 704 3115 Wenceslaus
722 3073 940 3114 Sturmius,
