2038 3400
354 255 424 292 780
822 257 1040 294 LITTERAE
1066 257 1423 303 QUADmMEs'rREs

307 361 369 409 rej
393 360 597 408 ueritate,
622 361 747 400 iussit
765 366 941 400 nostros
958 362 1099 400 bonos
1119 374 1217 401 esse
1236 363 1394 410 animo,
1415 368 1617 414 tanquam
1639 364 1711 415 qui
1726 364 1935 415 patientia

307 432 544 470 innocente
567 434 821 483 quorumuis
843 433 1157 484 malignitatem
1186 440 1459 484 superarent.

359 512 395 552 5.
458 503 588 554 Quod
610 504 664 542 ad
688 504 832 542 officia
852 504 1028 554 pietatis
1050 505 1259 555 proximis
1283 505 1531 544 exhibenda
1556 507 1728 554 attinet,
1752 520 1839 545 non
1861 506 1934 545 de-

306 574 480 612 fuerunt
503 588 608 613 sane
630 576 768 613 nostri
791 588 870 613 suo
894 576 1081 624 munerj;
1112 589 1210 614 nam
1240 581 1283 614 et
1318 577 1361 614 in
1392 588 1571 615 carcere
1593 577 1801 616 detentos
1831 578 1936 615 inui-

306 651 471 691 serunt,
506 652 549 685 et
580 647 622 684 in
646 646 937 695 xenodochijs
958 646 1208 685 infirmitate
1232 648 1493 698 languentes
1514 648 1598 698 pijs
1620 649 1935 687 exhortationi-

305 718 385 756 bus
415 718 456 756 in
494 719 681 757 Domino
718 725 817 756 sunt
853 719 1085 767 consolatj.
1126 719 1313 768 Quidam
1349 719 1637 758 concionator
1666 720 1934 767 lutheranus,

306 790 598 828 Melanthonis
631 789 731 827 olim
764 789 1015 840 discipulus,
1041 804 1096 828 ex
1126 791 1358 829 lutherano
1391 792 1704 830 concionatore
1734 805 1937 843 procrea-

304 864 389 908 tus,
414 860 514 898 dum
548 861 753 911 singularj
788 861 869 910 Dej
895 862 1129 899 clementia
1159 862 1310 912 incipit
1340 863 1608 901 haereticam
1630 863 1871 902 doctrinam
1894 869 1937 903 et

305 937 466 979 sectas,
497 933 652 982 quibus
682 945 759 983 per
789 937 928 971 totam
960 933 1093 971 uitam
1122 933 1264 972 fuerat
1295 934 1510 983 addictus,
1544 936 1773 985 detestarj,
1807 936 1938 986 uarijs

306 1004 624 1055 cogitationum
655 1005 859 1042 fluctibus
896 1005 1158 1056 exagitatur,
1193 1005 1395 1044 dubitans
1425 1019 1609 1058 quanam
1644 1008 1714 1045 uia
1749 1019 1772 1045 e
1807 1008 1938 1045 tantis

306 1077 501 1115 tenebris
523 1076 577 1114 ad
599 1077 741 1115 lucem
765 1076 1009 1115 catholicae
1035 1077 1232 1115 ueritatis
1255 1090 1354 1116 sese
1375 1084 1528 1128 posset
1551 1078 1672 1117 ocius
1692 1078 1935 1130 proripere.

307 1149 595 1186 Monstratum
632 1153 699 1185 est
734 1147 881 1197 itaque
922 1149 1149 1198 fluctuantj
1193 1150 1381 1188 salutare
1417 1149 1675 1197 remedium,
1710 1162 1868 1201 nempe
1904 1149 1939 1187 si

306 1220 440 1258 uellet
474 1232 634 1258 nouam
670 1232 720 1257 ac
755 1219 991 1258 salutarem
1014 1221 1147 1259 uitam
1183 1221 1392 1273 deinceps
1427 1221 1651 1269 inchoare,
1687 1222 1940 1273 poeniteret

306 1305 404 1330 eum
428 1292 608 1338 ueteris,
634 1297 678 1329 et
699 1291 844 1330 media
865 1305 889 1330 a
911 1292 1087 1331 Christo
1110 1292 1331 1331 saluatore
1361 1292 1560 1331 instituta
1590 1305 1644 1331 ex
1675 1294 1818 1332 animo
1850 1306 1938 1332 sus-

306 1365 490 1414 ciperet.
525 1363 637 1401 Hinc
668 1363 831 1401 factum
864 1367 946 1411 est,
970 1368 1015 1401 ut
1037 1377 1061 1402 a
1092 1365 1139 1402 R.
1166 1365 1212 1402 P.
1237 1364 1513 1403 Prouinciale
1534 1369 1704 1410 nostro,
1728 1365 1779 1403 D.
1805 1366 1937 1404 Petro

306 1436 497 1482 Canisio,
521 1435 575 1473 ad
596 1448 676 1473 nos
698 1435 1013 1487 Ingolstadium
1035 1436 1192 1474 missus
1214 1435 1283 1483 sit,
1308 1442 1353 1474 ut
1374 1437 1558 1487 primum
1580 1436 1794 1475 exercitia
1820 1436 1938 1487 spiri-

305 1507 438 1545 tualia
469 1507 705 1546 Societatis
735 1512 914 1546 nostrae
945 1507 1128 1555 faceret,
1162 1520 1214 1545 ac
1241 1507 1399 1546 deinde
1434 1508 1714 1547 confessione
1745 1508 1939 1559 generali

304 1579 440 1616 totius
464 1578 581 1616 uitae
604 1578 759 1617 sordes
782 1578 1056 1629 detergeret.
1080 1578 1209 1630 Apud
1230 1592 1310 1617 nos
1332 1579 1463 1630 igitur
1484 1592 1562 1630 per
1588 1580 1754 1631 aliquot
1774 1578 1939 1618 hebdo-

305 1649 453 1688 madas
474 1650 515 1687 in
538 1650 638 1689 loco
656 1650 814 1689 mansit
835 1650 937 1689 huic
968 1650 1275 1689 exercitationi
1299 1656 1517 1701 oportuno
1540 1657 1573 1698 ἃ,
1600 1655 1643 1689 et
1665 1664 1762 1690 cum
1784 1664 1941 1702 magna

306 1721 451 1760 cordis
483 1721 823 1772 compunctione
847 1727 891 1759 et
922 1722 1241 1771 lachrymarum
1263 1722 1400 1760 imbre
1424 1734 1500 1760 sua
1520 1727 1719 1773 peccata,
1752 1721 1938 1761 Domino

307 1794 559 1841 miserante,
580 1793 719 1832 diluit.
741 1795 840 1844 Quo
856 1794 990 1839 facto,
1011 1795 1198 1832 maxima
1218 1794 1238 1818 b
1260 1794 1566 1833 consolatione
1583 1794 1712 1833 animi
1733 1794 1797 1843 suj
1821 1807 1845 1833 a
1864 1807 1940 1833 no-

306 1867 370 1905 bis
393 1867 610 1914 discessit,
636 1871 679 1904 et
701 1866 783 1904 iam
815 1866 857 1904 in
879 1867 1068 1918 quodam
1091 1865 1381 1905 celeberrimo
1411 1867 1679 1906 monasterio
1702 1868 1940 1906 monachos

305 1938 508 1985 instituit,
544 1951 641 1976 cum
672 1939 829 1988 quibus
858 1939 988 1977 etiam
1011 1943 1169 1990 sponte
1191 1951 1269 1976 sua
1288 1943 1422 1976 nocte
1444 1938 1584 1989 surgit
1605 1944 1650 1977 et
1670 1951 1828 1990 preces
1849 1943 1940 1977 tum

305 2015 558 2057 nocturnas,
583 2014 674 2048 tum
694 2010 884 2058 diurnas,
910 2023 961 2048 ac
984 2011 1017 2048 si
1040 2010 1281 2049 monachus
1297 2009 1428 2057 foret,
1447 2010 1660 2061 persoluit
1675 2010 1717 2048 in
1735 2010 1936 2049 ecclesia.

306 2083 351 2119 In
375 2081 602 2119 uertendis
625 2080 801 2132 optimis
823 2082 1069 2132 quibusque
1091 2081 1247 2120 libellis
1270 2093 1324 2119 ex
1355 2080 1489 2119 latino
1521 2093 1724 2120 sermone
1746 2081 1787 2120 in
1809 2083 1939 2133 g[er]-

306 2153 521 2191 manicum
543 2160 559 2178 C
582 2153 738 2191 crebro
761 2153 962 2192 desudat.
987 2154 1137 2205 Nuper
1160 2154 1291 2192 etiam
1315 2153 1471 2191 excudi
1496 2153 1663 2192 curauit
1694 2153 1940 2203 spirituales

306 2237 498 2264 canones
521 2227 571 2263 D.
598 2225 732 2274 Blosij
756 2226 927 2264 abbatis
944 2225 1171 2264 lesciensis
1192 2226 1348 2277 quibus
1370 2224 1565 2264 adiunxit
1583 2224 1790 2275 quasdam
1812 2238 1939 2276 regu-

306 2298 367 2335 las
390 2298 436 2335 P.
460 2296 542 2346 nrj.
567 2296 722 2347 Ignatij
746 2309 770 2334 a
793 2298 838 2335 P.
864 2297 1041 2335 Andrea
1062 2298 1214 2335 Frusio
1237 2297 1438 2335 uersibus
1468 2297 1740 2348 conscriptas
1771 2296 1778 2315 ¹

1788 2327 1796 2344 ‚
1833 2309 1939 2347 quas

306 2367 420 2407 unde
443 2368 647 2406 habuerit
677 2368 947 2419 ignoramus.

357 2439 396 2478 6.
456 2439 503 2476 In
522 2439 686 2489 templo
709 2440 813 2477 noui
832 2439 1008 2491 collegij
1032 2439 1306 2490 frequentius
1323 2443 1389 2477 est
1406 2438 1685 2484 auditorium,
1708 2444 1937 2489 postquam

307 2512 463 2550 concio
502 2511 721 2561 euangelij
760 2515 924 2549 mutata
959 2515 1026 2549 est
1061 2511 1101 2548 in
1137 2511 1376 2549 lectionem
1411 2510 1782 2550 declamatoriam.
1825 2510 1938 2549 Con-

306 2582 457 2621 ciones
478 2582 583 2620 item
607 2594 703 2620 cum
726 2582 912 2621 utilitate
936 2588 1225 2633 perseuerant
1247 2581 1287 2620 in
1309 2594 1416 2633 agro
1439 2582 1520 2632 Dej
1544 2580 1571 2629 ⁹,
1604 2594 1710 2633 quas
1736 2581 1937 2631 frequen-

351 2744 370 2763 a
421 2748 658 2791 opportuno.
714 2743 778 2767 —b
807 2755 911 2779 cum.
967 2751 1030 2769 -Ο
1054 2744 1322 2789 Consumpta
1342 2743 1509 2780 charta.

356 2903 363 2922 ¹
418 2899 539 2944 Vide,
560 2899 627 2942 sis.
649 2899 721 2935 has
740 2898 907 2945 regulas
927 2899 967 2936 in
987 2899 1181 2937 Monum.
1200 2899 1361 2945 Ignat.‚
1381 2910 1460 2936 ser.
1481 2897 1556 2944 La,
1574 2897 1666 2943 XII,
1682 2897 1764 2935 681.
1781 2897 1937 2945 Agitur

304 2961 344 2997 in
376 2958 638 3007 praecedenti
660 2957 917 3004 paragrapho
937 2959 985 2995 de
1006 2957 1214 3005 Stephano
1234 2957 1448 3005 Agricola,
1468 2957 1640 3006 juniore.
1662 2956 1725 2994 Cf.
1747 2954 1935 2993 BRAUNs·

306 3030 488 3062 mmmm,
511 3019 536 3055 l.
557 3031 606 3063 c.‚
627 3017 710 3059 909,
731 3017 798 3055 ubi
818 3017 918 3055 haec
938 3030 1101 3065 paragr.
1124 3018 1376 3055 exscribitur.

354 3080 366 3100 ²
421 3077 531 3117 Vide
550 3091 588 3126 p.
610 3077 689 3123 154,
710 3082 846 3115 annot.
866 3076 900 3115 3.
