2038 3400
530 256 811 292 ila-Fumi
840 256 860 291 4
888 254 1150 292 SEPTEMssffls
1180 254 1268 290 1560
1601 252 1664 288 811

93 361 172 398 bus
194 360 253 398 ita
273 359 572 410 profecerunt,
598 362 643 396 ut
664 358 747 395 iam
769 358 841 396 illa
863 357 1012 395 classis
1034 368 1119 394 non
1142 354 1272 394 modo
1297 368 1442 401 unum,
1477 354 1554 391 sed
1575 355 1717 404 paula-

92 433 169 470 tim
192 432 321 469 etiam
342 431 488 481 plures
509 429 622 476 hinc,
648 429 681 466 si
706 442 813 479 opus
835 429 903 475 sit,
935 428 1119 466 idoneos
1140 427 1415 477 professores
1437 426 1599 462 habere
1622 438 1717 474 pos-

95 503 162 541 sit.
183 502 384 554 Juniores
413 501 544 539 etiam
565 500 721 537 fratres
742 500 812 550 qui
835 499 876 537 in
898 497 1191 550 grammaticis
1212 496 1557 535 institutionibus
1579 496 1717 533 adhuc

95 577 339 618 uersantur,
364 570 638 610 scholasticis
669 583 719 608 ac
741 570 996 608 domesticis
1026 569 1290 607 lectionibus
1313 566 1720 606 exercitationibus-

93 658 177 696 que
207 644 437 694 plurimum
468 643 548 681 hac
579 647 750 680 aestate
781 641 1004 692 progressi
1035 646 1147 678 sunt.
1179 640 1235 677 Vt
1265 639 1438 676 interim
1471 643 1639 676 taceam
1667 637 1721 675 de

94 717 240 767 lingua
260 714 507 761 bohemica,
531 715 572 751 in
602 726 685 763 qua
706 711 973 751 addiscenda
994 709 1116 749 multi
1138 712 1186 748 R.
1211 711 1257 748 P.
1293 709 1494 747 Rectoris
1517 709 1720 758 exemplo

94 785 338 837 prouocati,
363 790 529 823 tantum
559 784 684 822 breui
715 789 914 834 tempore
945 794 1226 834 progressum
1257 780 1473 826 fecerunt,
1508 785 1554 817 ut
1585 780 1720 817 multa

94 857 325 896 bohemice
342 856 588 906 intelligant
604 861 649 894 et
663 855 909 905 loquantur.
928 852 1280 892 Concionatores
1296 852 1492 902 germani
1508 852 1591 888 iam
1613 863 1636 899 4
1653 851 1723 889 hic

95 941 257 975 sumus,
283 941 337 966 ex
355 927 510 977 quibus
532 927 580 964 R.
603 927 648 963 P.
674 926 836 963 Rector
858 937 955 962 cum
977 923 1228 975 germanica
1262 921 1488 960 coniunxit
1518 921 1721 967 italicam,

95 1006 141 1038 ut
161 1004 357 1038 nostrum
388 997 598 1047 templum
629 996 744 1046 (nam
765 995 819 1034 de
850 995 958 1044 alijs,
992 1007 1102 1045 quae
1134 995 1175 1032 in
1206 1006 1307 1032 arce
1340 1006 1485 1031 0013111
1517 993 1721 1031 sereniss.

96 1072 289 1124 principe
311 1070 382 1108 uel
405 1068 517 1120 apud
540 1068 583 1106 S.
608 1068 820 1105 Thomam
842 1066 1146 1118 praesentibus
1169 1067 1333 1115 aliquot
1354 1064 1571 1103 nobilibus
1598 1064 1720 1112 fiunt,

97 1145 144 1182 R.
169 1143 216 1181 P.
240 1143 292 1181 V.
317 1141 421 1180 satis
443 1143 615 1179 constat
638 1140 666 1189 ¹)
688 1139 867 1190 singulis
889 1137 1117 1176 dominicis
1139 1137 1294 1175 diebus
1315 1149 1443 1174 unam
1466 1136 1651 1174 italicam
1681 1141 1723 1172 et

97 1215 203 1253 duas
225 1213 496 1265 germanicas
517 1212 676 1249 habeat
699 1218 717 1236 a
739 1210 991 1248 conciones.
1024 1208 1202 1247 Latinae
1233 1221 1340 1246 uero
1374 1208 1722 1254 exhortationes,

99 1292 186 1324 tam
226 1284 410 1331 festiuis,
448 1296 575 1334 quam
610 1281 838 1320 dominicis
875 1280 1029 1318 diebus
1065 1279 1119 1317 ad
1159 1279 1456 1317 studiosorum
1493 1278 1724 1316 utilitatem

99 1356 210 1395 duae
241 1355 347 1393 fiunt
369 1355 411 1392 in
441 1354 606 1400 schola,
640 1352 812 1404 quando
841 1351 1014 1402 ipsimet
1045 1349 1229 1389 studiosi
1258 1363 1345 1388 non
1378 1349 1638 1388 declamant.
1673 1351 1724 1387 Et

98 1442 195 1468 cum
216 1441 296 1466 nos
318 1427 372 1465 ad
393 1432 555 1465 tantam
577 1437 766 1464 messem
798 1422 924 1462 ualde
945 1424 1070 1474 pauci
1102 1423 1250 1469 simus,
1287 1421 1461 1460 videtur
1484 1423 1603 1460 Deus
1634 1422 1723 1472 plu-

97 1513 168 1539 res
197 1498 433 1545 adducere,
466 1496 537 1547 qui
567 1497 652 1535 huc
682 1496 817 1546 recipi
848 1495 1138 1533 uehementer
1170 1493 1437 1532 desiderant.
1473 1494 1537 1531 Ex
1569 1493 1725 1544 quibus

99 1571 188 1610 itali
210 1577 300 1609 tres
322 1568 515 1620 suscepti
544 1567 739 1606 nondum
760 1572 873 1613 sunt,
897 1567 969 1618 qui
990 1565 1095 1604 loris
1119 1566 1249 1603 etiam
1274 1577 1320 1603 se
1342 1566 1401 1603 ita
1422 1564 1629 1616 religiose
1652 1578 1726 1615 ge-

98 1647 211 1688 runt,
244 1645 290 1680 ut
319 1653 488 1679 summo
524 1652 648 1678 sacro
685 1638 840 1677 diebus
871 1637 1100 1676 dominicis
1129 1649 1216 1674 non
1248 1636 1399 1683 uelint,
1432 1636 1724 1687 quamtumuis

98 1712 401 1764 impediantur,
425 1712 582 1750 abesse
605 1711 770 1760 absque
789 1721 998 1760 expressa
1015 1709 1067 1746 R.
1093 1709 1139 1745 P.
1161 1708 1361 1745 Rectoris
1378 1706 1601 1745 facultate.
1623 1707 1725 1756 Qui-

100 1785 196 1822 dam
215 1796 320 1822 uero
343 1795 576 1834 germanus
598 1781 842 1819 rhetorices
864 1780 1087 1819 studiosus
1110 1784 1315 1828 receptus
1333 1784 1415 1824 est,
1439 1790 1569 1829 quem
1590 1778 1725 1816 totius

100 1856 278 1895 scholae
312 1860 491 1893 nostrae
526 1853 807 1904 praecipuum
838 1853 959 1903 quasi
993 1853 1146 1890 florem
1182 1865 1269 1890 non
1305 1849 1493 1888 absurde
1524 1849 1724 1896 dixerim,

100 1926 218 1978 quod
239 1930 446 1965 coeteros
469 1923 793 1974 condiscipulos
813 1935 965 1961 omnes
988 1922 1251 1968 eruditione,
1275 1922 1441 1972 pietate
1464 1926 1594 1971 atque
1617 1920 1726 1959 doti-

99 2001 180 2037 bus
200 2004 288 2037 tam
309 1996 439 2036 animi
459 2009 587 2046 quam
609 1995 804 2046 corporis
828 1995 1050 2034 excellere
1073 1994 1275 2032 uideatur
1297 1995 1323 2031 ².

152 2080 190 2118 3.
251 2068 381 2119 Quod
403 2080 510 2106 uero
533 2067 587 2106 ad
608 2067 818 2106 maiorem
840 2067 1087 2105 uocationis
1117 2071 1294 2104 nostrae
1325 2076 1607 2115 progressum
1629 2063 1724 2101 atti-

99 2146 190 2189 net,
215 2145 261 2179 ut
282 2151 440 2190 magno
463 2139 676 2177 hactenus
698 2138 918 2177 desiderio
943 2137 1281 2176 constitutiones
1304 2135 1539 2174 Societatis
1561 2134 1614 2173 ab
1638 2147 1726 2171 om—

99 2213 225 2251 nibus
247 2211 524 2251 desideratae
546 2210 735 2257 fuerunt,
760 2211 820 2248 ita
848 2222 986 2260 nuper
1007 2221 1091 2247 nec
1119 2209 1284 2259 absque
1307 2205 1513 2258 singulari
1537 2207 1725 2244 omnium

102 2283 407 2323 consolatione
429 2288 530 2321 sunt
550 2283 635 2320 huc
656 2281 811 2320 allatae
833 2281 862 2328 ³3
890 2286 1020 2332 atque
1051 2281 1134 2319 iam
1165 2279 1341 2318 veneris
1377 2279 1530 2317 diebus
1560 2278 1726 2316 illarum

103 2369 287 2394 examen
308 2368 332 2393 a
353 2356 400 2393 R.
426 2355 472 2392 P.
499 2354 693 2392 Rectore
715 2366 812 2391 cum
834 2352 1033 2390 doctrina
1055 2352 1179 2389 simul
1202 2351 1435 2389 christiana
1455 2361 1537 2387 nec
1559 2349 1727 2387 minore

148 2510 167 2529 a
217 2510 370 2548 Praec.
391 2521 428 2547 v.
452 2514 589 2556 supra
608 2519 716 2545 verS.
739 2506 892 2544 eadem
913 2517 1066 2543 manu.

152 2644 160 2663 ¹
211 2641 257 2678 In
275 2654 369 2679 arce
388 2641 472 2688 ipse
491 2640 536 2677 P.
559 2638 811 2686 sslyssemius
827 2637 1050 2675 contionari
1069 2637 1240 2674 solebat.

149 2702 162 2722 ²
212 2701 255 2738 In
277 2701 485 2747 «catalogo
505 2699 675 2736 fratrum
703 2696 966 2744 pragensium
992 2709 1064 2744 pro
1092 2709 1230 2734 mense
1259 2694 1459 2733 Nouemb.
1489 2696 1582 2732 anni
1617 2694 1726 2731 1560»

105 2761 204 2805 (cod.
227 2760 367 2797 Germ.
390 2759 478 2800 131,
496 2759 520 2796 f.
542 2758 626 2803 307)
645 2761 882 2795 recensetur
903 2755 1133 2803 ‹Casparus
1154 2755 1367 2802 Meringer
1396 2767 1628 2802 germanuS,
1663 2767 1727 2791 no-

104 2820 293 2857 uitius...»
317 2818 368 2855 Et
386 2818 425 2855 in
445 2819 632 2865 catalogo
653 2816 830 2854 ineuntis
845 2815 1030 2862 januarii
1054 2815 1141 2853 1562
1168 2816 1308 2861 (llud,
1337 2815 1379 2854 ff.
1407 2815 1477 2853 312
1507 2814 1611 2861 sqq.)
1637 2813 1728 2849 dici·

102 2884 181 2916 tur:
213 2877 393 2924 «Caspar
419 2876 632 2923 Mei-inger
659 2875 858 2919 Bauarus,
881 2887 1078 2911 annorum
1099 2874 1154 2919 19,
1176 2880 1366 2922 parentes
1386 2874 1521 2911 habet.
1542 2872 1585 2909 In
1606 2872 1725 2909 socie·

105 2943 189 2976 tate
209 2948 280 2984 per
298 2949 450 2974 annum
470 2942 510 2974 et
529 2936 773 2973 medium...»

150 2997 163 3017 ³
214 2995 535 3033 Constitutiones
554 2993 770 3032 societatis
783 2993 883 3040 Jesu
902 2993 1075 3039 primum
1094 2993 1251 3031 Romae
1270 2993 1376 3041 typis
1395 2994 1616 3039 impressae
1637 3000 1728 3030 sunt

105 3068 211 3093 anno
233 3054 321 3092 1558
337 3075 347 3080 -
366 3053 466 3092 1559.
