2038 3400
335 241 405 280 282
826 240 1046 280 LirrznAE
1072 241 1431 288 QUADRIMESTRES

293 346 460 384 dorum
481 358 708 391 versuum,
734 344 994 385 rudimenta
1013 358 1191 397 graeca
1215 344 1261 384 in
1275 345 1380 397 fine
1402 344 1528 392 anni,
1557 347 1603 383 vt
1622 342 1920 383 studiosiores

291 415 696 468 diligentioresque
718 414 765 453 in
784 415 993 466 primam
1014 417 1201 456 classem
1220 416 1395 467 possint
1412 415 1639 468 migrare,·
1665 415 1711 453 in
1726 416 1787 453 2³⁴
1808 416 1919 454 cla-s-

289 501 333 527 se
355 489 611 527 enarratur
638 495 723 526 2.²1'⁵
756 486 992 534 Aeneidos,
1018 487 1171 527 oratio
1197 487 1287 527 Cic.
1309 490 1398 538 pro
1421 499 1529 539 rege
1559 486 1796 533 Deiotaro,
1815 489 1919 538 pro-

286 562 527 611 ponuntur
558 558 821 599 rudimenta
846 559 1111 607 rhetorices,
1138 559 1358 599 Clenardi
1375 557 1695 611 grammatica
1718 561 1757 598 et
1779 558 1921 597 dialo-

292 630 349 683 gi
370 631 569 671 Luciani
590 629 783 671 alternis
804 630 974 677 diebus‚·
995 630 1040 670 in
1057 630 1214 682 prima
1237 632 1418 670 tandem
1439 632 1591 670 exacte
1613 629 1861 670 rhetorices
1882 633 1921 670 et

290 716 492 755 graecae
530 703 721 754 linguae
756 703 967 754 precepta
1010 704 1281 748 truchintum·
1317 715 1369 741 ac
1408 703 1449 740 in
1491 702 1704 749 omnibus,
1746 707 1921 753 praeter

292 788 419 826 quam
441 775 483 813 in
501 774 662 813 vltima
683 781 717 821 a,
741 774 1096 825 praescribuntur
1114 774 1323 813 idiomata
1340 774 1412 812 vel
1430 775 1626 812 themata
1640 786 1718 825 pro
1737 773 1921 825 discipu-

290 847 430 885 lorum
448 851 591 897 captu,
611 858 722 897 quae
741 846 874 885 latine
894 852 1174 897 componant.
1196 848 1436 884 Praeterea
1457 846 1637 897 singulis
1654 845 1810 884 diebus
1827 846 1920 884 sab-

289 918 379 957 bati
401 918 442 956 in
465 918 764 969 superioribus
787 918 997 956 classibus
1018 918 1215 970 priuatae
1234 918 1458 958 orationes
1479 918 1695 956 habentur
1712 917 1767 957 de
1788 917 1919 957 laudi-

289 991 369 1027 bus
393 989 463 1028 vel
485 989 695 1028 virtutum
712 990 784 1027 vel
806 989 1046 1037 literarum,
1068 993 1111 1028 et
1129 990 1243 1028 solet
1259 994 1522 1041 praeceptor
1541 1002 1639 1028 eum
1657 990 1730 1040 qui
1748 991 1921 1042 elegan-

290 1061 374 1100 tius
397 1066 441 1099 et
464 1061 686 1112 copiosius
722 1062 858 1100 verba
879 1061 1000 1109 fecit,
1023 1062 1197 1113 publice
1219 1061 1412 1100 laudare.
1437 1060 1563 1100 Initio
1595 1063 1712 1100 veris
1746 1063 1920 1113 publice

289 1134 456 1185 aliquot
490 1133 508 1157 b
544 1131 741 1184 discipuli
759 1133 924 1183 primae
948 1133 1097 1172 classis
1119 1133 1205 1171 bini
1229 1134 1365 1172 verba
1386 1133 1602 1182 fecerunt,
1627 1134 1736 1172 alter
1772 1135 1921 1173 carmi-

289 1217 359 1252 ne,
383 1204 493 1243 alter
516 1203 716 1243 oratione
738 1205 896 1243 soluta.

348 1286 408 1326 15.
470 1278 709 1315 Praeterea
730 1278 970 1315 constituta
991 1277 1116 1316 fuere
1136 1277 1307 1328 priuata
1327 1279 1521 1329 praemia
1541 1278 1582 1316 in
1614 1278 1795 1329 singulis
1817 1279 1922 1316 clas-

289 1349 410 1387 sibus
432 1347 656 1400 discipulis
679 1348 1046 1400 diligentioribus,
1071 1362 1182 1400 quae
1206 1349 1308 1388 licet
1330 1349 1459 1397 leuia,
1483 1350 1642 1401 quippe
1664 1362 1775 1401 quae
1799 1363 1923 1389 coro-

289 1433 371 1459 nae
390 1421 462 1460 vel
484 1421 662 1459 laureae
681 1420 751 1458 vel
775 1432 949 1468 roseae,
974 1419 1190 1459 reddebat
1212 1426 1359 1459 tamen
1380 1421 1564 1460 honoris
1583 1425 1626 1459 et
1648 1421 1815 1473 gloriae
1836 1427 1923 1460 stu-

289 1493 406 1531 dium
447 1493 599 1544 grauia
640 1497 683 1530 et
723 1493 933 1543 pretiosa:r
977 1497 1099 1530 erant
1141 1491 1253 1530 enim
1296 1493 1459 1531 classes
1501 1498 1681 1532 ornatae
1718 1499 1763 1532 et
1802 1494 1923 1532 locus

289 1565 644 1603 constituebatur
681 1563 883 1602 omnibus
919 1564 1196 1615 conspicuus,
1236 1563 1308 1602 vbi
1343 1563 1558 1603 sedebant
1592 1565 1741 1604 laurea
1775 1565 1923 1604 donati

288 1636 493 1687 quamdiu
525 1636 594 1674 alii
626 1634 919 1687 disputabant.
954 1635 1166 1674 Solebant
1197 1635 1355 1674 adesse
1388 1637 1434 1674 P.
1459 1636 1627 1675 Doctor
1649 1637 1811 1676 Torres
1848 1638 1854 1656 ¹
1880 1643 1923 1675 et

293 1710 335 1746 P.
362 1713 509 1747 rector
530 1712 543 1732 ¹
566 1714 610 1746 et
633 1707 829 1746 nonnulli
850 1708 920 1746 alii
944 1709 1098 1747 Patres
1120 1713 1164 1746 et
1186 1707 1358 1755 fratres,
1378 1720 1463 1759 quo
1486 1708 1615 1747 valde
1644 1709 1827 1748 iuuenes
1847 1709 1922 1747 ho-

288 1780 406 1819 noris
424 1779 663 1831 cupiditate
681 1779 1053 1818 accendebantur.
1080 1780 1169 1818 Iam
1186 1792 1293 1817 uero
1316 1780 1509 1831 praemia
1532 1781 1686 1819 victori
1703 1780 1920 1828 tradebat,

288 1851 521 1902 proferens
552 1851 729 1901 aliquod
767 1849 1048 1902 epigramma,
1072 1851 1281 1901 puerulus
1303 1850 1423 1889 cultu
1445 1851 1638 1902 eleganti
1661 1857 1704 1889 et
1727 1852 1923 1890 vestibus

289 1928 483 1961 ornatus.
510 1924 616 1961 Post
636 1922 748 1961 haec
769 1921 930 1960 deinde
951 1920 1122 1972 priuata
1150 1922 1359 1973 praemia,
1383 1922 1598 1973 quaedam
1628 1923 1802 1974 publica
1823 1935 1923 1962 con-

288 1996 440 2034 stituta
461 2000 576 2042 sunt3
602 1999 781 2033 ornatus
803 1995 884 2033 fuit
915 1994 1051 2033 maior
1083 2000 1128 2032 et
1159 2007 1400 2033 concursus
1430 1995 1536 2032 item
1566 1995 1841 2034 literatorum
1864 1997 1922 2034 vi—

288 2080 449 2106 rorum.
475 2066 599 2106 Inter
620 2079 730 2117 qnos
753 2065 904 2118 affuit
925 2065 981 2105 D.
1006 2064 1242 2104 Martinus
1263 2066 1449 2112 Perera,
1474 2078 1743 2105 aeconomus
1760 2066 1815 2105 D.
1836 2067 1922 2105 An-

288 2138 405 2178 tonii
433 2137 674 2190 principis.
712 2138 823 2177 Cum
858 2136 990 2190 igitur
1027 2149 1180 2176 omnes
1215 2136 1435 2176 silentium
1469 2137 1681 2185 facerent,
1702 2136 1876 2188 quidam
1900 2152 1921 2175 e

288 2216 502 2262 suggestu
538 2210 666 2248 solita
704 2209 905 2248 oratione
941 2208 1090 2248 dicere
1127 2209 1290 2260 coepit.
1328 2209 1435 2247 Post
1472 2209 1716 2247 orationem
1750 2208 1922 2260 publice

291 2283 435 2321 vocati
471 2285 571 2320 sunt
608 2282 680 2332 qui
716 2281 883 2332 premia
923 2281 1094 2319 solutae
1131 2280 1341 2319 orationis
1377 2281 1418 2318 in
1457 2281 1647 2331 quinque
1687 2281 1924 2332 gymnasiis

290 2353 434 2392 meriti
454 2353 595 2400 fuere,
622 2359 666 2391 et
688 2351 839 2391 donati
874 2357 973 2390 sunt
1003 2351 1180 2403 premiis
1211 2365 1235 2390 a
1269 2351 1458 2401 quodam
1479 2365 1617 2402 puero
1640 2352 1743 2390 satis
1766 2353 1807 2390 et
1838 2352 1923 2390 ele-

289 2430 444 2477 ganter
476 2431 519 2464 et
550 2425 738 2464 honeste
772 2429 943 2472 ornato,
967 2424 1037 2475 qui
1070 2424 1250 2475 singulis
1281 2424 1452 2475 singula
1483 2424 1796 2475 epigrammata
1827 2437 1922 2462 cum

289 2499 378 2537 sale
397 2499 626 2536 recitabat.
648 2498 771 2535 Haec
790 2496 1048 2547 subsequuti
1070 2503 1169 2534 sunt
1186 2496 1360 2547 quidam
1379 2496 1516 2543 chori,
1536 2496 1608 2547 qui
1626 2496 1748 2534 suaui
1764 2509 1923 2534 vocum

289 2576 509 2609 concentu
540 2569 717 2621 saphica
737 2568 953 2620 quaedam
985 2568 1293 2623 concinebant.
1317 2568 1487 2607 Eodem
1519 2566 1650 2607 modo
1681 2572 1825 2606 actum
1858 2574 1924 2606 est

288 2643 327 2680 in
364 2642 568 2692 praemiis
591 2641 801 2680 orationis
831 2652 1021 2691 graecae
1045 2645 1088 2677 et
1119 2639 1335 2678 carminis.
1360 2639 1469 2677 Tum
1493 2638 1657 2677 dimissi
1679 2645 1778 2677 sunt
1806 2637 1923 2677 audi·

288 2719 410 2751 tores
431 2710 619 2763 quodam
644 2712 975 2763 epigrammate.

334 2863 354 2883 a
404 2875 466 2901 ea.
521 2863 587 2888 —b
610 2861 758 2909 Supra
778 2872 888 2899 vers.

337 3009 347 3029 ¹
399 3007 445 3045 P.
472 3006 649 3044 Michael
668 3006 833 3051 Torres,
854 3005 1126 3054 provincialis.

336 3068 349 3088 ²
401 3067 510 3105 Vide
530 3065 713 3104 inferius.
