2038 3400
577 283 905 322 399.—C0L0N1A
930 284 954 320 5
983 283 1173 320 Ant-‚usn
1204 282 1294 320 1560
1638 281 1703 317 711

882 426 993 477 599

533 551 584 596 Ρ.
640 551 676 595 L
688 551 868 596 BONA
881 550 1060 596 RDUS
1094 548 1357 595 KESSEL

635 674 813 700 co[.0N1A
837 665 860 699 ὃ
888 673 1066 700 Aue-{usn
1096 661 1185 699 1560
1213 663 1235 698 ¹.

128 764 386 804 Domestica
417 764 659 815 disciplina
690 764 827 815 viget.
863 763 1105 804 Societatt's
1139 763 1379 804 candidati
1413 763 1560 802 mulli.
1601 763 1752 802 Socio-

209 843 310 869 rum
332 832 371 869 et
388 829 698 869 convictorum
715 843 944 869 numerus.
965 830 1243 869 Litterariae
1260 829 1618 869 exercitationes
1643 829 1753 869 Con-

207 896 349 935 tiones
371 897 429 933 ad
445 896 679 945 populum.
708 896 769 934 De
789 898 913 934 stain
938 895 1215 935 Germaniae
1237 895 1429 946 afflicto.

181 1006 208 1049 †
250 1004 339 1040 Pax
361 1002 538 1040 Christi.
565 1002 659 1040 R.de
682 1003 721 1040 in
758 1004 831 1041 Xst
865 1005 931 1041 Pr.
965 1003 1108 1052 Offieij
1139 1003 1276 1052 nostrj
1310 1015 1529 1041 memores
1560 1016 1612 1041 ea
1641 1015 1754 1041 nunc

127 1074 368 1119 scribimus,
393 1085 503 1123 quae
524 1074 724 1124 proximo
745 1075 841 1124 Julij
866 1087 1017 1112 mense
1041 1075 1227 1112 decurso
1250 1074 1321 1112 hic
1341 1080 1437 1112 acta
1460 1080 1572 1112 sunt.
1598 1075 1649 1112 Et
1672 1075 1753 1125 pri-

128 1159 243 1183 mum
267 1145 456 1183 omnium
478 1157 532 1182 ne
555 1146 605 1182 V.
632 1146 678 1182 R.
706 1146 751 1182 P.
778 1146 921 1183 multis
943 1159 1103 1193 morer,
1127 1159 1151 1183 a
1173 1146 1427 1184 domesticis
1449 1146 1602 1184 ducam
1628 1159 1753 1185 exor-

126 1216 258 1255 dium.
296 1216 451 1267 Neque
489 1221 556 1254 est
593 1229 700 1266 opus
723 1229 774 1254 ea
810 1230 977 1255 rursum
1011 1230 1357 1256 commemorare
1387 1230 1499 1268 quae
1521 1219 1754 1268 postremis

126 1286 180 1325 ad
202 1288 252 1325 V.
278 1288 326 1325 R.
351 1288 488 1325 literis
510 1287 775 1337 scripsimus,
800 1286 925 1325 nullis
961 1286 1173 1339 siquidem
1196 1289 1237 1325 in
1260 1289 1389 1326 rebus
1425 1288 1540 1326 facta
1571 1294 1639 1326 est
1669 1289 1754 1326 ulla

129 1359 327 1404 mutatio,
353 1358 431 1395 sed
454 1371 507 1396 eo
530 1371 615 1408 quo
641 1358 808 1408 singula
831 1365 930 1396 sunt
950 1358 1147 1396 instituta
1170 1358 1338 1405 ordine,
1362 1372 1488 1408 quam
1523 1373 1754 1410 possumus

127 1430 314 1468 maxime
351 1434 393 1467 et
430 1429 622 1478 uiuendj,
662 1435 705 1467 et
742 1429 929 1478 docendj
971 1430 1185 1468 rationem
1224 1432 1541 1481 persequimur.
1584 1430 1750 1483 Singulj

128 1501 343 1552 susceptis
368 1501 619 1539 muneribus
636 1513 688 1538 ac
705 1501 861 1550 officijs
879 1502 960 1539 rite
977 1502 1231 1552 funguntur,
1250 1504 1413 1553 regulis
1431 1516 1536 1541 uero
1555 1504 1751 1554 (quarum

125 1571 463 1623 explicationem
486 1572 784 1622 superioribus
814 1572 1074 1610 audiuerunt
1105 1574 1346 1623 mensibus)
1376 1586 1475 1611 sese
1509 1575 1751 1625 obsequen-

122 1648 190 1680 tes
212 1655 369 1693 magno
392 1642 536 1680 studio
562 1642 771 1680 exhibere
796 1642 1082 1681 contendunt.
1109 1644 1256 1682 Bonus
1278 1650 1423 1682 autem
1443 1645 1552 1682 odor
1575 1645 1749 1696 collegij

751 1714 769 1731 a

122 1714 255 1764 longe
286 1715 464 1762 lateque
495 1713 630 1759 susm,
664 1713 721 1750 ita
800 1714 959 1751 multos
989 1713 1031 1751 in
1061 1714 1393 1753 admirationem
1423 1716 1569 1762 traxit,
1601 1722 1647 1754 ut
1668 1717 1753 1754 huc

125 1797 223 1822 sese
246 1784 415 1835 plurimj
441 1784 734 1822 addiscendae
758 1784 934 1834 pietatis
965 1790 1009 1823 et
1039 1785 1262 1823 literarum
1293 1786 1437 1824 studio
1470 1787 1749 1825 contulerint.

122 1855 232 1893 Sunt
262 1855 458 1906 plerique
492 1855 801 1893 adolescentes
832 1855 1066 1893 mediocris
1097 1856 1271 1906 quidem
1308 1857 1525 1904 fortunae,
1562 1858 1752 1907 pulchris

122 1933 267 1965 tamen
288 1931 469 1965 naturae
492 1926 667 1965 dotibus
689 1926 896 1978 insignitj,
919 1927 989 1978 quj
1013 1927 1067 1965 ad
1088 1928 1324 1967 Societatis
1342 1930 1586 1967 institutum
1608 1929 1750 1967 animo

122 1998 326 2048 propensi
345 2010 443 2035 esse
461 1997 679 2044 uidentur,
704 1999 745 2035 in
767 1998 922 2048 quibus
944 2005 1043 2036 sunt
1063 2001 1227 2049 nonullj
1251 2002 1470 2051 germanis
1494 2001 1576 2050 ortj
1599 2014 1751 2052 paren-

124 2069 253 2107 tibus.
279 2070 445 2107 Horum
468 2083 593 2115 unus,
617 2070 757 2107 forma
777 2070 964 2107 honesta
986 2075 1029 2108 et
1051 2071 1234 2120 liberan,
1265 2076 1518 2122 staturaque
1548 2085 1748 2123 procera,

123 2141 286 2191 optime
316 2139 369 2178 ad
402 2141 640 2179 Societatis
671 2140 920 2178 functiones
951 2141 1152 2189 affectus,
1186 2142 1272 2181 hoc
1297 2155 1410 2181 anno
1432 2142 1474 2180 in
1497 2143 1749 2194 magistrum

121 2211 275 2249 artium
311 2217 553 2262 promotus,
589 2212 802 2260 Societatj
840 2224 940 2250 sese
975 2213 1060 2250 hoc
1095 2213 1188 2262 ipso
1225 2227 1374 2252 mense
1412 2215 1690 2252 consecrauit
1721 2216 1747 2252 ².

165 2349 185 2368 a
234 2348 289 2385 ita
308 2353 446 2394 supra
466 2360 574 2386 vers.

170 2488 177 2506 ¹
231 2485 293 2523 Ex
311 2487 500 2533 originali
520 2487 559 2522 in
579 2487 663 2523 eod.
684 2486 823 2523 Germ.
846 2486 939 2528 142,
960 2486 984 2523 f.
1010 2487 1088 2533 1633
1110 2489 1218 2534 prius
1238 2488 1303 2525 118
1319 2488 1415 2532 (104)
1449 2489 1643 2536 Magnam
1661 2492 1748 2539 ejus

122 2552 278 2592 partem
298 2545 421 2582 edidit
443 2545 629 2588 Ι-ΙΑΝΞΕΝ,
651 2547 675 2581 l.
698 2558 747 2589 c.‚
767 2545 838 2582 358
852 2566 868 2572 -
883 2545 964 2582 359.

168 2605 181 2624 ²
232 2604 410 2642 Michael
430 2604 645 2651 Schilling.
668 2612 709 2641 ut
730 2606 885 2642 eruitur
912 2619 961 2642 ex
988 2606 1175 2652 catalogo
1203 2607 1365 2655 collegii
1393 2620 1482 2645 cum
1512 2609 1572 2645 his
1604 2609 1748 2646 litteris

121 2666 294 2702 Romam
325 2666 458 2702 misso.
488 2665 561 2701 Ait
593 2665 712 2701 enim:
748 2666 825 2701 ‹M.
858 2665 1035 2702 Michael
1055 2665 1336 2714 Schyllingius
1356 2668 1626 2713 Molliusinus,
1647 2669 1749 2707 Ger-

121 2738 264 2762 manus
284 2737 332 2761 ex
352 2725 500 2761 diocesi
521 2724 843 2770 moguntinensi,
865 2726 937 2761 hoc
965 2738 1069 2762 anno
1097 2733 1302 2771 promotus
1330 2733 1402 2768 est.
1432 2728 1593 2765 biennio
1621 2730 1746 2766 nobis*

121 2797 209 2821 cum
227 2784 436 2830 habitauit3
457 2784 573 2820 huius
593 2785 838 2821 mentionem
860 2786 898 2821 in
918 2784 1047 2822 literis
1062 2786 1161 2822 meis
1179 2786 1269 2831 feci;
1291 2787 1339 2824 ad
1355 2788 1487 2824 omnia
1510 2788 1667 2825 videtur
1685 2802 1748 2826 ac-

120 2844 364 2885 commodus.
385 2844 489 2880 bene
508 2843 666 2880 dotatus
685 2844 953 2887 naturalibus,
975 2845 1169 2892 egregius
1188 2847 1347 2884 videtur
1366 2847 1523 2884 futurus
1542 2850 1747 2886 conciona-

120 2909 194 2944 tor.
216 2915 341 2939 annos
359 2903 482 2940 habet
500 2903 557 2947 20.
580 2903 707 2950 primo
724 2904 902 2950 Augusti
923 2903 1018 2941 fecit
1036 2910 1173 2943 votum
1188 2906 1446 2951 scholarium,
1463 2907 1633 2944 diversis
1648 2914 1747 2945 tem<

120 2963 282 3009 poribus
301 2962 504 3000 institerat
523 2963 659 3000 multis
680 2963 909 3009 lachrymis,
929 2968 970 3000 vt
984 2963 1058 3001 hoc
1073 2965 1202 3011 ipsum
1219 2966 1255 3003 ei
1271 2966 1426 3009 liceret,
1443 2966 1514 3004 sed
1530 2973 1745 3014 antequam

122 3022 158 3069 ej
186 3021 416 3058 absolutum
442 3033 680 3068 responsum
699 3021 914 3066 dedissem,
934 3023 1013 3059 iam
1031 3022 1222 3060 fecerat».
1244 3024 1290 3062 In
1307 3025 1392 3062 cod.
1416 3025 1553 3063 Rhen.
1576 3025 1654 3071 inf.
1676 3025 1745 3071 37,

124 3081 150 3120 f.
170 3081 238 3117 9v.
261 3078 448 3122 Ι-ΙΑΝΞΕΝ,
470 3080 495 3117 l.
517 3092 566 3125 c.‚
587 3079 653 3116 361
673 3079 763 3125 (16).
