2038 3400
359 265 428 304 642
826 260 1048 298 LITTERAE
1075 258 1431 304 Qummunsmzs

1079 487 1189 538 377

1050 612 1108 658 N.
1147 611 1206 657 N.

847 736 1045 763 LAURETO
1075 725 1117 762 12
1143 733 1238 771 MAJI
1268 722 1358 759 1560
1386 723 1410 758 ¹.

316 834 345 871 1.
372 830 612 882 Beneficia
632 828 904 881 spiritualia
927 841 954 866 a
978 828 1069 866 Deo
1095 827 1141 864 in
1163 825 1324 875 templo
1347 824 1592 862 lauretano
1624 821 1791 860 collata
1819 833 1952 870 gene-

401 898 543 936 ratim
579 891 1174 935 commemorantur.—2-5.
1214 890 1533 939 Quorumdam
1569 885 1954 927 conversiones.—

400 963 489 1002 6-8.
528 962 656 1002 Socii
692 975 717 1000 a
755 960 918 1000 vicinis
948 958 1134 1011 populis
1170 955 1352 1007 expetiti
1385 954 1617 1006 plurimos
1642 952 1834 1004 fructus
1868 952 1954 990 col-

400 1028 734 1081 ligant—942.
774 1027 1007 1065 Miracula
1039 1024 1339 1063 intercedente
1361 1022 1415 1060 Β.
1450 1021 1491 1059 V.
1517 1019 1674 1058 Maria
1691 1019 1955 1069 patrata.—

400 1094 454 1134 13.
481 1094 726 1133 Sociorum
747 1106 980 1132 numeras.
1003 1088 1287 1130 Domesticae
1308 1087 1515 1126 virtutes.
1536 1083 1818 1124 Litterariae
1835 1095 1955 1122 exer-

401 1160 654 1200 citationes,
686 1161 826 1199 Paces
854 1157 1047 1197 Lazcreti
1075 1153 1350 1195 initae—14.
1374 1150 1578 1192 Admissi
1597 1150 1647 1190 in
1668 1149 1953 1189 Societatem.

405 1226 670 1266 Candidati.

381 1347 415 1374 Ι.
478 1337 629 1375 Gratla
652 1340 696 1373 et
717 1347 801 1386 pax
823 1335 942 1385 Xpri.
979 1339 1065 1371 etc.
1089 1331 1260 1370 Statum
1291 1329 1419 1367 nobis
1453 1324 1674 1365 scribendi
1695 1330 1867 1374 tempus
1889 1322 1961 1360 ad-

325 1408 461 1454 uenit,
485 1407 721 1445 admodum
744 1406 841 1444 Rde
862 1405 904 1443 in
924 1406 1060 1456 Xpro.
1086 1405 1172 1450 Pr.‚
1193 1415 1278 1453 quo
1300 1400 1449 1452 paucis
1468 1411 1519 1436 ea
1537 1402 1636 1436 sunt
1654 1394 1958 1440 describenda,

324 1493 407 1530 que
431 1478 484 1516 ad
508 1479 589 1517 Dei
612 1478 784 1516 laudem
808 1479 1131 1527 multorumque
1157 1473 1481 1512 edificationem
1504 1482 1583 1521 per
1614 1473 1790 1506 nostros
1826 1472 1960 1504 trans-

326 1557 423 1589 acta
452 1551 630 1589 fuerunt
664 1551 706 1588 in
741 1551 826 1588 hoc
858 1562 982 1587 sacro
1010 1548 1091 1586 Dei
1126 1545 1353 1598 genitricis
1390 1544 1505 1582 loco.
1529 1542 1699 1580 Vellem
1731 1545 1892 1585 tamen,
1916 1543 1963 1575 vt

327 1623 500 1673 saepius
522 1623 605 1660 iam
628 1623 815 1672 scriptae
835 1621 1009 1658 litterae
1031 1618 1303 1670 presentium
1325 1628 1470 1654 rerum
1493 1612 1788 1665 splendorem,
1814 1611 1849 1648 si
1868 1609 1963 1659 quis

328 1695 506 1733 tandem
530 1700 612 1741 est,
637 1706 724 1732 non
746 1694 994 1731 minuerent
1016 1696 1089 1729 aut
1121 1691 1429 1733 obscurarent,
1453 1698 1550 1724 cum
1580 1683 1837 1736 praesertim
1860 1681 1963 1718 mul-

328 1768 382 1805 tis
405 1767 544 1805 minus
567 1768 737 1817 placeat
761 1765 962 1803 similium
993 1776 1138 1801 rerum
1160 1763 1320 1799 iterata
1342 1756 1720 1797 commemoratio.
1750 1753 1963 1792 Existimo

328 1846 476 1878 tamen
497 1851 567 1877 me
591 1839 851 1888 scripturum
876 1849 940 1883 ea,
965 1847 1078 1886 quae
1098 1834 1179 1884 piis
1202 1832 1354 1871 animis
1378 1831 1509 1869 etiam
1532 1829 1682 1867 decies
1704 1828 1769 1877 (vt
1798 1825 1870 1863 ille
1905 1825 1965 1862 in-

328 1913 419 1962 quit
441 1912 471 1961 2)
493 1912 683 1961 repetita
706 1910 955 1961 placebunt.
983 1908 1127 1957 Quem
1150 1906 1264 1944 enim
1286 1917 1373 1942 non
1392 1902 1588 1940 delectet
1608 1912 1660 1938 ea
1689 1898 1855 1945 audire,
1881 1908 1965 1947 que

330 1983 513 2020 mirabili
542 1983 709 2033 pietate
733 1987 776 2019 et
811 1980 982 2032 potenti
1019 1979 1182 2016 virtute
1219 1977 1260 2014 in
1291 1973 1520 2013 medendis
1551 1973 1785 2010 multorum
1816 1967 1967 2006 animis

330 2060 461 2104 atque
485 2054 743 2105 corporibus
768 2053 917 2091 effecit
941 2052 1108 2102 Regina
1137 2054 1291 2087 nostra
1321 2053 1412 2084 tum
1445 2043 1652 2095 singulari
1682 2054 1760 2080 suo
1782 2040 1967 2091 patroci-

330 2127 421 2172 nio,
446 2132 535 2163 tum
561 2126 691 2162 etiam
713 2130 965 2162 nostrorum
998 2124 1191 2165 Pati-um,
1216 2119 1259 2157 id
1292 2124 1373 2165 est,
1413 2113 1590 2166 collegii
1620 2114 1747 2151 huius
1776 2111 1967 2149 ministe-

333 2198 418 2235 rio?
441 2197 575 2235 Cuius
609 2196 821 2246 obsequio
846 2195 1054 2233 continuo
1076 2193 1211 2230 vtitur
1234 2190 1483 2228 Altissimus
1506 2192 1550 2225 et
1583 2186 1679 2235 ejus
1701 2196 1873 2234 semper
1895 2182 1969 2219 be·

332 2269 511 2307 nedicta
534 2270 672 2306 Mater
703 2268 745 2305 in
766 2265 1069 2318 impertiendis
1105 2262 1362 2302 mortalibus
1384 2272 1480 2298 rara
1515 2257 1702 2309 quedam
1733 2255 1968 2307 gratiarum

337 2346 380 2377 et
404 2341 613 2378 virtutum
637 2339 827 2378 omnium
859 2338 1133 2383 charismata,
1158 2340 1206 2373 vt
1226 2332 1547 2372 honorificetur
1579 2330 1698 2367 Deus
1720 2329 1858 2379 primo
1881 2326 1970 2376 qui-

337 2412 435 2450 dem
459 2412 499 2449 in
523 2412 664 2458 11013is‚
689 2424 800 2462 quos
823 2411 901 2448 sibi
936 2407 1163 2448 constituit
1196 2406 1418 2444 ministros
1442 2408 1485 2441 et
1508 2402 1836 2452 dispensatores
1857 2411 1970 2448 mys-

336 2484 547 2522 teriorum
582 2485 600 2501 ³
636 2484 716 2521 Dei
738 2486 767 2526 ³3
792 2481 951 2520 deinde
976 2481 1107 2519 etiam
1130 2480 1379 2517 innotescat
1400 2488 1477 2525 per
1501 2486 1581 2511 nos
1603 2485 1690 2510 non
1712 2471 1852 2509 solum
1874 2481 1970 2519 pro-

336 2557 507 2594 uinciae
529 2556 548 2579 b
570 2555 697 2592 huius
728 2555 898 2600 incolis,
940 2552 1018 2590 sed
1050 2550 1215 2589 exteris
1253 2549 1383 2587 etiam
1422 2545 1595 2598 populis
1627 2549 1670 2582 et
1704 2540 1967 2581 nationibus.

381 2700 401 2719 a
451 2698 727 2736 ministrorum
748 2707 827 2733 ms.
884 2696 947 2720 ——b
970 2692 1188 2740 prouinciis
1208 2702 1290 2728 ms.

385 2846 393 2865 ¹
447 2843 510 2880 Ex
548 2841 782 2888 apographo
821 2850 986 2882 coaevo,
1027 2835 1132 2883 quod
1175 2837 1413 2871 asservatur
1457 2830 1496 2866 in
1544 2828 1708 2866 archivo
1749 2823 1971 2864 coloniensi

338 2902 629 2949 (Stadtarchiv.
652 2899 790 2943 Koln),
813 2899 853 2935 in
872 2896 1019 2943 cod.s.
1036 2895 1083 2942 J
1109 2893 1205 2938 723,
1226 2892 1275 2937 ΙΙ,
1306 2891 1346 2928 ff.
1376 2890 1436 2935 68,
1468 2889 1525 2927 69.
1558 2888 1687 2925 Deest
1715 2885 1968 2932 subscriptio,

338 2964 409 3000 sed
429 2963 475 2999 P.
498 2960 701 3008 Raphaeli
721 2960 847 2996 Riera
866 2956 1081 2995 tribuenda
1101 2954 1276 2992 videtur.

386 3025 399 3043 ²
450 3022 632 3064 HORAT.‚
656 3021 747 3057 Art.
766 3019 900 3063 Pom,
921 3016 1003 3054 365.

387 3083 400 3102 ⁸
450 3081 467 3118 I
487 3082 609 3124 COR.,
630 3077 706 3123 IV,
732 3078 763 3115 l.
