2038 3400
339 220 408 258 382
806 222 1027 262 LITTERAE
1055 224 1405 271 QUADmMESTnEs

292 324 422 374 igitur
455 326 500 363 R.
527 326 573 363 P.
607 330 754 365 rector
784 332 936 366 noster
960 327 967 346 ¹
1000 328 1226 379 profectus
1258 328 1405 366 literas
1427 333 1529 366 tuae
1552 329 1598 366 R.
1625 330 1671 368 P.
1695 328 1749 366 ad
1778 327 1917 379 ipsum

292 396 521 435 consilium
543 397 598 435 de
629 398 711 437 hac
747 399 949 437 cessione
979 400 1128 450 paucis
1159 403 1260 437 ante
1292 399 1447 437 diebus
1478 403 1698 451 acceptas,
1727 413 1811 439 nec
1840 412 1917 451 per

292 467 424 504 R.‘¹¹¹m
447 468 750 517 coadiutorem
781 470 989 518 redditas,
1023 469 1216 517 tradidit3
1250 483 1389 521 eaque
1421 472 1557 510 uerba
1591 471 1772 519 addidit,
1806 484 1916 522 quae

291 551 367 588 pro
402 542 604 590 tempore
639 540 693 578 ad
723 541 993 592 purgandam
1023 541 1296 580 Societatem
1326 547 1505 593 propter
1536 544 1677 581 uarias
1700 543 1755 581 de
1778 555 1830 581 ea
1851 556 1916 581 su-

290 609 508 660 spiciones
542 618 795 663 conceptaS,
828 613 975 652 facere
1012 614 1288 652 uidebantur.
1314 614 1513 665 Benigne
1535 613 1594 653 illi
1625 619 1668 652 et
1698 615 1917 652 beneuole

291 680 524 720 admodum
562 682 900 734 responderunt,
937 697 1051 722 nunc
1085 698 1133 723 se
1169 685 1407 724 clarissime
1442 685 1679 724 Societatis
1713 686 1918 724 innocen-

290 752 392 791 tiam
432 755 702 805 perspicere,
746 768 852 806 quas
891 757 1150 795 habuissent
1185 757 1239 795 de
1277 770 1328 796 ea
1369 757 1640 808 suspiciones
1675 757 1916 808 deponere,

292 825 468 876 collegij
492 826 620 864 huius
651 839 872 866 memores
903 841 950 866 se
981 828 1168 876 futuros,
1195 835 1343 880 etqua
1372 834 1553 881 possent
1573 828 1844 867 humanitate
1876 834 1919 867 et

290 896 553 935 liberalitate
575 898 619 936 id
640 903 973 949 prosecuturos,
997 913 1047 938 ac
1063 913 1150 938 non
1172 901 1317 939 multis
1338 907 1438 952 post
1460 901 1630 948 diebus,
1655 910 1702 950 25
1719 914 1919 939 nummos

290 981 449 1007 aureos
471 967 587 1007 dono
611 970 787 1017 misere3
811 970 1021 1009 maiorem
1045 985 1255 1010 summam
1278 972 1459 1011 daturos
1480 985 1528 1010 se
1550 972 1684 1010 fuisse
1706 972 1919 1010 affirman-

292 1045 358 1077 tes
379 1040 461 1078 nisi
482 1041 697 1079 aerarium
719 1053 797 1091 per
818 1040 861 1079 id
891 1046 1065 1093 tempus
1087 1056 1255 1082 summa
1274 1044 1457 1094 penuria
1490 1043 1750 1083 laborasset.
1775 1043 1918 1094 Atque

292 1111 474 1149 odiosae
496 1112 623 1150 huius
659 1113 958 1151 contentionis
993 1114 1089 1152 finis
1126 1120 1171 1152 et
1207 1113 1350 1153 exitus
1384 1115 1454 1152 hic
1483 1113 1579 1162 fuit3
1614 1115 1920 1154 huiuscemodi

292 1181 485 1232 quidem,
511 1188 556 1221 ut
590 1188 634 1221 et
656 1184 728 1234 qui
750 1183 804 1222 de
836 1184 1064 1222 Societate
1095 1186 1387 1233 haesitabant,
1413 1186 1791 1233 confirmarentur,
1819 1185 1919 1223 alie-

289 1254 392 1302 nati,
425 1255 623 1305 plerique
654 1255 990 1304 reducerentur;
1022 1256 1137 1308 apud
1169 1270 1322 1296 omnes
1345 1257 1535 1308 denique
1566 1269 1686 1295 suam
1717 1257 1919 1296 Societas

289 1327 600 1365 auctoritatem
632 1332 846 1366 tueretur.
880 1326 948 1365 Ad
984 1328 1157 1366 scholas
1192 1342 1307 1367 nunc
1337 1329 1525 1376 veniam,
1558 1341 1650 1367 rem
1684 1328 1786 1366 huic
1805 1341 1918 1379 pene

289 1398 584 1436 coniunctam.

340 1480 378 1517 3.
438 1469 636 1507 Maximis
667 1470 914 1509 scholarum
935 1471 1148 1522 angustijs
1170 1477 1301 1510 antea
1320 1472 1640 1518 laborabamus,
1666 1477 1711 1508 ut
1732 1482 1919 1508 necesse

287 1540 417 1579 fuerit
447 1541 489 1579 in
524 1541 689 1592 aliquot
720 1554 895 1580 menses
925 1543 1051 1581 aliam
1087 1542 1339 1581 conducere
1371 1543 1563 1589 domum,
1597 1541 1712 1580 haud
1742 1542 1875 1592 longe
1897 1555 1921 1579 a

289 1613 479 1664 collegio
516 1612 726 1659 dissitam,
769 1626 882 1664 quae
919 1614 958 1652 ei
998 1613 1094 1652 usui
1129 1614 1391 1652 deseruiret.
1430 1615 1493 1652 Ea
1525 1615 1656 1665 igitur
1693 1625 1838 1660 causa,
1877 1619 1921 1650 et

288 1684 406 1736 quod
426 1684 543 1722 haud
564 1684 696 1722 dubie
718 1685 814 1723 fore
838 1686 1182 1729 existimabatur,
1206 1691 1251 1724 ut
1284 1698 1436 1724 omnes
1460 1685 1649 1724 ciuitatis
1670 1684 1921 1723 scholastici

288 1756 342 1795 ad
363 1769 443 1794 nos
466 1757 757 1804 confluerent,
788 1757 843 1796 de
875 1758 1131 1796 extruendis
1152 1757 1278 1796 nouis
1300 1757 1538 1809 gymnasijs
1559 1758 1601 1795 in
1622 1756 1811 1808 quodam
1835 1756 1921 1794 col-

288 1828 390 1879 legij
423 1827 621 1866 membro
653 1828 707 1866 ad
741 1828 785 1867 id
815 1828 943 1868 ualde
974 1830 1175 1880 apposito
1209 1834 1276 1868 est
1307 1829 1565 1881 cogitatum,
1589 1835 1720 1878 atque
1742 1833 1921 1866 strenue

288 1899 536 1938 aedificatio
574 1904 733 1952 coepta
773 1906 817 1938 et
856 1901 1075 1939 foeliciter
1112 1902 1317 1940 confecta
1344 1908 1376 1949 a,
1413 1913 1581 1939 summo
1613 1906 1736 1938 certe
1776 1899 1920 1937 studio

290 1971 419 2021 uicinj
458 1973 611 2020 nostri,
650 1973 729 2011 uiri
760 1973 933 2021 nobilis,
966 1974 1038 2024 qui
1068 1974 1259 2011 fabricae
1291 1973 1543 2024 praefectus
1575 1985 1672 2010 esse
1703 1971 1856 2018 uoluit,
1881 1971 1923 2009 in

287 2057 373 2094 quo
396 2057 596 2095 magnam
621 2044 714 2082 eius
735 2045 1094 2083 beneuolentiam
1119 2057 1224 2096 erga
1244 2058 1324 2084 nos
1346 2044 1664 2095 perspeximus,
1698 2044 1744 2081 In
1776 2056 1827 2081 ea
1849 2055 1921 2081 ex-

287 2116 508 2153 tructione
541 2121 583 2154 et
614 2116 772 2154 fratres
793 2116 932 2155 nostri
953 2117 1034 2167 ipsi
1055 2117 1309 2167 aegregiam
1331 2115 1563 2166 aliquando
1595 2127 1772 2166 operam
1793 2127 1922 2152 naua-

288 2191 400 2224 runt.
426 2186 534 2224 lllud
556 2185 731 2238 quidem
752 2200 860 2238 opus
882 2200 1009 2237 quam
1031 2188 1126 2225 Deo
1149 2192 1320 2239 gratum
1343 2187 1489 2233 fuerit,
1509 2187 1610 2225 hinc
1625 2199 1713 2224 non
1735 2186 1921 2224 obscure

288 2258 513 2306 conijcias,
538 2257 655 2309 quod
676 2259 800 2297 faber
822 2257 995 2308 quidam
1019 2258 1074 2296 de
1096 2259 1184 2297 alto
1217 2258 1452 2297 admodum
1475 2259 1573 2296 loco
1598 2257 1824 2305 decidens,
1850 2258 1920 2295 uix

289 2329 374 2367 ulla
394 2330 435 2367 in
458 2336 598 2380 parte,
625 2332 768 2369 Iesum
792 2331 936 2369 statim
959 2331 1222 2382 beatamque
1252 2331 1344 2369 eius
1374 2331 1556 2368 Matrem
1580 2342 1676 2368 cum
1698 2328 1923 2368 inclamas-

289 2405 371 2447 set,
395 2401 475 2439 nisi
497 2402 656 2440 leuiter
681 2402 876 2441 offensus
899 2407 982 2450 est,
1005 2402 1123 2452 quod
1145 2403 1198 2440 ab
1223 2401 1381 2440 eodem
1404 2402 1498 2452 ipso
1523 2407 1565 2440 et
1587 2401 1682 2450 alijs
1714 2401 1921 2439 miraculo

289 2473 478 2510 habitum
505 2479 588 2519 est3
613 2486 666 2512 eo
690 2474 843 2525 magis,
869 2473 987 2524 quod
1020 2479 1064 2511 et
1094 2474 1187 2524 ipse
1219 2486 1348 2524 super
1380 2486 1566 2512 aceruos
1595 2472 1783 2523 lapidum
1806 2471 1922 2510 deci-

289 2544 428 2592 derat,
454 2551 498 2583 et
521 2558 574 2583 ex
597 2546 685 2584 alto
709 2559 839 2597 super
863 2559 962 2584 eum
985 2545 1054 2595 alij
1079 2546 1239 2584 lateres
1270 2559 1357 2584 non
1387 2546 1513 2596 pauci
1538 2550 1809 2583 corruerant.
1833 2544 1922 2582 Vti-

288 2630 381 2655 mur
421 2630 535 2655 nunc
575 2629 677 2655 sane
719 2631 875 2669 magna
909 2619 1159 2657 scholarum
1195 2617 1524 2664 commoditate,
1563 2617 1655 2654 siue
1697 2616 1921 2654 laxitatem

290 2693 481 2740 spectes,
507 2701 603 2727 cum
627 2690 764 2727 tribus
788 2690 998 2728 classibus
1030 2700 1107 2728 200
1138 2695 1182 2728 et
1213 2701 1266 2727 eo
1299 2689 1481 2739 amplius
1504 2688 1599 2739 capi
1619 2687 1803 2738 possint,
1828 2687 1921 2724 siue

289 2761 419 2800 etiam
450 2760 568 2812 quod
599 2760 658 2799 ita
693 2767 791 2799 sunt
825 2762 1061 2800 coniuncta
1095 2761 1284 2811 collegio
1319 2766 1365 2798 ut
1401 2759 1575 2798 aliunde
1604 2765 1766 2805 tamen,
1796 2771 1922 2808 quam

335 2903 355 2922 ³
406 2908 479 2939 est.

340 3038 346 3056 ¹
401 3036 444 3073 P.
463 3034 598 3072 Guido
618 3035 768 3072 Roilet.
792 3035 856 3072 Cf.
873 3037 922 3072 de
942 3036 1016 3073 hac
1035 3049 1079 3073 re
1100 3036 1255 3073 Lainiz'
1270 3036 1480 3081 Monum.,
1498 3035 1572 3077 IV,
1593 3035 1675 3079 2³51,
1695 3033 1777 3071 509.
