2038 3400
526 263 909 301 365.—V1N00130NA
938 261 984 297 30
1017 261 1189 297 Amatis
1219 261 1307 296 1560
1612 260 1679 296 603

107 369 338 407 commodo
362 372 559 419 possunt,
585 369 833 404 conuocant
855 368 985 412 atque
1009 367 1221 413 cognatos
1259 369 1283 399 ¹.
1324 363 1522 398 Fatcmur
1558 362 1726 399 interim

105 454 190 478 non
226 440 384 477 deesse
418 438 489 488 qui
524 438 705 475 timeant
740 435 901 473 nostris
933 433 1148 478 confiteri,
1173 446 1225 470 ne
1250 432 1391 469 studia
1414 444 1489 468 sua
1510 432 1726 482 uitamque

104 518 350 549 anteactam
391 523 487 548 cum
528 507 782 546 melioribus
824 509 1107 545 commutare,
1146 509 1190 540 ct
1230 503 1282 541 ad
1324 503 1502 540 consilia
1542 503 1727 552 aspirare

106 582 363 633 euangelica
384 585 613 632 cogantur.
638 578 848 616 Obtinent
870 576 981 614 inter
1004 574 1084 612 alia
1105 574 1261 620 media,
1287 574 1440 623 quibus
1464 575 1502 610 in
1526 573 1728 623 colligen-

104 652 159 691 do
183 653 327 691 tritico
351 653 391 690 in
413 653 622 689 horreum
645 648 908 687 dominicum
932 647 1105 692 utimur,
1131 647 1272 683 locum
1296 645 1496 695 profecto
1519 658 1605 681 non
1640 645 1729 681 inti-

106 738 219 762 mum
246 723 503 774 euangelice
526 721 779 760 conciones.

159 806 196 833 2.
259 795 383 844 Quae
406 792 581 843 quidem
603 792 666 841 (ut
689 791 742 829 de
765 791 830 827 his
852 788 1011 839 aliquid
1033 787 1251 836 referam),
1274 786 1384 824 sicut
1415 792 1513 824 sunt
1548 787 1617 824 hic
1637 800 1730 836 per-

106 866 397 912 necessariae,
421 865 481 902 ita
497 875 672 914 quoque
693 862 800 899 fiunt
821 874 845 899 a
866 860 1025 899 nostris
1046 872 1133 897 non
1155 858 1468 908 infrequentes.
1494 859 1558 895 Ac
1575 859 1733 896 crescit

106 939 146 976 in
169 937 263 976 dies
284 937 530 976 auditorum
566 947 787 973 numerus.
822 932 1121 971 Ecclesiasten
1156 931 1244 981 agit
1280 930 1321 968 in
1357 929 1544 980 collegio
1581 935 1732 968 nostro

110 1012 158 1048 D.
197 1010 455 1048 Lambertus
489 1006 518 1053 ²3
555 1007 626 1056 qui
661 1006 695 1044 si
723 1009 892 1056 pergat,
926 1009 973 1041 ut
995 1003 1157 1053 coepit,
1182 1015 1268 1039 non
1290 1001 1535 1039 dubitamus
1557 1002 1657 1051 quin
1679 1002 1732 1039 (le

108 1083 341 1121 multorum
364 1081 416 1118 ad
439 1091 587 1117 ueram
613 1083 655 1115 et
677 1070 895 1127 antiquam
918 1075 1049 1113 fidem
1072 1073 1331 1112 reductione
1364 1079 1407 1110 et
1439 1085 1542 1110 uera
1577 1085 1600 1110 a
1634 1085 1732 1123 pec-

108 1154 215 1192 catis
236 1152 289 1191 ad
312 1153 452 1190 Deum
470 1150 761 1189 Conuersione
781 1148 861 1186 sibi
878 1145 1250 1198 congratulabitur
1268 1145 1496 1195 aliquando
1521 1145 1731 1182 Ecclesia.

110 1225 317 1276 Spiritum
338 1224 472 1262 habet
496 1229 539 1260 et
562 1222 785 1272 energiam
807 1220 848 1258 in
870 1217 1056 1257 dicendo
1090 1218 1368 1268 singularem.
1402 1216 1605 1254 Emolliet
1639 1229 1735 1266 pro-

109 1298 175 1335 cul
199 1296 331 1335 dubio
368 1295 581 1334 obdurata
615 1293 742 1331 huius
771 1292 917 1342 populi
950 1289 1097 1336 corda,
1130 1288 1435 1328 ardentissima
1455 1288 1526 1326 illa
1546 1301 1671 1339 quam
1694 1289 1735 1325 in

109 1367 295 1406 dicendo
319 1380 422 1418 prae
446 1378 493 1404 se
515 1366 600 1403 fert
623 1364 851 1403 charitate.
876 1364 986 1401 Nam
1024 1362 1104 1399 etsi
1141 1374 1219 1399 suo
1252 1367 1451 1412 tempore
1487 1366 1653 1411 arguat,
1693 1366 1737 1397 et

108 1439 284 1490 quidem
319 1438 526 1489 grauiter,
550 1435 812 1485 nimiamque
834 1433 982 1484 populi
1005 1432 1341 1483 simplicitatem,
1366 1444 1443 1469 seu
1467 1431 1611 1469 uerius
1634 1429 1736 1468 leui-

108 1516 260 1557 tatem,
286 1510 461 1548 damnet
483 1506 768 1558 increpando;
790 1505 928 1555 magis
949 1509 1095 1542 tamen
1119 1504 1497 1542 obsecrationibus
1519 1503 1580 1540 uti
1608 1503 1735 1549 solet,

110 1588 155 1619 et
189 1580 351 1619 sedulis
386 1578 440 1617 ad
474 1580 685 1629 pietatem
722 1573 1116 1614 exhortationibus.
1157 1575 1297 1624 Quam
1333 1586 1423 1612 rem
1460 1585 1661 1624 magnum
1696 1572 1737 1610 in

113 1651 415 1691 conuertenda
437 1649 675 1690 Germania
695 1648 860 1686 habere
882 1652 1150 1685 momentum
1173 1645 1425 1696 quotidiana
1459 1650 1644 1682 testatur
1667 1657 1738 1681 ex-

110 1723 336 1775 perientia,
372 1729 416 1760 et
448 1734 502 1760 ex
527 1720 829 1760 confitentium
852 1724 981 1769 atque
1006 1717 1417 1757 communicantium
1441 1717 1569 1754 solito
1592 1728 1738 1754 nume-

110 1795 265 1833 rosiori
289 1792 564 1832 multitudine
583 1792 730 1842 colligi
751 1804 838 1829 non
861 1792 1047 1829 obscure
1069 1793 1232 1840 potest.
1254 1789 1374 1827 Multi
1391 1793 1641 1826 nostrorum
1663 1788 1739 1824 Pa-

111 1874 223 1904 trum
245 1878 296 1904 ac
315 1866 496 1903 fratrum
517 1863 613 1912 alijs
634 1863 743 1901 locis
764 1861 1125 1912 quadragesimae
1148 1866 1362 1910 tempore,
1387 1872 1437 1896 ac
1459 1871 1589 1909 saepe
1611 1858 1739 1896 etiam

110 1944 280 1989 postea,
300 1948 457 1987 magno
476 1947 573 1973 cum
591 1946 807 1972 concursu
828 1933 1074 1971 aditorum
1097 1944 1196 1969 suas
1218 1931 1457 1969 conciones
1477 1930 1737 1968 habuerunt.

113 2010 176 2046 Fit
201 2008 314 2047 enirn
346 2008 600 2058 plerumque
633 2012 679 2043 ut
714 2005 756 2042 in
790 2005 872 2042 hac
907 2004 1088 2042 ciuitate
1121 2002 1407 2041 ecclesiarum
1442 2013 1651 2052 proceres
1686 2001 1739 2039 ad

112 2094 192 2119 nos
233 2078 419 2119 maxime
455 2078 688 2128 refugiant,
732 2075 942 2126 siquando
984 2073 1370 2113 concionatoribus
1411 2086 1520 2123 opus
1561 2072 1737 2110 habent.

114 2152 419 2190 Destituuntur
436 2150 568 2196 enim,
589 2154 634 2186 ut
654 2149 899 2198 plurimum,
924 2146 1020 2184 fidis
1042 2145 1415 2197 dispensatoribus
1434 2144 1741 2194 mysteriorum

114 2223 210 2269 Dei,
234 2221 307 2273 qui
327 2221 488 2272 populo
512 2219 754 2258 catholicae
776 2218 880 2256 fidei
901 2218 1108 2268 dogmata
1142 2229 1219 2267 pro
1256 2216 1468 2267 dignitate
1506 2216 1739 2265 explicent.

114 2301 155 2331 et
215 2292 538 2344 quamplurimis
577 2291 780 2340 antiquae
820 2289 997 2340 pietatis
1038 2288 1250 2338 exemplis
1289 2288 1620 2325 saluberrimum
1660 2287 1741 2324 iter

115 2367 380 2414 praeparent
399 2368 530 2412 atque
552 2366 811 2412 proponant.
836 2360 882 2397 In
905 2358 1145 2397 cathedrali
1167 2359 1370 2404 ecclesia,
1396 2357 1496 2395 dum
1519 2370 1605 2395 non
1639 2358 1741 2396 licet

114 2448 190 2484 per
227 2434 544 2484 occupationes
580 2433 650 2470 uel
680 2431 977 2469 ualetudinem
1014 2430 1121 2468 R.¹1²0
1153 2430 1361 2481 episcopo
1392 2434 1419 2475 ³,
1452 2429 1591 2467 nostri
1612 2429 1742 2479 ipsius

115 2507 236 2544 uices
272 2506 313 2543 in
343 2503 633 2543 concionandi
655 2515 836 2541 munere
858 2515 1016 2554 gerere
1038 2508 1262 2552 rogantur,
1286 2500 1416 2550 idque
1438 2513 1741 2550 nonnunquam

116 2581 327 2628 prestant.

169 2660 206 2696 3.
270 2647 396 2686 Adeo
421 2660 474 2686 ea
494 2660 605 2698 quae
628 2652 726 2684 sunt
748 2646 943 2684 dicturus
964 2645 1006 2682 in
1036 2644 1371 2682 desuetudinem
1403 2643 1597 2681 abierant
1632 2641 1744 2691 apud

117 2720 397 2766 viennenses,
437 2724 482 2756 ut
517 2717 689 2769 quando
726 2716 780 2754 de
816 2717 868 2765 ijs
904 2716 1162 2766 cogitamus,
1186 2716 1392 2752 miraculo
1417 2726 1515 2752 esse
1536 2712 1744 2764 pietatem

119 2791 341 2842 antiquam
362 2791 449 2828 huc
470 2794 723 2828 reuocatam
744 2794 964 2839 putemus.
990 2788 1181 2825 Fuerunt
1202 2798 1508 2837 germanorum
1544 2784 1744 2834 permulti

166 2948 175 2968 ¹
229 2946 346 2990 Luc..
367 2944 464 2987 XV,
485 2944 507 2981 8
524 2957 610 2992 sqq.

171 3006 183 3025 ²
235 3005 281 3042 P.
302 3004 548 3042 Lambertus
566 3003 697 3040 Auer.

167 3065 180 3085 ³
235 3063 439 3102 Antonius
458 3062 563 3100 Brus
581 3063 630 3100 de
650 3061 836 3109 Muglitz.
