2038 3400
352 207 421 244 200
822 209 1041 245 Ll‘r‘rERAE
1077 211 1170 255 QUA
1180 220 1437 247 DRIMESTRES

307 323 434 348 ceres
455 311 666 361 amplecti
684 310 898 350 videntur
919 318 952 349 a.
979 312 1045 350 Im
1062 314 1280 362 prompta
1300 314 1363 351 est
1383 312 1502 351 enim
1532 315 1664 363 quod,
1694 313 1765 351 vbi
1781 310 1933 363 fuerit

306 385 486 431 corpus,
507 384 585 420 ez‘c.
612 389 638 429 ¹3
657 380 773 419 vnde
795 383 886 430 fiet,
911 387 958 420 vt
979 382 1014 420 si
1034 383 1053 406 b
1075 387 1332 433 suggestum
1354 384 1468 422 hunc
1485 385 1641 422 crebro
1664 389 1931 434 repetemus,

306 465 584 491 numerosam
601 453 714 491 hanc
730 453 899 501 vrbem,
924 454 1035 504 Xpo.
1061 454 1253 504 auspice,
1277 453 1418 493 eidem
1444 454 1730 504 piscabimiir
1752 455 1880 494 breui
1901 466 1931 496 C.

308 526 433 574 Quae
456 536 553 562 cum
575 525 720 563 multis
742 530 860 563 retro
884 525 1005 562 annis
1028 525 1261 575 magistros
1282 524 1528 576 prurientes
1546 526 1720 564 auribus
1747 527 1934 566 libenter

307 595 493 634 audierit
515 601 544 643 ²;
573 595 816 634 doctrinam
846 601 1056 643 nostram,
1089 609 1201 647 quae
1233 597 1373 635 carnis
1404 597 1739 649 castigationem
1768 600 1935 649 procla-

308 671 410 715 mat,
444 667 698 718 rigidiorem
728 680 856 718 quam
887 680 961 718 par
994 673 1102 714 erat,
1134 667 1355 706 iudicabat
1383 668 1417 706 d.
1448 670 1545 707 Dux
1567 673 1719 707 noster
1740 670 1825 708 lhs.
1850 671 1934 709 cle-

308 739 505 777 mentiss.
531 740 702 790 coeptis
723 739 888 786 faueat,
912 740 957 777 vt
978 738 1222 791 negocium
1243 740 1341 786 hoc,
1373 742 1521 790 vtpote
1549 754 1698 788 suum,
1727 741 1937 793 gloriam

307 812 346 849 et
369 811 589 849 honorem
606 809 767 860 pariat
790 809 863 848 illi
884 813 1071 860 semper.
1096 809 1266 860 Reliqui
1281 815 1372 848 tres
1390 812 1557 859 Patres,
1577 825 1734 862 nempe
1759 814 1827 851 Pr.
1852 813 1937 850 Du-

308 881 466 919 randus
495 885 523 928 ³,
548 882 772 920 Gonzalez
802 882 815 901 ⁴

847 887 891 920 et
924 881 1113 921 Didacus
1143 882 1291 933 Lopez
1321 882 1499 921 alternis
1533 883 1834 931 concionibus,
1868 884 1939 923 his

307 966 398 991 non
436 951 621 991 Omnino
659 952 984 1005 infrugiferis,
1017 953 1245 1003 paroecias
1281 953 1489 992 addeunt.
1524 953 1724 1003 Quantus
1754 954 1808 992 sit
1837 955 1937 994 inde

306 1029 563 1075 prouentus,
600 1023 725 1062 nouit
759 1024 846 1071 ille,
880 1025 952 1074 qui
986 1028 1269 1075 peccatorum
1308 1024 1476 1063 animos
1508 1025 1668 1076 vbique
1698 1027 1855 1076 pulsat.
1890 1027 1937 1065 Id

307 1097 462 1134 saltem
486 1097 791 1147 experimento
810 1096 1017 1135 discimus
1038 1097 1081 1134 in
1098 1096 1207 1144 dies,
1230 1109 1448 1147 nunquam
1469 1102 1558 1136 tam
1575 1096 1754 1145 variam,
1780 1111 1834 1136 ex
1852 1111 1938 1149 quo

307 1167 377 1206 hic
397 1168 619 1219 aggimus,
639 1167 899 1218 promiscui
919 1174 936 1193 θ
958 1180 1090 1206 sexus
1112 1157 1434 1206 multitudinem
1462 1168 1547 1206 huc
1578 1169 1870 1217 concurrisse,
1894 1175 1940 1208 vt

307 1244 582 1278 sacramenta
601 1240 859 1291 percipiant,
883 1252 1011 1291 quam
1034 1239 1183 1287 modo3
1206 1252 1390 1290 quorum
1412 1240 1503 1278 vita
1525 1245 1569 1278 et
1591 1253 1738 1279 mores
1767 1242 1939 1280 obtrec-

306 1316 474 1350 tatores
511 1311 753 1359 confundit,
793 1324 886 1359 eos,
919 1311 1108 1361 inquam,
1141 1310 1213 1361 qui
1244 1316 1617 1350 sacramentorum
1648 1312 1937 1364 frequentiam

308 1383 415 1422 vitio
438 1388 619 1422 vertere
640 1396 729 1421 non
751 1382 964 1421 dubitant.
988 1383 1119 1421 Domi
1148 1383 1278 1421 etiam
1301 1382 1501 1421 doctrina
1521 1383 1532 1408 f
1559 1383 1740 1435 singulis
1761 1383 1941 1423 domini-

308 1455 369 1493 cis
401 1454 556 1493 diebus
586 1467 675 1492 non
706 1454 935 1501 omittitur,
968 1452 1326 1504 audientiumque
1348 1454 1562 1492 accrescit
1584 1468 1806 1494 numerus.
1832 1456 1942 1493 Mer-

308 1532 483 1566 catores
507 1525 637 1564 etiam
658 1524 868 1573 nonnulli,
893 1526 965 1576 qui
985 1524 1145 1576 primas
1168 1527 1290 1576 apud
1310 1526 1467 1565 vrbem
1487 1533 1510 1559 g
1530 1531 1700 1574 tenent,
1724 1528 1810 1566 huc
1840 1528 1938 1575 iam,

308 1601 353 1637 vt
383 1611 466 1638 nos
495 1597 827 1650 assuefaciant,
860 1598 1044 1636 veniunt
1072 1597 1304 1636 interdum.
1329 1598 1376 1635 In
1397 1598 1553 1648 quibus
1574 1612 1720 1637 mores
1742 1599 1811 1648 alij
1835 1599 1942 1637 vita-

309 1683 393 1721 que
416 1682 532 1708 noua
555 1669 737 1721 egregie
756 1669 1043 1721 dignoscitur.
1068 1669 1132 1707 Sit
1154 1674 1363 1708 aeternae
1385 1670 1572 1708 bonitati
1601 1671 1695 1708 laus
1718 1675 1762 1708 et
1783 1671 1942 1718 honor3

303 1744 385 1792 per
407 1754 546 1791 quam
563 1742 689 1791 paiet
711 1739 911 1787 additus,
935 1742 994 1787 vt,
1028 1739 1282 1779 deturbatis
1313 1740 1620 1788 amorrhaeis,
1654 1741 1756 1780 iure
1785 1743 1943 1781 ‘nostro

310 1812 547 1865 regionem
570 1813 690 1852 lianc
714 1812 897 1852 Christo
918 1811 1216 1852 vendicemus.
1243 1811 1418 1864 [Preces
1434 1814 1655 1864 posffulat‚
1679 1816 1775 1863 eta]

392 1884 574 1936 Hispali,
598 1884 738 1923 Nonis
760 1885 876 1934 Maij.
902 1884 1183 1923 paternitatis
1205 1889 1308 1923 tuae
1329 1885 1531 1936 indignus
1552 1886 1665 1924 filius
1685 1886 1728 1924 in
1744 1886 1875 1933 Dn0.‚

1523 2023 1671 2061 DURAN
1701 2022 1728 2061 ⁵.

389 2112 497 2150 Alia
529 2125 686 2150 manu.
725 2121 875 2162 1559...
913 2111 1170 2150 Emendata.
1209 2113 1336 2150 Fatta
1369 2124 1446 2162 per
1480 2112 1604 2150 Italia
1637 2122 1677 2159 23
1714 2111 1871 2163 Napoli
1909 2123 1945 2158 13

308 2179 552 2230 Alemagna
577 2190 613 2226 13
637 2178 822 2217 Fiandra
848 2189 881 2227 13
905 2178 1088 2217 Francia
1112 2188 1146 2216 1.

355 2311 374 2331 a
424 2313 741 2359 amplectuntur.
796 2311 861 2336 —b
883 2310 979 2348 Del.
1001 2310 1152 2347 subiec.
1216 2316 1279 2335 -0
1311 2321 1390 2345 non
1421 2320 1564 2356 parum
1595 2307 1802 2345 deuincire
1833 2307 1948 2345 nobis

308 2371 506 2418 possimus
537 2372 587 2408 ad
618 2371 699 2409 Dei
731 2371 983 2419 obsequium.
1037 2390 1057 2395 2
1085 2370 1105 2396 ‘¹
1138 2369 1275 2407 Prius
1311 2369 1574 2406 indicabatur.
1627 2375 1692 2394 -θ
1725 2367 1945 2415 vtriusque.

309 2432 367 2457 -t
393 2432 627 2469 christiana.
682 2439 750 2465 —g
771 2431 811 2468 in
831 2430 943 2468 vrbe.

359 2560 367 2579 ¹
422 2558 485 2596 Cf.
509 2558 698 2601 MATTH.,
720 2557 881 2601 XXIV,
901 2557 960 2594 28.

358 2619 371 2638 ²
423 2618 487 2656 Cf.
509 2618 544 2656 II
564 2619 614 2655 ad
634 2618 830 2663 Tmorn..
852 2617 928 2663 IV,
948 2617 970 2654 3
988 2629 1074 2665 sqq.

358 2678 371 2698 ⁸
420 2678 631 2725 Epistolae
651 2684 804 2716 auctor.

356 2738 370 2758 ⁴
413 2737 457 2775 P.
480 2737 760 2775 Gundisalvus
780 2737 1003 2775 Gonzalez.

357 2798 370 2817 ⁵
423 2797 486 2834 De
506 2800 580 2835 hoc
600 2798 791 2835 videntur
809 2797 1046 2844 accipienda
1065 2809 1170 2843 quae
1190 2795 1392 2832 habentur
1410 2795 1451 2832 in
1470 2795 1657 2840 catalogo
1675 2794 1838 2840 collegii
1869 2807 1946 2832 me

310 2858 549 2895 thimnensis
576 2858 671 2894 anni
700 2857 803 2894 1553.
833 2857 915 2901 (Cf.
946 2856 1158 2901 POLANco‚
1190 2856 1358 2899 Chron„
1388 2853 1583 2899 1V‚388):
1607 2852 1679 2890 «El
1698 2852 1768 2890 P.e
1789 2853 1947 2898 Duran,

310 2918 474 2955 natural
493 2918 542 2955 de
563 2917 734 2961 Merida,
756 2917 805 2954 de
824 2917 926 2954 edad
946 2918 994 2953 de
1013 2929 1132 2954 cerea
1151 2915 1198 2953 35
1215 2920 1327 2961 afios;
1348 2915 1399 2951 ha
1414 2914 1517 2962 oydo
1536 2914 1575 2949 el
1593 2925 1712 2950 curso
1730 2913 1779 2950 de
1798 2914 1952 2951 theolo-

310 2981 394 3025 gia;
416 2978 467 3014 ha
486 2983 569 3015 tres
589 2989 722 3014 meses
741 2989 819 3024 que
840 2981 957 3014 entro
977 2989 1026 3014 en
1046 2977 1085 3013 la
1106 2975 1370 3024 Compaflia.›
1389 2973 1485 3011 Vid.
1503 2972 1606 3010 Lz‘tt.
1623 2972 1874 3020 Qnadrz'm..
1893 2973 1948 3021 V,
