2038 3400
493 258 574 295 294.
599 258 908 295 *INGOLSTADIO
938 258 951 293 l
981 256 1244 293 §mmmmm
1274 258 1362 293 1559
1624 257 1693 293 3153

114 360 255 397 tinuas
278 361 422 405 horas,
451 364 494 396 et
513 371 566 397 eo
589 358 765 404 diutius,
792 371 958 396 summa
980 371 1075 396 cuni
1099 357 1344 396 attentione
1367 358 1737 409 iucunditateque,

115 431 216 468 licet
238 436 363 468 aestu
385 429 713 475 infestarentur,
738 435 913 467 nostros
935 433 1110 467 actores
1132 428 1377 466 audierunt.
1399 430 1497 476 Qua
1518 442 1563 466 re
1596 442 1740 479 perac-

114 506 172 549 ta,
212 499 395 539 eandem
432 499 705 551 tragoediam
751 512 775 538 a
818 499 943 538 nobis
989 499 1211 549 petierunt
1242 499 1380 548 multj.
1418 499 1500 548 Alij
1548 512 1652 536 uero
1689 501 1740 537 ab

114 572 335 611 actoribus
356 576 504 622 partes
527 570 820 621 collegerunt,
845 575 890 608 ut
911 569 1012 608 inde
1036 569 1152 608 uitae
1174 569 1337 608 rectius
1358 569 1653 607 instituendae
1678 583 1741 607 re-

114 643 304 681 medium
338 641 513 693 aliquod
548 641 710 680 habere
742 646 936 692 possent.
976 641 1099 678 Faxit
1130 641 1327 679 Deus‘ut
1356 639 1456 678 inde
1480 646 1742 691 conceptum

115 712 280 751 timoris
302 711 501 763 spiritum
525 724 792 750 conseruare
814 711 995 762 possint.

166 794 204 830 3.
264 781 560 822 Conuictores
600 783 738 820 nostri
773 795 869 820 curn
908 781 1124 820 nonnullis
1164 781 1474 819 viennensibus
1515 780 1741 827 studiosis,

114 855 184 905 qui
215 867 262 892 se
290 854 372 893 illis
394 853 447 892 ad
480 853 761 891 habitandum
793 853 1129 899 coniunxerunt,
1163 865 1362 904 magnam
1384 851 1439 890 de
1469 865 1515 891 se
1547 865 1668 903 spem
1701 860 1743 891 et

114 927 155 964 in
191 925 425 964 uirtutibus
462 931 505 963 et
535 925 672 963 literis
711 925 837 963 nobis
867 923 1099 975 relinqunt.
1137 924 1247 962 Sunt
1278 925 1391 962 enim
1421 924 1477 975 pij
1501 924 1571 975 quj
1605 936 1741 971 sacra,

116 998 353 1044 orationes,
401 997 705 1036 confessiones
746 996 877 1035 etiam
911 1009 996 1034 sua
1030 997 1183 1046 sponte
1221 995 1408 1034 libenter
1447 996 1741 1047 frequentant.

115 1070 197 1108 Vbi
218 1074 365 1108 autem
386 1069 532 1119 plures
562 1068 740 1115 fuerint,
764 1067 941 1106 dubium
972 1081 1058 1106 non
1090 1073 1157 1106 est
1177 1067 1279 1118 quin
1310 1067 1469 1105 multos
1501 1066 1745 1118 spirituales

116 1142 282 1179 fructus
304 1140 357 1178 ab
378 1140 444 1178 his
466 1140 691 1190 accepturi
714 1140 861 1178 simus.

167 1224 205 1261 4.
266 1212 549 1250 Lectionibus
584 1210 851 1262 theologicis
880 1212 1027 1261 plures
1057 1211 1187 1249 solito
1210 1210 1426 1249 interesse
1449 1209 1666 1257 uidentur,
1700 1210 1744 1248 fi-

115 1283 272 1321 deliter
295 1282 470 1334 quidem
491 1287 852 1333 perseuerantes.
882 1283 1001 1320 Vnus
1031 1282 1329 1332 professorum
1364 1286 1613 1320 nostrorum
1636 1281 1743 1319 utili-

115 1361 182 1393 ter
203 1354 436 1393 admodum
468 1353 792 1393 controuersias
812 1354 1044 1405 praelegit3
1067 1353 1176 1391 alter
1207 1366 1313 1392 uero
1345 1366 1432 1392 non
1462 1353 1617 1391 minori
1648 1366 1744 1392 cum

118 1426 318 1472 utilitate,
350 1429 395 1463 ut
426 1437 668 1476 speramus,
691 1425 874 1476 primum
903 1424 1229 1462 Sententiarum
1259 1425 1384 1463 breui
1405 1424 1518 1473 (Deo
1550 1424 1746 1473 iuuante)

115 1495 423 1546 auspicabitur.
469 1495 720 1533 praeteritis
757 1494 912 1533 diebus
948 1494 1111 1546 aliquot
1152 1499 1250 1533 sunt
1290 1495 1464 1533 habitae
1506 1495 1743 1541 orationes,

117 1565 271 1618 partim
294 1566 347 1604 ab
370 1566 548 1609 exteris.
575 1566 730 1617 partim
761 1579 786 1604 a
818 1567 996 1613 nostris;
1030 1579 1182 1604 omnes
1212 1572 1359 1605 tamen
1389 1579 1413 1604 a
1446 1567 1607 1605 nostris
1631 1579 1745 1605 com-

116 1636 302 1688 positae.
328 1632 491 1675 Patres⁴
517 1638 670 1684 nostri,
695 1636 765 1687 qui
788 1649 954 1675 sacram
977 1638 1247 1688 theologiam
1269 1638 1529 1688 profitentur
1554 1637 1578 1684 ¹,
1602 1637 1746 1675 multis

116 1708 336 1748 laboribus
359 1708 637 1755 distinentur,
675 1714 722 1746 ut
741 1709 759 1727 a
780 1721 903 1747 suum
926 1722 1081 1747 munus
1097 1709 1236 1759 probe
1259 1710 1435 1747 obeant.
1459 1709 1551 1747 Soli
1581 1707 1745 1760 profes-

117 1793 276 1819 sorum
297 1781 315 1806 b
337 1784 546 1831 praesunt
575 1779 813 1818 sabbatinis
836 1779 1217 1830 disputationibus:
1244 1785 1287 1818 et
1308 1781 1394 1819 hoc
1423 1792 1589 1831 genere
1622 1792 1745 1818 exer-

116 1851 334 1890 citationis
356 1864 459 1889 suos
482 1851 708 1889 auditores
730 1850 784 1889 ad
805 1850 965 1902 gradus
988 1850 1291 1902 suscipiendos
1311 1856 1586 1903 praeparant.
1610 1851 1746 1889 Inter-

116 1927 214 1962 sunt
246 1923 378 1961 etiam
401 1922 667 1973 quotidianis
698 1922 1081 1973 disputationibus,
1114 1935 1226 1974 quae
1257 1922 1457 1974 priuatim
1488 1935 1513 1960 a
1544 1922 1746 1961 fratribus

115 1994 276 2033 nostris
312 1994 569 2045 theologiae
605 1993 814 2032 studiosis
842 1994 1205 2045 frequentantur
1226 2002 1256 2033 0.
1291 1995 1512 2045 Quantum
1548 1994 1746 2033 utilitatis

119 2065 219 2104 hinc
238 2064 482 2115 percipiant
504 2065 760 2116 theologiae
783 2060 988 2114 canditatj
1014 2065 1107 2103 aliis
1130 2064 1453 2114 conijciendum
1475 2065 1689 2115 relinquo.

175 2145 211 2185 5.
271 2137 318 2174 In
355 2135 544 2187 collegio
575 2149 693 2175 nouo
718 2136 752 2183 d,
777 2142 951 2187 praeter
973 2136 1269 2187 quotidianam
1300 2137 1612 2187 repetitionem
1635 2150 1746 2187 quccze

115 2206 172 2257 sit
193 2221 221 2245 a
239 2205 427 2258 quodam
450 2214 467 2232 θ
490 2220 544 2245 ex
580 2206 754 2253 nostris,
788 2206 903 2245 satis
932 2207 1150 2246 foeliciter
1181 2207 1425 2259 procedunt
1456 2207 1614 2246 latinae
1646 2222 1746 2247 con·

123 2278 276 2317 ciones
293 2277 449 2316 diebus
466 2277 695 2316 dominicis
717 2290 768 2316 ac
784 2278 922 2324 festis,
942 2290 1054 2329 quae
1072 2278 1287 2317 habentur
1310 2284 1399 2317 tum
1422 2291 1445 2317 a
1463 2279 1558 2317 R.d0
1590 2281 1632 2318 P.
1656 2292 1746 2318 rec-

126 2357 221 2388 tore
252 2349 264 2374 f
283 2352 311 2396 ²,
336 2355 426 2387 tum
447 2362 472 2388 a
494 2351 539 2388 P.
566 2349 846 2397 Couuiloni03
864 2362 961 2396 narn
984 2350 1162 2388 alternis
1185 2349 1352 2388 uicibus
1374 2349 1415 2388 id
1438 2352 1628 2389 muneris
1649 2352 1746 2389 sub-

123 2422 186 2459 ire
205 2420 543 2460 constituerunt.
569 2421 706 2459 Porro
729 2421 771 2458 in
794 2419 984 2471 collegio
1019 2425 1171 2459 nostro
1194 2434 1352 2472 magna
1371 2435 1480 2461 sane
1517 2428 1583 2460 est
1619 2422 1746 2460 sedu-

122 2492 219 2529 litas
242 2496 285 2529 et
308 2491 534 2542 diligentia
556 2492 748 2529 omnium
770 2491 966 2539 fratrum,
990 2497 1081 2530 tum
1103 2493 1145 2530 in
1180 2493 1314 2531 rebus
1347 2494 1541 2531 externis
1572 2506 1623 2532 ac
1655 2494 1745 2532 offi-

121 2562 197 2600 ciis
218 2561 489 2609 domesticis,
528 2567 618 2600 tum
648 2562 690 2600 in
728 2562 957 2601 edocenda
991 2564 1237 2611 iuuentute,
1275 2565 1347 2614 ubj
1384 2577 1471 2603 non
1502 2563 1703 2603 uidentur
1725 2572 1747 2597 ἕ

166 2722 185 2741 a
234 2721 375 2768 probe.
433 2723 498 2748 ——b
520 2734 569 2759 ex
584 2721 894 2770 professoribus.
952 2731 1015 2750 -0
1039 2723 1149 2761 fiunt.
1204 2725 1270 2750 —d
1291 2724 1331 2761 in
1345 2736 1423 2772 quo
1438 2725 1661 2772 sumptibus
1675 2725 1746 2762 du-

120 2781 176 2818 cis
193 2781 290 2818 satis
310 2781 426 2818 multi
447 2781 545 2827 [del.
574 2781 720 2819 litteris
748 2794 913 2829 operam
939 2782 1052 2829 dant]
1082 2783 1310 2821 scholastici
1340 2785 1547 2821 seculares
1566 2785 1662 2822 dant
1688 2784 1746 2822 lit-

120 2840 217 2878 teris
235 2852 414 2888 operam.
467 2848 532 2867 -e
553 2841 616 2878 cui
636 2846 798 2888 praeest
812 2842 988 2888 quidam.
1042 2844 1099 2868 -f
1126 2855 1212 2880 nro.
1263 2851 1333 2877 —g
1354 2844 1437 2881 vlla
1456 2844 1625 2882 ratione.

169 2995 179 3016 ¹
230 2994 309 3032 PP.
326 2993 504 3041 Joannes
523 2993 808 3032 Couvillonius
828 3002 868 3033 et
887 2996 1148 3035 Hermannus
1167 2998 1391 3045 Thyraeus.

169 3053 182 3074 ²
231 3053 276 3090 P.
298 3053 490 3094 Nicolaus
513 3056 716 3104 Lanoyus.
