2038 3400
370 284 445 321 482
865 282 1085 320 LITTERAE
1111 279 1470 326 QuAanEsrREs

319 388 544 427 adulterio
576 385 940 438 depraehendens
974 393 992 411 a
1021 396 1182 423 necare
1218 383 1459 435 cogitabat3
1491 383 1544 420 ab
1575 382 1661 420 hoc
1690 379 1956 431 improbissi-

329 473 399 499 mo
436 459 618 498 consilio
654 459 707 496 ab
743 470 828 496 uno
866 470 920 495 ex
955 456 1117 494 nostris
1154 459 1390 493 reuocatus
1432 458 1514 492 est.
1553 453 1673 490 Alius
1709 464 1764 490 ex
1809 449 1956 490 ciuita-

329 533 383 570 tis
426 530 691 582 principibus
735 529 1023 568 concubinam
1068 528 1109 565 in
1152 539 1337 564 uxorem
1382 525 1568 575 accepit,
1606 524 1802 574 quamuis
1838 527 1958 560 esset

329 604 483 642 mulier
524 614 688 653 pauper
725 607 769 639 et
802 599 991 646 humilis,
1030 599 1122 650 ipse
1158 603 1305 636 autem
1340 596 1465 635 diues
1497 601 1541 634 et
1575 595 1747 633 nobilis.
1785 593 1958 632 Accidit

330 675 461 713 etiarn
497 686 568 711 res
590 678 744 711 notatu
767 672 912 723 digna.
941 671 1091 709 Mulier
1120 669 1333 720 quaedam
1359 681 1413 706 ex
1444 668 1509 705 his
1544 679 1656 718 quae
1691 666 1745 704 ad
1774 678 1855 704 nos
1889 677 1956 703 ac-

328 747 506 793 cedunt,
530 745 681 784 nescio
704 758 790 796 quo
813 743 1194 794 proficiscebatur3
1218 752 1456 791 aggressus
1479 745 1546 777 est
1569 751 1664 777 eam
1684 738 1727 775 in
1750 738 1874 788 sylua
1894 749 1957 775 ar-

327 824 468 857 matus
490 818 681 869 quidam,
705 830 832 868 quam
864 828 961 854 curn
993 815 1158 853 uiolare
1182 817 1432 859 conaretur,
1458 817 1502 849 et
1522 811 1593 849 illa
1614 810 1716 848 forti
1739 814 1782 847 et
1805 814 1956 847 erecto

310 891 470 929 >animo
510 891 551 928 in
587 889 778 941 puritate
812 886 1087 938 persisteret,
1112 896 1367 923 mucronem
1402 883 1476 921 ille
1516 881 1682 933 gutturi
1716 880 1958 919 admoueris

327 968 514 1001 mortem
537 961 796 1008 minabatur,
828 960 910 998 nisi
933 955 1322 1009 deprauatissiinae
1351 967 1455 992 suae
1478 952 1704 1004 cupiditati
1724 952 1957 990 assentire-

325 1040 409 1073 tur.
434 1035 511 1072 Illa
532 1033 719 1072 maxima
742 1031 989 1071 constantia
1010 1029 1156 1067 aiebat
1187 1027 1475 1065 libentissime
1506 1024 1695 1076 migrare
1723 1023 1777 1061 ad
1812 1023 1957 1062 Domi-

324 1120 427 1145 num
449 1119 553 1144 suae
578 1103 877 1144 continentiae
900 1101 1148 1147 custodem;
1179 1099 1241 1137 sic
1262 1111 1370 1149 pura
1390 1097 1628 1146 illaesaque
1653 1094 1808 1133 euasit.
1833 1094 1958 1132 Haec

325 1181 431 1217 sunt
450 1179 470 1203 b
492 1177 685 1228 uirgines
707 1177 806 1214 illae
828 1174 1051 1213 nascentis
1074 1173 1308 1218 ecclesiae,
1332 1181 1444 1220 quae
1468 1173 1625 1207 cuncta
1645 1180 1723 1218 pro
1756 1166 1956 1205 castitate

326 1250 530 1288 subibant
552 1254 786 1287 tormenta.
812 1247 857 1284 In
890 1244 1140 1284 carceribus
1171 1256 1248 1294 per
1282 1247 1460 1280 nostros
1482 1240 1617 1278 multa
1648 1238 1810 1277 effecta
1842 1242 1955 1283 sunt,

325 1334 438 1373 quae
458 1320 681 1372 pertinent
702 1318 756 1357 ad
777 1317 1061 1356 saluberrima
1078 1312 1370 1354 confessionis
1393 1308 1800 1360 communionisque
1817 1319 1956 1346 sacra-

326 1397 487 1432 menta.

379 1477 416 1516 7.
475 1466 572 1504 Nec
591 1463 695 1501 illud
716 1463 787 1500 hic
808 1461 1024 1507 reticebo,
1044 1458 1161 1510 quod
1182 1469 1320 1508 nuper
1337 1457 1384 1494 P.
1406 1456 1567 1492 Rector
1588 1451 1874 1504 quorumdam
1896 1450 1956 1489 vi-

326 1552 472 1577 rorum
504 1549 607 1575 sane
637 1536 876 1587 proborum
909 1529 1303 1583 congregationem
1334 1526 1553 1573 instruxit,
1584 1525 1656 1574 qui
1686 1525 1728 1562 in
1760 1524 1854 1561 dies
1885 1536 1957 1561 au-

326 1616 485 1662 gentur
509 1615 552 1647 et
573 1620 755 1647 numero
781 1611 825 1644 et
847 1603 991 1643 studio
1015 1604 1240 1648 uirtutum,
1265 1606 1491 1650 totamque
1515 1598 1739 1638 ciuitatem
1761 1594 1815 1634 ad
1836 1595 1957 1633 Chri-

326 1687 439 1720 stum
461 1680 698 1719 traducmzt
723 1686 754 1715 c:
787 1678 873 1716 hoc
904 1677 1019 1714 enim
1051 1678 1117 1712 est
1150 1685 1302 1711 eorum
1330 1684 1500 1718 munus,
1533 1670 1726 1719 reliquos
1757 1665 1811 1705 ad
1841 1678 1957 1704 men-

318 1768 416 1794 sam
447 1753 709 1792 dominicam
742 1749 978 1794 cohortari,
1012 1751 1224 1797 aegrotos
1252 1744 1460 1789 inuisere,
1494 1743 1645 1792 eisque
1675 1752 1803 1791 opem
1824 1738 1955 1776 ferre.

326 1826 513 1878 Quidam
536 1837 666 1863 suasu
696 1829 947 1861 nostrorum
970 1819 1023 1858 ad
1053 1818 1328 1869 religionem,
1363 1828 1418 1853 ex
1439 1827 1524 1865 qua
1552 1815 1635 1852 iam
1668 1812 1740 1850 diu
1771 1810 1954 1856 exierat,

324 1911 529 1938 reuersus
553 1901 634 1935 est.
659 1895 781 1933 Multi
808 1895 861 1932 ab
894 1899 995 1931 octo
1028 1891 1245 1929 decemue
1274 1889 1403 1927 annis
1427 1900 1515 1925 non
1546 1885 1752 1931 confessi,
1784 1884 1957 1933 integre

326 1984 403 2010 sua
428 1969 763 2008 manifestarunt
792 1970 990 2017 peccata.
1027 1962 1255 2013 Quaedam
1287 1960 1441 1998 mussier
1474 1971 1528 1996 ex
1560 1969 1690 1995 seruo
1723 1967 1801 1993 suo
1824 1954 1957 1991 filiurn

322 2043 407 2081 iam
425 2046 697 2092 susceptura,
719 2042 811 2075 erat
830 2034 1073 2075 occidenda
1094 2046 1118 2071 a
1136 2033 1306 2071 marito.
1328 2030 1592 2069 praestitum
1612 2033 1680 2066 est
1701 2040 1725 2064 a
1742 2027 1789 2064 P.
1804 2029 1955 2073 nostro

324 2120 370 2152 ut
392 2114 561 2152 animae
594 2110 877 2161 corporisque
900 2106 1028 2144 saluti
1051 2104 1374 2143 consuleretur.
1413 2099 1621 2140 Nonnulli
1644 2111 1668 2136 a
1690 2103 1861 2148 septem
1883 2095 1956 2133 mi-

323 2185 501 2224 liaribus
540 2182 594 2221 ad
632 2195 714 2220 nos
754 2177 994 2218 confitendi
1032 2176 1174 2228 gratia
1213 2175 1458 2213 confluunt.
1503 2170 1689 2221 Quidam
1731 2169 1861 2206 etiarn
1902 2180 1956 2204 ex

323 2257 462 2307 primo
495 2253 684 2294 ciuitatis
715 2250 972 2302 magistratu
1002 2253 1137 2286 noctu
1159 2246 1213 2284 ad
1244 2259 1325 2283 nos
1356 2244 1537 2282 ueniunt
1567 2246 1682 2291 (nam
1705 2240 1777 2277 diu
1799 2238 1955 2276 dexire

324 2327 583 2380 nequeunt),
608 2330 655 2363 ut
676 2327 959 2363 sacrosancto
984 2319 1143 2360 Christi
1168 2329 1355 2368 corpore
1378 2319 1652 2360 recreentur,
1684 2313 1796 2350 vnde
1811 2309 1957 2362 facile

319 2398 602 2451 perspicitur
631 2394 948 2435 beneuolentia
977 2400 994 2418 e
1033 2398 1076 2430 et
1107 2389 1360 2429 reuerentia
1387 2400 1476 2438 qna
1511 2399 1592 2424 nos
1625 2396 1778 2423 omnes
1808 2394 1956 2433 prose-

324 2478 527 2523 quuntur.
558 2469 676 2508 Illud
697 2467 770 2506 hic
791 2466 845 2504 ad
867 2466 948 2503 Dei
970 2463 1144 2502 laudern
1167 2462 1314 2501 dicere
1345 2459 1511 2506 ausim,
1545 2458 1663 2507 qnod
1685 2456 1695 2480 f
1721 2454 1871 2493 nescio
1903 2466 1956 2490 an

325 2543 429 2582 ulibi
457 2542 518 2580 sit
539 2541 742 2579 Societas
776 2544 928 2576 nostra
959 2543 1049 2574 tam
1078 2535 1303 2573 honorata
1339 2539 1375 2579 g,
1400 2543 1527 2582 quam
1557 2529 1643 2566 hic.
1678 2528 1731 2565 Et
1760 2524 1957 2576 quamuis

325 2613 622 2666 superioribus
658 2611 813 2649 diebus
843 2608 884 2647 in
925 2621 1006 2646 nos
1041 2607 1215 2658 publice
1247 2608 1488 2643 scommata
1525 2598 1763 2651 parietibus
1806 2596 1955 2645 affige-

324 2692 489 2733 rentur,
513 2685 575 2724 sic
605 2690 753 2722 tamen
786 2682 855 2730 alij
888 2694 968 2718 nos
991 2678 1304 2723 defendebant,
1329 2681 1374 2713 ut
1406 2678 1573 2719 contra,
1599 2668 1750 2708 laudes
1784 2674 1956 2706 nostras

325 2765 369 2798 et
389 2758 565 2810 quidem
587 2755 873 2806 amplissimas
895 2752 1181 2790 ascriberent.
1209 2749 1322 2787 Hinc
1344 2751 1426 2793 est,
1450 2743 1568 2796 quod
1599 2740 1867 2781 incredibilis
1890 2744 1955 2777 est

323 2832 553 2870 mulierum
576 2828 857 2876 uirorumque
879 2824 1143 2862 nobiliorum
1165 2821 1219 2859 ad
1239 2824 1439 2858 nostrum
1462 2815 1673 2866 templum
1696 2824 1952 2851 concursus.

370 3001 389 3019 ὃ
410 2990 723 3039 depraehensos.
753 2987 817 3011 —b
840 2983 1080 3022 Huiusmodi
1099 2986 1228 3020 erant.
1260 2987 1323 3005 ——0
1347 2978 1560 3015 traducere
1579 2975 1774 3012 nituntur.
1805 2972 1872 2997 —d
1899 2972 1955 3008 in—

322 3052 467 3090 terdiu.
535 3057 599 3075 ee
621 3049 734 3085 mira.
802 3046 859 3070 -f
884 3051 922 3081 et
942 3043 1061 3090 (quod
1080 3042 1130 3079 ad
1150 3041 1229 3078 Dei
1249 3039 1410 3076 laudem
1430 3037 1580 3074 dictum
1599 3035 1678 3078 sit).
1735 3040 1802 3066 —g
1830 3031 1954 3068 socie-

322 3117 449 3148 tatem
468 3115 646 3146 nostram
665 3110 777 3144 tanto
795 3105 946 3142 honore
966 3104 1138 3150 populus
1156 3102 1278 3138 colat.
