2038 3400
384 264 431 302 20
843 266 894 307 L1
904 281 1062 308 frenas
1096 270 1454 318 QUADRIMESTRES

337 362 401 401 rio
432 365 766 404 sacratissimam
795 367 1035 418 suscipiunt
1066 369 1435 418 communionem3
1463 383 1607 422 neque
1629 370 1722 409 sine
1753 368 1971 409 lachrimis

338 434 572 484 interdum,
598 442 643 474 ut
673 437 767 487 ipse
798 439 963 478 notaui.
987 441 1156 479 Horum
1186 442 1410 480 hominum
1440 441 1571 492 (inter
1593 454 1702 493 quos
1726 447 1770 480 et
1803 441 1974 480 nobiles

339 512 438 543 sunt
473 508 685 557 nonnulli)
715 508 1015 560 integritatem
1046 511 1263 563 animique
1294 511 1531 551 candorem
1559 513 1594 551 si
1623 514 1794 564 aperire
1826 513 1971 558 velim,

338 590 425 615 non
455 579 550 629 plus
582 592 723 630 agam,
748 594 876 631 quam
899 583 934 620 si
965 596 1063 622 cum
1093 585 1263 623 ratione
1294 584 1519 623 insaniam.
1545 584 1712 623 Omitto
1744 584 1974 622 maximam

339 649 567 687 mulierum
590 650 913 691 multitudinem
935 666 959 691 a
979 655 1140 693 nostris
1161 654 1467 693 sacerdotibus
1488 655 1531 693 in
1553 655 1663 693 aede
1696 656 1860 693 Beatae
1883 655 1975 694 Vir-

338 718 449 770 ginis
466 720 620 769 audiri,
641 728 686 759 et
703 722 875 761 ardenti
890 724 933 762 in
949 726 1169 764 Christum
1186 739 1336 765 amore
1353 726 1681 773 communicari3
1698 727 1853 776 quibus
1870 727 1905 764 si
1922 724 1975 764 ad

339 797 537 830 nostrum
559 794 768 832 sacellum
789 794 932 834 aditus
952 802 1140 847 pateret,
1165 811 1253 836 non
1270 797 1449 836 dubium
1471 797 1573 835 mihi
1597 802 1677 845 est,
1702 796 1803 848 quin
1823 797 1976 835 foemi-

337 876 415 901 nas
437 876 596 914 capere
618 878 706 903 non
734 872 902 917 posset3
925 873 1095 908 tantum
1116 870 1240 908 abest
1263 875 1309 907 ut
1331 868 1413 907 viri
1435 874 1479 906 et
1500 869 1706 907 mulieres
1729 868 1855 906 simul
1877 881 1975 906 esse

338 940 533 985 possent.
567 936 681 975 Hinc
701 937 763 986 fit,
802 943 848 976 ut
878 941 1181 991 quamplurimi
1216 954 1345 979 vnam
1380 941 1532 979 horam
1566 941 1712 991 potius
1747 939 1975 978 nobiscum

336 1013 516 1057 ponant,
540 1022 669 1059 quam
698 1013 840 1049 toturn
863 1011 979 1050 diem
1002 1025 1100 1051 cum
1126 1013 1347 1064 plerisque
1380 1026 1533 1051 eorum
1554 1013 1813 1063 quibuscum
1844 1012 1976 1050 maxi-

338 1092 407 1117 ma
427 1079 509 1117 illis
529 1080 765 1120 intercedit
788 1084 1079 1123 consuetudo.
1104 1085 1257 1135 Itaque
1279 1085 1434 1123 diebus
1455 1084 1579 1122 festis
1599 1084 1776 1134 plenum
1800 1089 1867 1121 est
1901 1084 1975 1122 ho-

337 1151 524 1189 minibus
547 1153 771 1201 sacellum,
796 1155 868 1204 qui
890 1154 1068 1194 domum
1099 1160 1293 1194 nostram
1314 1156 1611 1207 frequentant,
1642 1167 1786 1206 neque
1818 1154 1977 1192 desunt

337 1222 512 1272 quidam
536 1235 590 1261 ex
611 1224 817 1263 fratribus
838 1227 1014 1275 nostris,
1039 1228 1111 1278 qui
1130 1240 1206 1266 eos
1230 1239 1403 1278 semper
1426 1227 1725 1274 consolentur,
1751 1232 1794 1264 et
1816 1226 1869 1264 ad
1891 1239 1976 1264 ma-

337 1293 454 1332 iores
475 1294 518 1332 in
541 1295 693 1346 spiritu
722 1309 985 1348 progressus
1016 1298 1244 1337 faciendos
1275 1299 1523 1337 hortentur.
1549 1297 1671 1335 Multi
1700 1297 1837 1335 totius
1859 1298 1976 1335 vitae

337 1365 554 1404 rationem
587 1367 867 1406 confessione
899 1370 1096 1420 generali
1131 1369 1364 1421 detegunt3
1395 1370 1467 1407 alii
1497 1369 1569 1420 qui
1597 1369 1766 1420 pudore
1788 1368 1977 1419 quodam

338 1437 586 1476 subrustico
608 1439 810 1493 perfussi,
837 1440 1016 1479 crimina
1037 1440 1233 1490 quamuis
1269 1439 1420 1492 grauia
1446 1440 1640 1491 pluribus
1662 1441 1784 1478 annis
1807 1441 1977 1478 celaue-

338 1514 448 1557 rant,
481 1513 713 1561 postquam
734 1524 782 1549 se
804 1511 859 1549 ad
890 1512 1125 1563 collegium
1171 1517 1452 1563 receperunt,
1485 1515 1736 1550 nostrorum
1774 1512 1976 1562 exemplo

337 1581 542 1630 permoti,
575 1582 745 1632 pudore
775 1583 848 1621 illo
880 1584 972 1634 (qui
1006 1584 1088 1622 hac
1122 1584 1165 1621 in
1199 1596 1246 1622 re
1278 1584 1416 1635 turpis
1445 1584 1720 1634 perhibetur)
1756 1582 1974 1634 deposito,

340 1652 535 1691 confessi
557 1658 671 1692 sunt.

391 1735 429 1763 2.
490 1725 656 1764 Diebus
682 1725 807 1764 festis
830 1727 898 1764 Pr.
924 1731 1087 1775 rector,
1111 1727 1309 1777 quamuis
1331 1725 1451 1766 domi
1479 1730 1659 1765 nostrae
1692 1725 1976 1765 concionatus

338 1796 392 1833 sit
414 1809 555 1845 mane,
579 1797 881 1848 pomeridiano
905 1803 1053 1837 tamen
1074 1804 1276 1849 tempore
1306 1799 1593 1837 concionatur
1615 1799 1657 1836 in
1678 1797 1790 1836 aede
1812 1799 1863 1836 D.
1889 1798 1977 1836 Sal-

338 1868 518 1916 uatoris,
542 1882 630 1907 non
661 1870 754 1907 sine
786 1883 944 1921 magna
974 1869 1244 1909 audientium
1274 1870 1535 1922 frequentia,
1561 1869 1859 1921 spiritualique
1881 1882 1978 1921 pro-

337 1938 471 1977 fectu.
498 1940 796 1979 Concionatur
816 1946 1050 1991 praeterea
1070 1941 1178 1979 alius
1202 1954 1256 1980 ex
1278 1941 1440 1980 nostris
1461 1941 1504 1979 in
1539 1941 1703 1992 templo
1726 1942 1778 1979 D.
1804 1940 1978 1991 Magda-

339 2010 463 2048 lenae
485 2016 585 2061 post
607 2012 884 2063 vespertinas
904 2025 1076 2063 preceS,
1102 2025 1260 2064 magno
1284 2026 1382 2052 curn
1411 2013 1621 2064 applausu
1642 2012 1977 2062 auditorumque

339 2095 436 2121 curn
467 2083 796 2131 beneuolentia,
819 2087 911 2121 tum
944 2084 1075 2122 etiam
1096 2084 1334 2122 animarum
1365 2084 1522 2122 fructu.
1548 2083 1778 2122 Habentur
1802 2087 1845 2120 et
1878 2095 1978 2121 con-

339 2153 491 2191 ciones
521 2153 739 2192 interdum
769 2154 811 2192 in
841 2154 1025 2205 publicis
1057 2155 1284 2203 custodiis,
1319 2155 1466 2205 ibique
1491 2154 1662 2193 detenti
1692 2154 1884 2205 benigne
1907 2166 1978 2192 au-

339 2225 528 2273 diuntur,
565 2225 821 2276 praehabita
849 2225 993 2278 aliqua
1029 2226 1354 2266 exhortatione.
1394 2227 1521 2265 Fiunt
1556 2226 1860 2264 restitutiones
1892 2238 1978 2263 non

338 2296 459 2347 parui
480 2297 708 2344 momenti,
733 2297 944 2336 sedantur
967 2297 1237 2337 inimicitiae.

392 2378 431 2416 3.
491 2369 555 2406 Ex
577 2369 649 2406 illa
678 2381 809 2420 porro
831 2370 1039 2409 iuuenum
1061 2371 1304 2418 Societate,
1329 2370 1402 2421 qui
1430 2368 1659 2408 dominicis
1682 2368 1837 2407 diebus
1870 2370 1978 2407 Bea-

339 2444 410 2478 tae
433 2439 621 2491 Virginis
643 2453 800 2491 preces
821 2442 863 2479 in
886 2443 1046 2480 nostris
1069 2442 1231 2480 scholis
1253 2442 1485 2480 salubriter
1506 2444 1723 2492 peragunt
1747 2447 1771 2488 ¹,
1795 2440 1980 2491 plurima

339 2510 381 2548 in
402 2511 590 2549 Domino
615 2524 818 2550 emanare
851 2513 1097 2561 commoda,
1122 2512 1227 2551 illud
1250 2516 1372 2551 certe
1396 2513 1467 2550 vel
1502 2512 1692 2550 maximo
1716 2516 1978 2562 argumento

341 2593 440 2619 esse
461 2581 640 2632 poterit,
660 2583 779 2633 quod
799 2597 886 2622 non
906 2585 1035 2634 pauci
1056 2583 1241 2635 Spiritus
1259 2584 1407 2622 Sancti
1429 2582 1566 2622 afflati
1587 2582 1740 2634 gratia,
1764 2582 1979 2633 huiusque

341 2653 479 2692 seculi
500 2655 766 2693 vanitatibus
799 2656 938 2704 exosi,
969 2655 1229 2707 religionem
1260 2656 1449 2707 ingressi
1481 2659 1595 2703 sunt,
1620 2653 1777 2705 aliique
1808 2653 1980 2705 ingredi

341 2727 633 2764 vehementer
664 2731 833 2775 curant,
864 2717 937 2765 ubi
967 2726 1128 2766 mortui
1158 2727 1335 2775 mundo,
1369 2727 1465 2765 Deo
1498 2727 1564 2777 (ut
1593 2739 1668 2777 par
1698 2725 1782 2775 est)
1812 2725 1975 2763 vinant.

340 2797 450 2836 Tres
480 2798 611 2849 igitur
632 2799 775 2837 bonae
799 2799 892 2850 spei
923 2798 1234 2837 adolescentes
1264 2797 1543 2836 hebdomada
1571 2797 1810 2848 praeterita
1841 2796 1980 2835 sancti

340 2869 558 2908 Dominici
593 2869 906 2909 monasterium
939 2870 1179 2920 petierunt;
1216 2870 1289 2907 ubi
1324 2868 1515 2917 admissi,
1553 2867 1685 2906 alacri
1705 2867 1849 2906 animo
1881 2867 1977 2905 Deo

343 2941 533 2979 omnium
561 2942 656 2993 regi
685 2941 902 2992 intrepide
924 2941 1135 2980 seruiunt.
1160 2940 1316 2992 Neque
1338 2940 1381 2978 hi
1403 2941 1485 2979 soli
1505 2945 1619 2988 sunt,
1644 2939 1723 2978 sed
1752 2938 1824 2977 alii
1846 2938 1976 2977 etiam

391 3094 399 3113 ¹
454 3090 518 3132 Cf.
536 3092 638 3130 Litt.
658 3093 911 3140 Quadrim..
938 3091 988 3136 V,
1012 3091 1090 3137 127,
1110 3090 1193 3137 290,
1214 3090 1296 3136 499,
1318 3090 1403 3128 628.
