2038 3400
565 201 816 239 258.—F0120
844 200 951 238 L1v11
978 202 1000 237 3
1028 201 1134 247 MAJ1
1166 202 1254 238 1:339
1604 203 1659 238 1⁵31

151 311 188 339 2.
249 300 378 350 Quod
399 301 453 340 ad
475 302 650 341 domum
672 303 828 340 attinet
849 301 975 339 nobis
996 301 1049 339 ad
1072 302 1351 340 habitandum
1373 304 1649 353 assignatam,
1672 312 1712 341 et

98 372 351 411 domesticis
373 373 536 421 usibus,
555 374 658 411 satis
681 374 750 411 illa
766 371 941 423 quidem
963 374 1054 423 ipsa
1071 386 1146 423 per
1165 386 1211 411 se
1231 374 1462 412 commoda
1480 379 1560 421 ost,
1586 375 1714 412 maxi-

98 456 168 481 me
195 456 301 482 uero
332 444 569 483 Societatis
589 445 804 491 instituto,
830 457 925 482 cum
948 444 1041 495 ipso
1064 446 1228 495 templo
1252 450 1514 495 opportun(›,
1540 450 1585 482 ut
1605 458 1714 495 quac

97 514 139 552 in
160 515 253 565 ipso
277 514 464 554 ciuitatis
482 516 686 553 umbilico
710 516 762 553 sit
785 516 1037 561 constituta,
1063 528 1231 553 summo
1252 516 1416 565 templo
1438 516 1648 566 proxima,
1675 522 1715 552 ct

96 586 139 623 in
160 585 295 624 nobili
315 587 589 638 honestaque
611 587 844 625 admodum
864 587 1104 625 uicinitate.

150 666 188 703 3.
249 658 303 695 Vt
320 657 503 707 primum
522 669 674 695 omnes
694 657 995 704 conuenimUS,
1016 657 1162 708 coepit
1181 658 1248 695 cui
1266 655 1447 707 quisque
1465 657 1718 707 designatus

100 738 192 765 erat
209 728 376 765 muneri
396 728 429 775 a,
454 728 495 765 in
516 728 559 765 id
581 728 815 779 diligenter
831 728 1102 775 incumbere,
1122 740 1173 765 ac
1189 728 1372 777 primum
1389 727 1563 777 quidem
1581 727 1718 776 auspi-

98 798 211 836 cium
228 798 471 837 studiorum
488 799 567 837 fuit
586 799 726 837 oratio
744 798 891 837 habita
920 799 962 836 in
993 812 1160 837 summo
1178 798 1342 849 templo
1362 810 1508 836 coram
1527 799 1622 836 R.‹10
1649 810 1718 835 co-

97 869 313 916 adiutore,
351 870 540 908 ciuitatis
570 870 796 921 praefecto
834 876 877 907 et
913 869 1313 908 conseruatoribus.
1348 872 1536 907 Secutae
1559 869 1718 907 suntin

98 944 250 978 nostro
273 941 436 990 templo
460 941 540 989 (sic
561 942 699 978 uisum
723 946 790 979 est
824 945 1003 991 propter
1026 941 1273 978 scholarum
1294 940 1535 991 angustias)
1555 940 1720 990 praefa-

98 1011 242 1049 tiones
263 1011 434 1050 duobus
456 1011 611 1050 diebus
632 1011 673 1050 in
696 1018 874 1050 autores
893 1024 970 1049 eos
993 1024 1101 1062 quos
1137 1011 1423 1062 exponendos
1459 1010 1721 1061 suscipieba-

98 1095 207 1129 mus,
239 1089 472 1133 praesente
507 1095 680 1134 semper
711 1083 805 1122 ΚΦ)
832 1084 1106 1131 coadiutore,
1132 1083 1367 1129 canonicis,
1391 1083 1573 1133 alijsque
1595 1094 1721 1131 quam

97 1153 304 1204 plurimis,
338 1154 410 1203 qui
440 1166 487 1191 se
518 1154 678 1204 aliquid
708 1155 957 1206 intelligere
983 1155 1025 1192 in
1048 1155 1112 1193 his
1135 1154 1291 1204 studijs
1310 1154 1588 1205 profitentun
1611 1165 1722 1203 quae

99 1236 203 1262 sane
240 1224 385 1262 omnia
418 1229 625 1275 quantum
655 1225 904 1276 intelligere
934 1226 1170 1276 potuimus,
1203 1238 1290 1263 non
1320 1225 1401 1263 nisi
1431 1238 1527 1263 cum
1558 1237 1724 1261 summa

101 1293 290 1333 omnium
318 1297 458 1346 gratia
485 1297 684 1347 perfecta
705 1302 818 1335 sunt.
845 1297 897 1334 Et
918 1310 1162 1347 quanquam
1183 1298 1321 1347 primo
1344 1296 1458 1334 haud
1481 1308 1585 1334 sane
1607 1308 1722 1346 mag-

98 1380 178 1405 nus
200 1365 511 1417 discipulorum
532 1380 740 1406 numerus
762 1368 816 1406 ad
837 1374 1010 1406 nostras
1031 1369 1203 1406 scholas
1231 1368 1490 1418 accedebam
1524 1373 1643 1405 tanta
1663 1373 1723 1404 ta-

100 1450 199 1476 men
220 1436 393 1484 deinde,
416 1439 541 1476 breui
562 1439 797 1477 interiecto
820 1440 1030 1490 temporis
1054 1439 1209 1490 spatio,
1234 1438 1465 1477 multitudo
1498 1438 1722 1484 confluxit,

100 1513 147 1546 ut
176 1507 229 1547 ad
259 1506 369 1546 duos
401 1521 479 1547 eos
510 1510 743 1560 magistros
774 1511 846 1561 qui
876 1510 1080 1560 destinatj
1110 1513 1297 1557 fuerant,
1320 1511 1476 1548 tertius
1498 1509 1724 1547 addendus

100 1580 350 1618 necessario
376 1580 522 1627 fuerit,
547 1584 590 1618 et
611 1594 726 1619 nunc
747 1580 787 1618 in
810 1581 978 1620 duabus
1000 1582 1162 1620 scholis
1183 1586 1283 1619 sunt
1313 1580 1367 1619 ad
1397 1589 1445 1629 25
1477 1593 1606 1631 supra
1627 1593 1724 1618 cen-

100 1658 206 1699 tum,
231 1664 330 1690 cum
350 1652 520 1703 plurimi
545 1653 677 1690 etiam
704 1654 921 1704 repulsam
952 1653 1130 1691 tulerint
1160 1659 1340 1704 propter
1370 1652 1456 1691 loci
1486 1652 1723 1703 angustias,

100 1723 143 1761 in
172 1723 326 1773 quibus
362 1736 410 1760 se
445 1723 504 1761 ita
535 1729 685 1762 mutuo
719 1725 1022 1775 comprimunt,
1058 1731 1105 1763 ut
1134 1725 1218 1763 iarn
1249 1724 1442 1762 recusari
1471 1737 1558 1762 non
1587 1724 1725 1775 possit

100 1794 202 1844 quin
230 1794 370 1844 primo
400 1808 575 1845 quoque
605 1799 807 1846 tempore
838 1796 961 1834 locus
991 1796 1131 1835 laxior
1160 1801 1354 1846 paretur;
1386 1795 1504 1846 quod
1527 1808 1623 1833 cum
1645 1796 1725 1845 pri-

102 1879 217 1903 mum
246 1865 408 1904 factum
438 1865 584 1913 fuerit,
616 1867 874 1905 cateruatim
903 1867 957 1905 ad
992 1881 1072 1906 nos
1103 1880 1395 1906 concursuros
1427 1866 1722 1905 existimarim.

103 1937 190 1974 Iam
213 1936 327 1974 enim
346 1936 544 1988 plerique
566 1938 834 1988 perspiciunt
854 1939 1004 1988 quanti
1025 1939 1079 1977 sit
1100 1951 1262 1989 pueros
1284 1941 1363 1977 sub
1385 1939 1622 1977 Societatis
1643 1938 1725 1976 dis-

103 2006 258 2058 ciplina
278 2008 459 2055 institui,
484 2022 581 2046 cum
602 2009 838 2059 plerosque
861 2009 1040 2048 uideant
1061 2016 1152 2048 turn
1174 2011 1215 2048 in
1237 2011 1390 2057 literis,
1414 2016 1505 2048 tum
1531 2011 1573 2048 in
1596 2010 1726 2048 chris-

103 2079 257 2118 tianab
291 2079 473 2130 pietate,
504 2080 763 2119 breuissimo
794 2082 1007 2132 temporis
1028 2082 1186 2133 spatio,
1220 2081 1352 2120 miros
1386 2094 1646 2132 progressus
1667 2081 1727 2118 fe-

105 2150 232 2197 cisse,
257 2155 302 2188 et
323 2163 348 2188 a
373 2151 627 2201 petulantia,
661 2153 770 2199 alea,
801 2152 1002 2203 ludisque
1026 2154 1238 2204 turpibus,
1262 2153 1418 2204 quibus
1440 2157 1570 2191 antea
1590 2152 1725 2200 cleditj

105 2222 292 2269 fuerant,
320 2221 376 2260 ad
397 2222 657 2260 modestiam
679 2224 927 2274 bonamque
948 2224 1119 2275 frugem
1141 2237 1189 2262 se
1225 2225 1477 2262 contulisse.
1513 2225 1611 2274 Quo
1642 2224 1727 2261 fac-

104 2298 196 2331 tum
219 2297 301 2340 est,
320 2298 368 2330 ut
390 2306 487 2331 cum
508 2293 573 2331 his
596 2293 750 2332 diebus
773 2294 827 2332 de
849 2294 1073 2333 tradendis
1101 2295 1228 2334 nobis
1260 2295 1581 2333 communitatis
1603 2295 1728 2332 scho-

104 2365 155 2402 lis
176 2363 404 2402 decretum
426 2364 765 2412 intercessisset,
791 2371 835 2403 et
857 2365 1083 2404 uideretur
1104 2366 1307 2416 quiddam
1331 2367 1522 2411 obstare,
1547 2378 1631 2415 quo
1655 2366 1727 2402 mi-

105 2449 184 2474 nus
213 2448 290 2486 per
317 2441 488 2473 nostras
511 2436 849 2474 constitutiones
871 2438 1188 2488 reciperentur,
1213 2437 1400 2476 maxima
1423 2436 1618 2474 extiterit
1638 2436 1727 2486 plu-

106 2506 310 2545 rimorum
343 2518 583 2557 eorumque
613 2507 842 2557 primatum
878 2509 1120 2555 contentio,
1157 2522 1211 2547 ne
1246 2513 1411 2547 tantam
1448 2507 1726 2546 occasionem

106 2583 192 2615 tam
226 2575 423 2628 perditae
457 2576 711 2625 iuuentutis,
749 2585 795 2616 ut
829 2579 909 2630 ipsi
944 2580 1162 2627 dicebant,
1201 2579 1506 2631 corrigendae,
1541 2585 1584 2616 et
1615 2579 1727 2615 bene

106 2654 317 2699 recteque
348 2649 390 2686 in
420 2648 652 2687 christiana
681 2650 847 2701 pietate
873 2651 1184 2699 instituendae,
1209 2651 1414 2689 diuinitus
1436 2650 1490 2688 ad
1511 2662 1591 2687 nos
1613 2649 1728 2686 dela-

105 2726 208 2768 tam,
234 2733 257 2758 e
279 2719 474 2758 manibus
492 2720 605 2759 elabi
622 2721 880 2760 sineremus:
899 2735 1036 2773 penes
1057 2736 1137 2761 nos
1159 2735 1283 2769 unos,
1303 2726 1401 2772 post
1425 2722 1579 2767 Deum,
1603 2719 1728 2757 sitam

108 2804 206 2830 esse
240 2794 522 2841 potestatem,
555 2797 602 2829 ut
635 2793 745 2831 haec
774 2791 979 2832 iuuentus
1014 2793 1244 2844 aliquando
1281 2793 1508 2831 meliorem
1549 2789 1725 2838 uiuendj

155 3011 174 3031 a
224 3008 383 3047 numeri
403 3019 480 3045 ms.
535 3011 601 3036 —b
622 3008 808 3046 Emend.
829 3019 879 3046 ex
896 3020 1014 3045 xana.
