<?xml version="1.0" encoding="UTF-8"?>
<!DOCTYPE html PUBLIC "-//W3C//DTD XHTML 1.0 Transitional//EN"
    "http://www.w3.org/TR/xhtml1/DTD/xhtml1-transitional.dtd">
<html xmlns="http://www.w3.org/1999/xhtml" xml:lang="en" lang="en">
 <head>
  <title>
</title>
<meta http-equiv="Content-Type" content="text/html;charset=utf-8" />
  <meta name='ocr-system' content='tesseract 3.04.00' />
  <meta name='ocr-capabilities' content='ocr_page ocr_carea ocr_par ocr_line ocrx_word'/>
</head>
<body>
  <div class='ocr_page' id='page_1' title='image "./litteraequadrime18lain_0773.png"; bbox 0 0 2038 3400; ppageno 0'>
   <div class='ocr_carea' id='block_1_1' title="bbox 521 268 1685 307">
    <p class='ocr_par' dir='ltr' id='par_1_1' title="bbox 521 268 1685 307">
     <span class='ocr_line' id='line_1_1' title="bbox 521 268 1685 307; baseline -0.001 -2"><span class='ocrx_word' id='word_1_1' title='bbox 521 268 903 307; x_wconf 61' lang='lat' dir='ltr'>407.—V1N00130NA</span> <span class='ocrx_word' id='word_1_2' title='bbox 932 270 974 306; x_wconf 82' lang='lat'><em>31</em></span> <span class='ocrx_word' id='word_1_3' title='bbox 1005 269 1194 306; x_wconf 60' lang='lat' dir='ltr'><em>Anausin</em></span> <span class='ocrx_word' id='word_1_4' title='bbox 1226 269 1315 306; x_wconf 82' lang='lat'>1560</span> <span class='ocrx_word' id='word_1_5' title='bbox 1615 271 1685 306; x_wconf 63' lang='lat'><em>7553</em></span> 
     </span>
    </p>
   </div>
   <div class='ocr_carea' id='block_1_2' title="bbox 174 368 1732 1138">
    <p class='ocr_par' dir='ltr' id='par_1_2' title="bbox 174 368 1732 1138">
     <span class='ocr_line' id='line_1_2' title="bbox 188 368 1730 431; baseline 0.001 -24"><span class='ocrx_word' id='word_1_6' title='bbox 188 369 419 421; x_wconf 78' lang='lat' dir='ltr'><em>legiornm</em></span> <span class='ocrx_word' id='word_1_7' title='bbox 440 368 832 421; x_wconf 76' lang='lat' dir='ltr'><em>ingolstadiensis,</em></span> <span class='ocrx_word' id='word_1_8' title='bbox 848 369 1096 421; x_wconf 76' lang='lat' dir='ltr'><em>pragensis</em></span> <span class='ocrx_word' id='word_1_9' title='bbox 1112 372 1151 409; x_wconf 74' lang='lat' dir='ltr'><em>et</em></span> <span class='ocrx_word' id='word_1_10' title='bbox 1172 369 1425 431; x_wconf 63' lang='lat' dir='ltr'><em>viennensis</em></span> <span class='ocrx_word' id='word_1_11' title='bbox 1442 369 1730 409; x_wconf 76' lang='lat' dir='ltr'><em>conveniunt:</em></span> 
     </span>
     <span class='ocr_line' id='line_1_3' title="bbox 188 433 1728 486; baseline 0.001 -14"><span class='ocrx_word' id='word_1_12' title='bbox 188 434 305 473; x_wconf 77' lang='lat' dir='ltr'><em>inter</em></span> <span class='ocrx_word' id='word_1_13' title='bbox 324 448 368 473; x_wconf 84' lang='lat' dir='ltr'><em>se</em></span> <span class='ocrx_word' id='word_1_14' title='bbox 390 433 742 473; x_wconf 54' lang='lat' dir='ltr'><em>consulunt—7.</em></span> <span class='ocrx_word' id='word_1_15' title='bbox 778 435 993 473; x_wconf 73' lang='lat' dir='ltr'><em>Votorum</em></span> <span class='ocrx_word' id='word_1_16' title='bbox 1010 434 1246 474; x_wconf 87' lang='lat' dir='ltr'><em>renovatio</em></span> <span class='ocrx_word' id='word_1_17' title='bbox 1268 437 1307 474; x_wconf 88' lang='lat' dir='ltr'><em>et</em></span> <span class='ocrx_word' id='word_1_18' title='bbox 1329 435 1623 486; x_wconf 73' lang='lat' dir='ltr'><em>nuncupatio.</em></span> <span class='ocrx_word' id='word_1_19' title='bbox 1647 436 1728 473; x_wconf 86' lang='lat' dir='ltr'><em>Or-</em></span> 
     </span>
     <span class='ocr_line' id='line_1_4' title="bbox 188 499 1732 550; baseline 0.001 -13"><span class='ocrx_word' id='word_1_20' title='bbox 188 500 311 537; x_wconf 76' lang='lat' dir='ltr'><em>dines</em></span> <span class='ocrx_word' id='word_1_21' title='bbox 349 499 488 538; x_wconf 86' lang='lat' dir='ltr'><em>sacri.</em></span> <span class='ocrx_word' id='word_1_22' title='bbox 532 499 762 539; x_wconf 72' lang='lat' dir='ltr'><em>Lectiones</em></span> <span class='ocrx_word' id='word_1_23' title='bbox 802 502 852 538; x_wconf 78' lang='lat' dir='ltr'><em>cle</em></span> <span class='ocrx_word' id='word_1_24' title='bbox 886 499 1004 538; x_wconf 79' lang='lat' dir='ltr'><em>libro</em></span> <span class='ocrx_word' id='word_1_25' title='bbox 1041 499 1397 547; x_wconf 79' lang='lat' dir='ltr'><em>Exercitiormn,</em></span> <span class='ocrx_word' id='word_1_26' title='bbox 1441 502 1490 539; x_wconf 86' lang='lat' dir='ltr'><em>de</em></span> <span class='ocrx_word' id='word_1_27' title='bbox 1530 499 1732 550; x_wconf 78' lang='lat' dir='ltr'><em>epistolis</em></span> 
     </span>
     <span class='ocr_line' id='line_1_5' title="bbox 186 564 1730 611; baseline 0.001 -8"><span class='ocrx_word' id='word_1_28' title='bbox 186 564 232 604; x_wconf 83' lang='lat' dir='ltr'><em>S.</em></span> <span class='ocrx_word' id='word_1_29' title='bbox 251 565 399 611; x_wconf 82' lang='lat' dir='ltr'><em>Pauli,</em></span> <span class='ocrx_word' id='word_1_30' title='bbox 424 566 474 604; x_wconf 83' lang='lat' dir='ltr'><em>de</em></span> <span class='ocrx_word' id='word_1_31' title='bbox 491 565 763 604; x_wconf 78' lang='lat' dir='ltr'><em>catechismo</em></span> <span class='ocrx_word' id='word_1_32' title='bbox 782 565 830 603; x_wconf 85' lang='lat' dir='ltr'><em>P.</em></span> <span class='ocrx_word' id='word_1_33' title='bbox 854 564 1144 605; x_wconf 34' lang='lat' dir='ltr'><em>canistri-8.</em></span> <span class='ocrx_word' id='word_1_34' title='bbox 1166 565 1561 605; x_wconf 76' lang='lat' dir='ltr'><em>Scliolasticormn</em></span> <span class='ocrx_word' id='word_1_35' title='bbox 1578 579 1730 604; x_wconf 81' lang='lat' dir='ltr'><em>nmne-</em></span> 
     </span>
     <span class='ocr_line' id='line_1_6' title="bbox 186 630 1729 680; baseline 0 -11"><span class='ocrx_word' id='word_1_36' title='bbox 186 643 267 669; x_wconf 85' lang='lat' dir='ltr'><em>rns</em></span> <span class='ocrx_word' id='word_1_37' title='bbox 296 630 470 670; x_wconf 86' lang='lat' dir='ltr'><em>crescit.</em></span> <span class='ocrx_word' id='word_1_38' title='bbox 505 630 739 670; x_wconf 82' lang='lat' dir='ltr'><em>Exercitia</em></span> <span class='ocrx_word' id='word_1_39' title='bbox 766 630 950 680; x_wconf 72' lang='lat' dir='ltr'><em>pietatis</em></span> <span class='ocrx_word' id='word_1_40' title='bbox 983 633 1023 670; x_wconf 85' lang='lat' dir='ltr'><em>et</em></span> <span class='ocrx_word' id='word_1_41' title='bbox 1053 631 1434 671; x_wconf 69' lang='lat' dir='ltr'><em>litterarum—9.</em></span> <span class='ocrx_word' id='word_1_42' title='bbox 1470 631 1729 670; x_wconf 86' lang='lat' dir='ltr'><em>Cassovien-</em></span> 
     </span>
     <span class='ocr_line' id='line_1_7' title="bbox 183 695 1730 747; baseline 0.001 -14"><span class='ocrx_word' id='word_1_43' title='bbox 183 695 303 734; x_wconf 75' lang='lat' dir='ltr'><em>siam</em></span> <span class='ocrx_word' id='word_1_44' title='bbox 321 695 657 735; x_wconf 75' lang='lat' dir='ltr'><em>haereticoram</em></span> <span class='ocrx_word' id='word_1_45' title='bbox 679 695 953 735; x_wconf 60' lang='lat' dir='ltr'><em>timon—10.</em></span> <span class='ocrx_word' id='word_1_46' title='bbox 977 696 1191 736; x_wconf 78' lang='lat' dir='ltr'><em>Caesaris</em></span> <span class='ocrx_word' id='word_1_47' title='bbox 1211 696 1464 747; x_wconf 75' lang='lat' dir='ltr'><em>sumptibus</em></span> <span class='ocrx_word' id='word_1_48' title='bbox 1475 699 1590 747; x_wconf 74' lang='lat' dir='ltr'><em>pars</em></span> <span class='ocrx_word' id='word_1_49' title='bbox 1604 697 1730 736; x_wconf 77' lang='lat' dir='ltr'><em>scho-</em></span> 
     </span>
     <span class='ocr_line' id='line_1_8' title="bbox 184 761 1730 802; baseline 0.001 -3"><span class='ocrx_word' id='word_1_50' title='bbox 184 762 253 800; x_wconf 86' lang='lat' dir='ltr'><em>lae</em></span> <span class='ocrx_word' id='word_1_51' title='bbox 275 761 650 800; x_wconf 27' lang='lat' dir='ltr'><em>absolveturfu.</em></span> <span class='ocrx_word' id='word_1_52' title='bbox 676 761 760 800; x_wconf 82' lang='lat' dir='ltr'><em>Res</em></span> <span class='ocrx_word' id='word_1_53' title='bbox 781 763 1063 802; x_wconf 79' lang='lat' dir='ltr'><em>domesticae.</em></span> <span class='ocrx_word' id='word_1_54' title='bbox 1090 763 1158 802; x_wconf 85' lang='lat' dir='ltr'><em>Ex</em></span> <span class='ocrx_word' id='word_1_55' title='bbox 1179 762 1401 801; x_wconf 85' lang='lat' dir='ltr'><em>Societate</em></span> <span class='ocrx_word' id='word_1_56' title='bbox 1423 764 1730 801; x_wconf 68' lang='lat' dir='ltr'><em>munerantur</em></span> 
     </span>
     <span class='ocr_line' id='line_1_9' title="bbox 185 826 1732 879; baseline 0.001 -15"><span class='ocrx_word' id='word_1_57' title='bbox 185 837 235 873; x_wconf 80' lang='lat'><em>50</em></span> <span class='ocrx_word' id='word_1_58' title='bbox 256 829 296 865; x_wconf 88' lang='lat' dir='ltr'><em>et</em></span> <span class='ocrx_word' id='word_1_59' title='bbox 318 826 500 865; x_wconf 81' lang='lat' dir='ltr'><em>totidem</em></span> <span class='ocrx_word' id='word_1_60' title='bbox 523 826 798 866; x_wconf 80' lang='lat' dir='ltr'><em>convictores</em></span> <span class='ocrx_word' id='word_1_61' title='bbox 819 828 1009 867; x_wconf 82' lang='lat' dir='ltr'><em>externi:</em></span> <span class='ocrx_word' id='word_1_62' title='bbox 1032 827 1122 867; x_wconf 87' lang='lat' dir='ltr'><em>loci</em></span> <span class='ocrx_word' id='word_1_63' title='bbox 1144 827 1377 879; x_wconf 68' lang='lat' dir='ltr'><em>angustiis</em></span> <span class='ocrx_word' id='word_1_64' title='bbox 1402 829 1560 878; x_wconf 77' lang='lat' dir='ltr'><em>plnres</em></span> <span class='ocrx_word' id='word_1_65' title='bbox 1590 827 1732 878; x_wconf 81' lang='lat' dir='ltr'><em>recipi</em></span> 
     </span>
     <span class='ocr_line' id='line_1_10' title="bbox 182 891 1729 943; baseline 0.001 -13"><span class='ocrx_word' id='word_1_66' title='bbox 182 893 419 941; x_wconf 74' lang='lat' dir='ltr'><em>nequeant.</em></span> <span class='ocrx_word' id='word_1_67' title='bbox 459 891 653 942; x_wconf 76' lang='lat' dir='ltr'><em>Campus</em></span> <span class='ocrx_word' id='word_1_68' title='bbox 688 892 967 932; x_wconf 86' lang='lat' dir='ltr'><em>recreationi</em></span> <span class='ocrx_word' id='word_1_69' title='bbox 1006 895 1139 943; x_wconf 78' lang='lat' dir='ltr'><em>aptus</em></span> <span class='ocrx_word' id='word_1_70' title='bbox 1177 894 1379 932; x_wconf 77' lang='lat' dir='ltr'><em>donatur</em></span> <span class='ocrx_word' id='word_1_71' title='bbox 1414 906 1440 930; x_wconf 92' lang='lat' dir='ltr'><em>a</em></span> <span class='ocrx_word' id='word_1_72' title='bbox 1476 891 1729 931; x_wconf 71' lang='lat' dir='ltr'><em>civitate.—</em></span> 
     </span>
     <span class='ocr_line' id='line_1_11' title="bbox 182 955 1727 1009; baseline 0.001 -14"><span class='ocrx_word' id='word_1_73' title='bbox 182 955 237 996; x_wconf 87' lang='lat'><em>12.</em></span> <span class='ocrx_word' id='word_1_74' title='bbox 270 956 437 995; x_wconf 80' lang='lat' dir='ltr'><em>Nuntii</em></span> <span class='ocrx_word' id='word_1_75' title='bbox 466 956 707 1007; x_wconf 75' lang='lat' dir='ltr'><em>apostolici</em></span> <span class='ocrx_word' id='word_1_76' title='bbox 736 957 1026 1007; x_wconf 76' lang='lat' dir='ltr'><em>aliorumque</em></span> <span class='ocrx_word' id='word_1_77' title='bbox 1056 960 1364 1009; x_wconf 75' lang='lat' dir='ltr'><em>episcoporum</em></span> <span class='ocrx_word' id='word_1_78' title='bbox 1392 970 1509 1009; x_wconf 78' lang='lat' dir='ltr'><em>erga</em></span> <span class='ocrx_word' id='word_1_79' title='bbox 1530 957 1727 997; x_wconf 83' lang='lat' dir='ltr'><em>Societa-</em></span> 
     </span>
     <span class='ocr_line' id='line_1_12' title="bbox 181 1021 1727 1074; baseline 0.001 -14"><span class='ocrx_word' id='word_1_80' title='bbox 181 1025 265 1061; x_wconf 80' lang='lat' dir='ltr'><em>tem</em></span> <span class='ocrx_word' id='word_1_81' title='bbox 287 1021 605 1072; x_wconf 80' lang='lat' dir='ltr'><em>bene-volentia.</em></span> <span class='ocrx_word' id='word_1_82' title='bbox 632 1023 776 1061; x_wconf 85' lang='lat' dir='ltr'><em>Plura</em></span> <span class='ocrx_word' id='word_1_83' title='bbox 800 1022 917 1073; x_wconf 83' lang='lat' dir='ltr'><em>festa</em></span> <span class='ocrx_word' id='word_1_84' title='bbox 938 1036 1075 1062; x_wconf 89' lang='lat' dir='ltr'><em>sacra</em></span> <span class='ocrx_word' id='word_1_85' title='bbox 1099 1025 1220 1074; x_wconf 76' lang='lat' dir='ltr'><em>apud</em></span> <span class='ocrx_word' id='word_1_86' title='bbox 1240 1036 1324 1063; x_wconf 91' lang='lat' dir='ltr'><em>nos</em></span> <span class='ocrx_word' id='word_1_87' title='bbox 1346 1024 1542 1063; x_wconf 81' lang='lat' dir='ltr'><em>celebrat</em></span> <span class='ocrx_word' id='word_1_88' title='bbox 1563 1023 1727 1074; x_wconf 77' lang='lat' dir='ltr'><em>episco-</em></span> 
     </span>
     <span class='ocr_line' id='line_1_13' title="bbox 174 1087 566 1138; baseline 0 -12"><span class='ocrx_word' id='word_1_89' title='bbox 174 1090 260 1138; x_wconf 66' lang='lat' dir='ltr'><em>pas</em></span> <span class='ocrx_word' id='word_1_90' title='bbox 280 1087 566 1127; x_wconf 83' lang='lat' dir='ltr'><em>varmiensis.</em></span> 
     </span>
    </p>
   </div>
   <div class='ocr_carea' id='block_1_3' title="bbox 88 1213 1726 2971">
    <p class='ocr_par' dir='ltr' id='par_1_3' title="bbox 90 1213 1726 2466">
     <span class='ocr_line' id='line_1_14' title="bbox 158 1213 1726 1264; baseline 0.001 -14"><span class='ocrx_word' id='word_1_91' title='bbox 158 1224 171 1251; x_wconf 90' lang='lat'>1</span> <span class='ocrx_word' id='word_1_92' title='bbox 232 1215 260 1263; x_wconf 88' lang='lat'><strong>†</strong></span> <span class='ocrx_word' id='word_1_93' title='bbox 289 1213 431 1263; x_wconf 81' lang='lat' dir='ltr'><em>Jesus,</em></span> <span class='ocrx_word' id='word_1_94' title='bbox 456 1213 610 1252; x_wconf 83' lang='lat' dir='ltr'><em>Gratia</em></span> <span class='ocrx_word' id='word_1_95' title='bbox 631 1219 675 1252; x_wconf 90' lang='lat' dir='ltr'><em>et</em></span> <span class='ocrx_word' id='word_1_96' title='bbox 696 1226 779 1264; x_wconf 86' lang='lat' dir='ltr'><em>pax</em></span> <span class='ocrx_word' id='word_1_97' title='bbox 803 1215 899 1252; x_wconf 88' lang='lat' dir='ltr'><em>Dni.</em></span> <span class='ocrx_word' id='word_1_98' title='bbox 927 1219 1010 1252; x_wconf 89' lang='lat' dir='ltr'><em>etc.</em></span> <span class='ocrx_word' id='word_1_99' title='bbox 1035 1215 1140 1253; x_wconf 92' lang='lat' dir='ltr'><em>Vnis</em></span> <span class='ocrx_word' id='word_1_100' title='bbox 1162 1214 1316 1262; x_wconf 88' lang='lat' dir='ltr'><em>literis,</em></span> <span class='ocrx_word' id='word_1_101' title='bbox 1349 1220 1395 1252; x_wconf 92' lang='lat' dir='ltr'><em>ut</em></span> <span class='ocrx_word' id='word_1_102' title='bbox 1428 1226 1618 1253; x_wconf 86' lang='lat' dir='ltr'><em>canones</em></span> <span class='ocrx_word' id='word_1_103' title='bbox 1648 1213 1726 1252; x_wconf 89' lang='lat' dir='ltr'><em>So-</em></span> 
     </span>
     <span class='ocr_line' id='line_1_15' title="bbox 99 1285 1725 1337; baseline -0.002 -12"><span class='ocrx_word' id='word_1_104' title='bbox 99 1286 270 1325; x_wconf 84' lang='lat' dir='ltr'><em>cietatis</em></span> <span class='ocrx_word' id='word_1_105' title='bbox 300 1291 478 1323; x_wconf 88' lang='lat' dir='ltr'><em>nostrae</em></span> <span class='ocrx_word' id='word_1_106' title='bbox 506 1285 799 1336; x_wconf 85' lang='lat' dir='ltr'><em>probatissimi</em></span> <span class='ocrx_word' id='word_1_107' title='bbox 830 1287 956 1324; x_wconf 87' lang='lat' dir='ltr'><em>nobis</em></span> <span class='ocrx_word' id='word_1_108' title='bbox 986 1287 1304 1337; x_wconf 87' lang='lat' dir='ltr'><em>praescribunt,</em></span> <span class='ocrx_word' id='word_1_109' title='bbox 1341 1285 1725 1336; x_wconf 82' lang='lat' dir='ltr'><em>laudatissimaque</em></span> 
     </span>
     <span class='ocr_line' id='line_1_16' title="bbox 98 1357 1724 1409; baseline -0.002 -12"><span class='ocrx_word' id='word_1_110' title='bbox 98 1357 373 1397; x_wconf 79' lang='lat' dir='ltr'><em>consuetudo</em></span> <span class='ocrx_word' id='word_1_111' title='bbox 396 1363 546 1395; x_wconf 89' lang='lat' dir='ltr'><em>nostra</em></span> <span class='ocrx_word' id='word_1_112' title='bbox 569 1357 770 1405; x_wconf 84' lang='lat' dir='ltr'><em>obtinuit,</em></span> <span class='ocrx_word' id='word_1_113' title='bbox 795 1358 842 1395; x_wconf 83' lang='lat' dir='ltr'><em>R.</em></span> <span class='ocrx_word' id='word_1_114' title='bbox 868 1358 909 1395; x_wconf 91' lang='lat' dir='ltr'><em>in</em></span> <span class='ocrx_word' id='word_1_115' title='bbox 927 1358 1101 1397; x_wconf 85' lang='lat' dir='ltr'><em>Christo</em></span> <span class='ocrx_word' id='word_1_116' title='bbox 1125 1359 1190 1405; x_wconf 87' lang='lat' dir='ltr'><em>P.‚</em></span> <span class='ocrx_word' id='word_1_117' title='bbox 1216 1370 1268 1396; x_wconf 89' lang='lat' dir='ltr'><em>ea</em></span> <span class='ocrx_word' id='word_1_118' title='bbox 1288 1358 1593 1409; x_wconf 82' lang='lat' dir='ltr'><em>perstringam,</em></span> <span class='ocrx_word' id='word_1_119' title='bbox 1613 1369 1724 1408; x_wconf 89' lang='lat' dir='ltr'><em>quae</em></span> 
     </span>
     <span class='ocr_line' id='line_1_17' title="bbox 97 1427 1724 1480; baseline -0.001 -12"><span class='ocrx_word' id='word_1_120' title='bbox 97 1430 242 1468; x_wconf 89' lang='lat' dir='ltr'><em>diuina</em></span> <span class='ocrx_word' id='word_1_121' title='bbox 257 1430 429 1467; x_wconf 88' lang='lat' dir='ltr'><em>bonitas</em></span> <span class='ocrx_word' id='word_1_122' title='bbox 446 1429 565 1467; x_wconf 89' lang='lat' dir='ltr'><em>hisce</em></span> <span class='ocrx_word' id='word_1_123' title='bbox 584 1435 771 1479; x_wconf 85' lang='lat' dir='ltr'><em>quatuor</em></span> <span class='ocrx_word' id='word_1_124' title='bbox 787 1430 986 1480; x_wconf 85' lang='lat' dir='ltr'><em>proxime</em></span> <span class='ocrx_word' id='word_1_125' title='bbox 1006 1429 1162 1480; x_wconf 85' lang='lat' dir='ltr'><em>elapsis</em></span> <span class='ocrx_word' id='word_1_126' title='bbox 1184 1430 1407 1469; x_wconf 87' lang='lat' dir='ltr'><em>mensibus</em></span> <span class='ocrx_word' id='word_1_127' title='bbox 1422 1442 1500 1480; x_wconf 91' lang='lat' dir='ltr'><em>per</em></span> <span class='ocrx_word' id='word_1_128' title='bbox 1522 1427 1724 1480; x_wconf 82' lang='lat' dir='ltr'><em>indignos</em></span> 
     </span>
     <span class='ocr_line' id='line_1_18' title="bbox 97 1500 1723 1553; baseline -0.001 -13"><span class='ocrx_word' id='word_1_129' title='bbox 97 1502 322 1553; x_wconf 84' lang='lat' dir='ltr'><em>operarios</em></span> <span class='ocrx_word' id='word_1_130' title='bbox 344 1514 446 1539; x_wconf 87' lang='lat' dir='ltr'><em>suos</em></span> <span class='ocrx_word' id='word_1_131' title='bbox 463 1501 505 1539; x_wconf 87' lang='lat' dir='ltr'><em>in</em></span> <span class='ocrx_word' id='word_1_132' title='bbox 521 1501 607 1539; x_wconf 92' lang='lat' dir='ltr'><em>hoc</em></span> <span class='ocrx_word' id='word_1_133' title='bbox 628 1500 858 1539; x_wconf 87' lang='lat' dir='ltr'><em>viennensi</em></span> <span class='ocrx_word' id='word_1_134' title='bbox 890 1502 1078 1552; x_wconf 83' lang='lat' dir='ltr'><em>collegio</em></span> <span class='ocrx_word' id='word_1_135' title='bbox 1111 1502 1349 1540; x_wconf 85' lang='lat' dir='ltr'><em>Societatis</em></span> <span class='ocrx_word' id='word_1_136' title='bbox 1374 1503 1479 1552; x_wconf 90' lang='lat' dir='ltr'><em>Jesu</em></span> <span class='ocrx_word' id='word_1_137' title='bbox 1508 1501 1723 1551; x_wconf 89' lang='lat' dir='ltr'><em>perficere</em></span> 
     </span>
     <span class='ocr_line' id='line_1_19' title="bbox 97 1572 1720 1624; baseline -0.001 -13"><span class='ocrx_word' id='word_1_138' title='bbox 97 1573 248 1611; x_wconf 88' lang='lat' dir='ltr'><em>uoluit.</em></span> <span class='ocrx_word' id='word_1_139' title='bbox 268 1573 331 1611; x_wconf 81' lang='lat' dir='ltr'><em>Ac</em></span> <span class='ocrx_word' id='word_1_140' title='bbox 347 1578 393 1610; x_wconf 91' lang='lat' dir='ltr'><em>ut</em></span> <span class='ocrx_word' id='word_1_141' title='bbox 410 1573 463 1610; x_wconf 90' lang='lat' dir='ltr'><em>ab</em></span> <span class='ocrx_word' id='word_1_142' title='bbox 480 1572 572 1623; x_wconf 88' lang='lat' dir='ltr'><em>ipso</em></span> <span class='ocrx_word' id='word_1_143' title='bbox 593 1578 963 1611; x_wconf 87' lang='lat' dir='ltr'><em>sacramentorum</em></span> <span class='ocrx_word' id='word_1_144' title='bbox 981 1587 1061 1611; x_wconf 91' lang='lat' dir='ltr'><em>usu</em></span> <span class='ocrx_word' id='word_1_145' title='bbox 1077 1574 1333 1624; x_wconf 90' lang='lat' dir='ltr'><em>principium</em></span> <span class='ocrx_word' id='word_1_146' title='bbox 1350 1572 1525 1611; x_wconf 88' lang='lat' dir='ltr'><em>dicendi</em></span> <span class='ocrx_word' id='word_1_147' title='bbox 1541 1585 1720 1619; x_wconf 79' lang='lat' dir='ltr'><em>sumam,</em></span> 
     </span>
     <span class='ocr_line' id='line_1_20' title="bbox 95 1644 1724 1696; baseline -0.001 -13"><span class='ocrx_word' id='word_1_148' title='bbox 95 1645 396 1683; x_wconf 87' lang='lat' dir='ltr'><em>confitentium</em></span> <span class='ocrx_word' id='word_1_149' title='bbox 417 1644 619 1695; x_wconf 86' lang='lat' dir='ltr'><em>profecto</em></span> <span class='ocrx_word' id='word_1_150' title='bbox 644 1650 689 1682; x_wconf 91' lang='lat' dir='ltr'><em>et</em></span> <span class='ocrx_word' id='word_1_151' title='bbox 718 1645 1131 1683; x_wconf 82' lang='lat' dir='ltr'><em>communicantium</em></span> <span class='ocrx_word' id='word_1_152' title='bbox 1152 1646 1195 1683; x_wconf 90' lang='lat' dir='ltr'><em>in</em></span> <span class='ocrx_word' id='word_1_153' title='bbox 1218 1646 1383 1696; x_wconf 88' lang='lat' dir='ltr'><em>templo</em></span> <span class='ocrx_word' id='word_1_154' title='bbox 1415 1650 1566 1683; x_wconf 91' lang='lat' dir='ltr'><em>nostro</em></span> <span class='ocrx_word' id='word_1_155' title='bbox 1603 1650 1724 1682; x_wconf 91' lang='lat' dir='ltr'><em>tanta</em></span> 
     </span>
     <span class='ocr_line' id='line_1_21' title="bbox 95 1715 1722 1766; baseline -0.001 -11"><span class='ocrx_word' id='word_1_156' title='bbox 95 1722 177 1763; x_wconf 88' lang='lat' dir='ltr'><em>est,</em></span> <span class='ocrx_word' id='word_1_157' title='bbox 202 1715 523 1754; x_wconf 86' lang='lat' dir='ltr'><em>solennioribus</em></span> <span class='ocrx_word' id='word_1_158' title='bbox 545 1715 730 1753; x_wconf 87' lang='lat' dir='ltr'><em>maxime</em></span> <span class='ocrx_word' id='word_1_159' title='bbox 754 1715 892 1763; x_wconf 76' lang='lat' dir='ltr'><em>festis,</em></span> <span class='ocrx_word' id='word_1_160' title='bbox 916 1715 1179 1766; x_wconf 80' lang='lat' dir='ltr'><em>frequentia,</em></span> <span class='ocrx_word' id='word_1_161' title='bbox 1212 1722 1374 1766; x_wconf 88' lang='lat' dir='ltr'><em>quanta</em></span> <span class='ocrx_word' id='word_1_162' title='bbox 1404 1729 1428 1754; x_wconf 89' lang='lat' dir='ltr'><em>a</em></span> <span class='ocrx_word' id='word_1_163' title='bbox 1457 1716 1603 1753; x_wconf 89' lang='lat' dir='ltr'><em>multis</em></span> <span class='ocrx_word' id='word_1_164' title='bbox 1638 1715 1722 1753; x_wconf 92' lang='lat' dir='ltr'><em>iam</em></span> 
     </span>
     <span class='ocr_line' id='line_1_22' title="bbox 94 1787 1721 1837; baseline -0.001 -11"><span class='ocrx_word' id='word_1_165' title='bbox 94 1794 213 1826; x_wconf 87' lang='lat' dir='ltr'><em>retro</em></span> <span class='ocrx_word' id='word_1_166' title='bbox 236 1787 358 1825; x_wconf 88' lang='lat' dir='ltr'><em>annis</em></span> <span class='ocrx_word' id='word_1_167' title='bbox 375 1787 415 1824; x_wconf 90' lang='lat' dir='ltr'><em>in</em></span> <span class='ocrx_word' id='word_1_168' title='bbox 434 1787 669 1826; x_wconf 86' lang='lat' dir='ltr'><em>Germania</em></span> <span class='ocrx_word' id='word_1_169' title='bbox 686 1800 772 1824; x_wconf 84' lang='lat' dir='ltr'><em>non</em></span> <span class='ocrx_word' id='word_1_170' title='bbox 794 1788 849 1825; x_wconf 88' lang='lat' dir='ltr'><em>sit</em></span> <span class='ocrx_word' id='word_1_171' title='bbox 870 1787 963 1825; x_wconf 91' lang='lat' dir='ltr'><em>uisa</em></span> <span class='ocrx_word' id='word_1_172' title='bbox 993 1788 1144 1826; x_wconf 88' lang='lat' dir='ltr'><em>maior:</em></span> <span class='ocrx_word' id='word_1_173' title='bbox 1170 1788 1266 1826; x_wconf 91' lang='lat' dir='ltr'><em>Deo</em></span> <span class='ocrx_word' id='word_1_174' title='bbox 1289 1789 1396 1826; x_wconf 88' lang='lat' dir='ltr'><em>laus.</em></span> <span class='ocrx_word' id='word_1_175' title='bbox 1423 1787 1721 1837; x_wconf 78' lang='lat' dir='ltr'><em>Quamobrem</em></span> 
     </span>
     <span class='ocr_line' id='line_1_23' title="bbox 94 1857 1720 1910; baseline -0.001 -13"><span class='ocrx_word' id='word_1_176' title='bbox 94 1859 368 1910; x_wconf 86' lang='lat' dir='ltr'><em>compellitur</em></span> <span class='ocrx_word' id='word_1_177' title='bbox 390 1859 551 1896; x_wconf 85' lang='lat' dir='ltr'><em>Rector</em></span> <span class='ocrx_word' id='word_1_178' title='bbox 573 1863 723 1896; x_wconf 87' lang='lat' dir='ltr'><em>noster</em></span> <span class='ocrx_word' id='word_1_179' title='bbox 747 1862 754 1880; x_wconf 90' lang='lat'>¹</span> <span class='ocrx_word' id='word_1_180' title='bbox 780 1857 976 1910; x_wconf 82' lang='lat' dir='ltr'><em>cogitare</em></span> <span class='ocrx_word' id='word_1_181' title='bbox 998 1872 1082 1909; x_wconf 93' lang='lat' dir='ltr'><em>qua</em></span> <span class='ocrx_word' id='word_1_182' title='bbox 1102 1859 1274 1897; x_wconf 88' lang='lat' dir='ltr'><em>ratione</em></span> <span class='ocrx_word' id='word_1_183' title='bbox 1304 1858 1347 1897; x_wconf 89' lang='lat' dir='ltr'><em>id</em></span> <span class='ocrx_word' id='word_1_184' title='bbox 1384 1859 1547 1909; x_wconf 91' lang='lat' dir='ltr'><em>optime</em></span> <span class='ocrx_word' id='word_1_185' title='bbox 1582 1860 1720 1909; x_wconf 85' lang='lat' dir='ltr'><em>possit</em></span> 
     </span>
     <span class='ocr_line' id='line_1_24' title="bbox 95 1929 1720 1981; baseline -0.001 -13"><span class='ocrx_word' id='word_1_186' title='bbox 95 1930 288 1976; x_wconf 89' lang='lat' dir='ltr'><em>efficere,</em></span> <span class='ocrx_word' id='word_1_187' title='bbox 312 1942 366 1967; x_wconf 91' lang='lat' dir='ltr'><em>ne</em></span> <span class='ocrx_word' id='word_1_188' title='bbox 388 1942 575 1979; x_wconf 86' lang='lat' dir='ltr'><em>unquam</em></span> <span class='ocrx_word' id='word_1_189' title='bbox 597 1929 740 1967; x_wconf 84' lang='lat' dir='ltr'><em>desint</em></span> <span class='ocrx_word' id='word_1_190' title='bbox 768 1929 1022 1968; x_wconf 81' lang='lat' dir='ltr'><em>sacerdotes</em></span> <span class='ocrx_word' id='word_1_191' title='bbox 1050 1931 1229 1981; x_wconf 83' lang='lat' dir='ltr'><em>aliquot,</em></span> <span class='ocrx_word' id='word_1_192' title='bbox 1263 1931 1334 1981; x_wconf 88' lang='lat' dir='ltr'><em>qui</em></span> <span class='ocrx_word' id='word_1_193' title='bbox 1365 1929 1478 1980; x_wconf 89' lang='lat' dir='ltr'><em>apud</em></span> <span class='ocrx_word' id='word_1_194' title='bbox 1508 1942 1588 1967; x_wconf 87' lang='lat' dir='ltr'><em>nos</em></span> <span class='ocrx_word' id='word_1_195' title='bbox 1619 1941 1720 1967; x_wconf 92' lang='lat' dir='ltr'><em>con-</em></span> 
     </span>
     <span class='ocr_line' id='line_1_25' title="bbox 93 1999 1719 2051; baseline -0.002 -11"><span class='ocrx_word' id='word_1_196' title='bbox 93 2001 356 2040; x_wconf 78' lang='lat' dir='ltr'><em>fessionibus</em></span> <span class='ocrx_word' id='word_1_197' title='bbox 386 1999 613 2038; x_wconf 87' lang='lat' dir='ltr'><em>audiendis</em></span> <span class='ocrx_word' id='word_1_198' title='bbox 643 2013 966 2051; x_wconf 84' lang='lat' dir='ltr'><em>germanorum,</em></span> <span class='ocrx_word' id='word_1_199' title='bbox 990 2013 1042 2039; x_wconf 91' lang='lat' dir='ltr'><em>ac</em></span> <span class='ocrx_word' id='word_1_200' title='bbox 1062 2002 1245 2039; x_wconf 88' lang='lat' dir='ltr'><em>aliorum</em></span> <span class='ocrx_word' id='word_1_201' title='bbox 1268 2002 1415 2048; x_wconf 85' lang='lat' dir='ltr'><em>etiam,</em></span> <span class='ocrx_word' id='word_1_202' title='bbox 1440 2000 1525 2038; x_wconf 89' lang='lat' dir='ltr'><em>sint</em></span> <span class='ocrx_word' id='word_1_203' title='bbox 1545 2013 1719 2051; x_wconf 88' lang='lat' dir='ltr'><em>semper</em></span> 
     </span>
     <span class='ocr_line' id='line_1_26' title="bbox 92 2071 1719 2124; baseline -0.002 -13"><span class='ocrx_word' id='word_1_204' title='bbox 92 2073 243 2124; x_wconf 87' lang='lat' dir='ltr'><em>parati.</em></span> <span class='ocrx_word' id='word_1_205' title='bbox 286 2072 339 2109; x_wconf 85' lang='lat' dir='ltr'><em>Et</em></span> <span class='ocrx_word' id='word_1_206' title='bbox 378 2071 574 2121; x_wconf 84' lang='lat' dir='ltr'><em>impense</em></span> <span class='ocrx_word' id='word_1_207' title='bbox 615 2084 717 2109; x_wconf 87' lang='lat' dir='ltr'><em>sane</em></span> <span class='ocrx_word' id='word_1_208' title='bbox 757 2071 1042 2110; x_wconf 87' lang='lat' dir='ltr'><em>admonemur</em></span> <span class='ocrx_word' id='word_1_209' title='bbox 1089 2085 1255 2118; x_wconf 85' lang='lat' dir='ltr'><em>omnes,</em></span> <span class='ocrx_word' id='word_1_210' title='bbox 1302 2071 1433 2121; x_wconf 88' lang='lat' dir='ltr'><em>idque</em></span> <span class='ocrx_word' id='word_1_211' title='bbox 1478 2083 1626 2121; x_wconf 88' lang='lat' dir='ltr'><em>saepe,</em></span> <span class='ocrx_word' id='word_1_212' title='bbox 1673 2076 1719 2108; x_wconf 91' lang='lat' dir='ltr'><em>ut</em></span> 
     </span>
     <span class='ocr_line' id='line_1_27' title="bbox 93 2141 1716 2194; baseline -0.001 -13"><span class='ocrx_word' id='word_1_213' title='bbox 93 2144 282 2181; x_wconf 87' lang='lat' dir='ltr'><em>omnium</em></span> <span class='ocrx_word' id='word_1_214' title='bbox 317 2144 484 2181; x_wconf 87' lang='lat' dir='ltr'><em>animos</em></span> <span class='ocrx_word' id='word_1_215' title='bbox 519 2143 572 2180; x_wconf 89' lang='lat' dir='ltr'><em>ad</em></span> <span class='ocrx_word' id='word_1_216' title='bbox 606 2143 693 2180; x_wconf 89' lang='lat' dir='ltr'><em>hoc</em></span> <span class='ocrx_word' id='word_1_217' title='bbox 728 2143 1000 2181; x_wconf 85' lang='lat' dir='ltr'><em>utilissimum</em></span> <span class='ocrx_word' id='word_1_218' title='bbox 1030 2142 1206 2194; x_wconf 89' lang='lat' dir='ltr'><em>pietatis</em></span> <span class='ocrx_word' id='word_1_219' title='bbox 1236 2155 1375 2193; x_wconf 83' lang='lat' dir='ltr'><em>genus</em></span> <span class='ocrx_word' id='word_1_220' title='bbox 1407 2141 1716 2188; x_wconf 85' lang='lat' dir='ltr'><em>excolendum,</em></span> 
     </span>
     <span class='ocr_line' id='line_1_28' title="bbox 93 2213 1717 2266; baseline -0.002 -13"><span class='ocrx_word' id='word_1_221' title='bbox 93 2217 310 2266; x_wconf 90' lang='lat' dir='ltr'><em>exemplo,</em></span> <span class='ocrx_word' id='word_1_222' title='bbox 337 2214 620 2261; x_wconf 82' lang='lat' dir='ltr'><em>orationibus,</em></span> <span class='ocrx_word' id='word_1_223' title='bbox 646 2215 954 2265; x_wconf 88' lang='lat' dir='ltr'><em>colloquioque</em></span> <span class='ocrx_word' id='word_1_224' title='bbox 976 2221 1128 2253; x_wconf 88' lang='lat' dir='ltr'><em>nostro</em></span> <span class='ocrx_word' id='word_1_225' title='bbox 1152 2215 1289 2265; x_wconf 83' lang='lat' dir='ltr'><em>magis</em></span> <span class='ocrx_word' id='word_1_226' title='bbox 1320 2226 1370 2252; x_wconf 90' lang='lat' dir='ltr'><em>ac</em></span> <span class='ocrx_word' id='word_1_227' title='bbox 1401 2214 1539 2264; x_wconf 83' lang='lat' dir='ltr'><em>magis</em></span> <span class='ocrx_word' id='word_1_228' title='bbox 1569 2213 1717 2264; x_wconf 90' lang='lat' dir='ltr'><em>impel-</em></span> 
     </span>
     <span class='ocr_line' id='line_1_29' title="bbox 91 2285 1717 2336; baseline -0.002 -12"><span class='ocrx_word' id='word_1_229' title='bbox 91 2287 181 2324; x_wconf 85' lang='lat' dir='ltr'><em>lere</em></span> <span class='ocrx_word' id='word_1_230' title='bbox 214 2286 548 2332; x_wconf 73' lang='lat' dir='ltr'><em>0011tendamus3</em></span> <span class='ocrx_word' id='word_1_231' title='bbox 579 2285 696 2336; x_wconf 89' lang='lat' dir='ltr'><em>quod</em></span> <span class='ocrx_word' id='word_1_232' title='bbox 727 2286 808 2323; x_wconf 89' lang='lat' dir='ltr'><em>hac</em></span> <span class='ocrx_word' id='word_1_233' title='bbox 838 2285 1006 2324; x_wconf 86' lang='lat' dir='ltr'><em>ratione</em></span> <span class='ocrx_word' id='word_1_234' title='bbox 1038 2287 1225 2324; x_wconf 87' lang='lat' dir='ltr'><em>maxime</em></span> <span class='ocrx_word' id='word_1_235' title='bbox 1258 2286 1534 2336; x_wconf 83' lang='lat' dir='ltr'><em>experiamur</em></span> <span class='ocrx_word' id='word_1_236' title='bbox 1566 2296 1717 2322; x_wconf 89' lang='lat' dir='ltr'><em>omnes</em></span> 
     </span>
     <span class='ocr_line' id='line_1_30' title="bbox 90 2356 1716 2408; baseline -0.001 -13"><span class='ocrx_word' id='word_1_237' title='bbox 90 2357 214 2396; x_wconf 89' lang='lat' dir='ltr'><em>breui</em></span> <span class='ocrx_word' id='word_1_238' title='bbox 234 2357 444 2407; x_wconf 84' lang='lat' dir='ltr'><em>temporis</em></span> <span class='ocrx_word' id='word_1_239' title='bbox 467 2357 613 2408; x_wconf 88' lang='lat' dir='ltr'><em>spacio</em></span> <span class='ocrx_word' id='word_1_240' title='bbox 644 2357 737 2394; x_wconf 87' lang='lat' dir='ltr'><em>fieri</em></span> <span class='ocrx_word' id='word_1_241' title='bbox 768 2369 915 2407; x_wconf 81' lang='lat' dir='ltr'><em>posse,</em></span> <span class='ocrx_word' id='word_1_242' title='bbox 948 2361 994 2394; x_wconf 92' lang='lat' dir='ltr'><em>ut</em></span> <span class='ocrx_word' id='word_1_243' title='bbox 1024 2369 1100 2407; x_wconf 89' lang='lat' dir='ltr'><em>per</em></span> <span class='ocrx_word' id='word_1_244' title='bbox 1131 2369 1296 2408; x_wconf 86' lang='lat' dir='ltr'><em>paucos</em></span> <span class='ocrx_word' id='word_1_245' title='bbox 1327 2362 1371 2395; x_wconf 87' lang='lat' dir='ltr'><em>et</em></span> <span class='ocrx_word' id='word_1_246' title='bbox 1402 2368 1534 2394; x_wconf 85' lang='lat' dir='ltr'><em>ueros</em></span> <span class='ocrx_word' id='word_1_247' title='bbox 1556 2356 1716 2395; x_wconf 89' lang='lat' dir='ltr'><em>Christi</em></span> 
     </span>
     <span class='ocr_line' id='line_1_31' title="bbox 90 2426 1713 2466; baseline -0.001 0"><span class='ocrx_word' id='word_1_248' title='bbox 90 2441 243 2466; x_wconf 80' lang='lat' dir='ltr'><em>seruos</em></span> <span class='ocrx_word' id='word_1_249' title='bbox 274 2429 454 2465; x_wconf 89' lang='lat' dir='ltr'><em>multum</em></span> <span class='ocrx_word' id='word_1_250' title='bbox 490 2428 643 2465; x_wconf 88' lang='lat' dir='ltr'><em>selecti</em></span> <span class='ocrx_word' id='word_1_251' title='bbox 679 2428 884 2465; x_wconf 83' lang='lat' dir='ltr'><em>frumenti</em></span> <span class='ocrx_word' id='word_1_252' title='bbox 914 2428 955 2465; x_wconf 93' lang='lat' dir='ltr'><em>in</em></span> <span class='ocrx_word' id='word_1_253' title='bbox 976 2427 1135 2465; x_wconf 90' lang='lat' dir='ltr'><em>horrea</em></span> <span class='ocrx_word' id='word_1_254' title='bbox 1156 2428 1458 2466; x_wconf 86' lang='lat' dir='ltr'><em>introducatur</em></span> <span class='ocrx_word' id='word_1_255' title='bbox 1481 2426 1713 2465; x_wconf 84' lang='lat' dir='ltr'><em>dominica.</em></span> 
     </span>
    </p>

    <p class='ocr_par' dir='ltr' id='par_1_4' title="bbox 88 2498 1716 2971">
     <span class='ocr_line' id='line_1_32' title="bbox 143 2498 1716 2549; baseline -0.001 -12"><span class='ocrx_word' id='word_1_256' title='bbox 143 2510 180 2538; x_wconf 86' lang='lat'><em>2.</em></span> <span class='ocrx_word' id='word_1_257' title='bbox 240 2500 337 2537; x_wconf 84' lang='lat' dir='ltr'><em>Fuit</em></span> <span class='ocrx_word' id='word_1_258' title='bbox 358 2512 468 2537; x_wconf 84' lang='lat' dir='ltr'><em>unus</em></span> <span class='ocrx_word' id='word_1_259' title='bbox 489 2499 610 2537; x_wconf 89' lang='lat' dir='ltr'><em>hisce</em></span> <span class='ocrx_word' id='word_1_260' title='bbox 628 2498 782 2537; x_wconf 89' lang='lat' dir='ltr'><em>diebus</em></span> <span class='ocrx_word' id='word_1_261' title='bbox 804 2499 890 2549; x_wconf 85' lang='lat' dir='ltr'><em>qui,</em></span> <span class='ocrx_word' id='word_1_262' title='bbox 924 2504 970 2535; x_wconf 88' lang='lat' dir='ltr'><em>ut</em></span> <span class='ocrx_word' id='word_1_263' title='bbox 999 2499 1240 2546; x_wconf 83' lang='lat' dir='ltr'><em>ferebatur,</em></span> <span class='ocrx_word' id='word_1_264' title='bbox 1273 2500 1458 2537; x_wconf 88' lang='lat' dir='ltr'><em>animam</em></span> <span class='ocrx_word' id='word_1_265' title='bbox 1491 2511 1611 2535; x_wconf 87' lang='lat' dir='ltr'><em>suam</em></span> <span class='ocrx_word' id='word_1_266' title='bbox 1640 2498 1716 2535; x_wconf 90' lang='lat' dir='ltr'><em>hu·</em></span> 
     </span>
     <span class='ocr_line' id='line_1_33' title="bbox 90 2569 1714 2620; baseline -0.001 -12"><span class='ocrx_word' id='word_1_267' title='bbox 90 2582 242 2608; x_wconf 87' lang='lat' dir='ltr'><em>manae</em></span> <span class='ocrx_word' id='word_1_268' title='bbox 263 2570 411 2607; x_wconf 87' lang='lat' dir='ltr'><em>salutis</em></span> <span class='ocrx_word' id='word_1_269' title='bbox 433 2570 550 2608; x_wconf 85' lang='lat' dir='ltr'><em>hosti</em></span> <span class='ocrx_word' id='word_1_270' title='bbox 566 2570 826 2615; x_wconf 86' lang='lat' dir='ltr'><em>deuouerat,</em></span> <span class='ocrx_word' id='word_1_271' title='bbox 846 2582 870 2607; x_wconf 86' lang='lat' dir='ltr'><em>a</em></span> <span class='ocrx_word' id='word_1_272' title='bbox 886 2582 971 2620; x_wconf 91' lang='lat' dir='ltr'><em>quo</em></span> <span class='ocrx_word' id='word_1_273' title='bbox 995 2570 1153 2608; x_wconf 85' lang='lat' dir='ltr'><em>misere</em></span> <span class='ocrx_word' id='word_1_274' title='bbox 1176 2583 1279 2608; x_wconf 88' lang='lat' dir='ltr'><em>sane</em></span> <span class='ocrx_word' id='word_1_275' title='bbox 1302 2570 1458 2608; x_wconf 89' lang='lat' dir='ltr'><em>merito</em></span> <span class='ocrx_word' id='word_1_276' title='bbox 1481 2569 1714 2619; x_wconf 87' lang='lat' dir='ltr'><em>torqueba-</em></span> 
     </span>
     <span class='ocr_line' id='line_1_34' title="bbox 88 2640 1714 2691; baseline -0.001 -13"><span class='ocrx_word' id='word_1_277' title='bbox 88 2647 170 2679; x_wconf 88' lang='lat' dir='ltr'><em>tur.</em></span> <span class='ocrx_word' id='word_1_278' title='bbox 209 2642 248 2679; x_wconf 82' lang='lat' dir='ltr'><em>Is</em></span> <span class='ocrx_word' id='word_1_279' title='bbox 282 2641 555 2691; x_wconf 89' lang='lat' dir='ltr'><em>poenitentia</em></span> <span class='ocrx_word' id='word_1_280' title='bbox 589 2640 764 2678; x_wconf 88' lang='lat' dir='ltr'><em>tandem</em></span> <span class='ocrx_word' id='word_1_281' title='bbox 796 2640 954 2678; x_wconf 87' lang='lat' dir='ltr'><em>ductus</em></span> <span class='ocrx_word' id='word_1_282' title='bbox 984 2653 1035 2678; x_wconf 91' lang='lat' dir='ltr'><em>ac</em></span> <span class='ocrx_word' id='word_1_283' title='bbox 1065 2640 1292 2679; x_wconf 86' lang='lat' dir='ltr'><em>daemonis</em></span> <span class='ocrx_word' id='word_1_284' title='bbox 1321 2640 1559 2678; x_wconf 84' lang='lat' dir='ltr'><em>uexatione</em></span> <span class='ocrx_word' id='word_1_285' title='bbox 1582 2640 1714 2677; x_wconf 89' lang='lat' dir='ltr'><em>uehe-</em></span> 
     </span>
     <span class='ocr_line' id='line_1_35' title="bbox 90 2711 1713 2762; baseline -0.002 -12"><span class='ocrx_word' id='word_1_286' title='bbox 90 2713 224 2750; x_wconf 90' lang='lat' dir='ltr'><em>menti</em></span> <span class='ocrx_word' id='word_1_287' title='bbox 244 2712 467 2762; x_wconf 81' lang='lat' dir='ltr'><em>impulsus,</em></span> <span class='ocrx_word' id='word_1_288' title='bbox 492 2713 655 2750; x_wconf 88' lang='lat' dir='ltr'><em>crimen</em></span> <span class='ocrx_word' id='word_1_289' title='bbox 677 2725 801 2749; x_wconf 90' lang='lat' dir='ltr'><em>suurn</em></span> <span class='ocrx_word' id='word_1_290' title='bbox 824 2711 993 2749; x_wconf 87' lang='lat' dir='ltr'><em>cuidam</em></span> <span class='ocrx_word' id='word_1_291' title='bbox 1016 2711 1224 2762; x_wconf 81' lang='lat' dir='ltr'><em>religioso</em></span> <span class='ocrx_word' id='word_1_292' title='bbox 1248 2712 1341 2750; x_wconf 89' lang='lat' dir='ltr'><em>uiro</em></span> <span class='ocrx_word' id='word_1_293' title='bbox 1371 2712 1413 2750; x_wconf 87' lang='lat' dir='ltr'><em>in</em></span> <span class='ocrx_word' id='word_1_294' title='bbox 1435 2712 1713 2750; x_wconf 84' lang='lat' dir='ltr'><em>confessione</em></span> 
     </span>
     <span class='ocr_line' id='line_1_36' title="bbox 88 2782 1712 2834; baseline -0.002 -13"><span class='ocrx_word' id='word_1_295' title='bbox 88 2784 273 2834; x_wconf 64' lang='lat' dir='ltr'><em>aperuit,</em></span> <span class='ocrx_word' id='word_1_296' title='bbox 309 2783 387 2821; x_wconf 88' lang='lat' dir='ltr'><em>sed</em></span> <span class='ocrx_word' id='word_1_297' title='bbox 417 2797 512 2821; x_wconf 89' lang='lat' dir='ltr'><em>curn</em></span> <span class='ocrx_word' id='word_1_298' title='bbox 535 2796 677 2834; x_wconf 88' lang='lat' dir='ltr'><em>neque</em></span> <span class='ocrx_word' id='word_1_299' title='bbox 703 2796 754 2822; x_wconf 92' lang='lat' dir='ltr'><em>ea</em></span> <span class='ocrx_word' id='word_1_300' title='bbox 775 2784 941 2821; x_wconf 85' lang='lat' dir='ltr'><em>ratione</em></span> <span class='ocrx_word' id='word_1_301' title='bbox 964 2783 1238 2831; x_wconf 88' lang='lat' dir='ltr'><em>liberaretur,</em></span> <span class='ocrx_word' id='word_1_302' title='bbox 1262 2784 1379 2834; x_wconf 87' lang='lat' dir='ltr'><em>prior</em></span> <span class='ocrx_word' id='word_1_303' title='bbox 1402 2783 1495 2822; x_wconf 86' lang='lat' dir='ltr'><em>eius</em></span> <span class='ocrx_word' id='word_1_304' title='bbox 1516 2784 1617 2828; x_wconf 79' lang='lat' dir='ltr'><em>loci,</em></span> <span class='ocrx_word' id='word_1_305' title='bbox 1642 2782 1712 2819; x_wconf 89' lang='lat' dir='ltr'><em>ubi</em></span> 
     </span>
     <span class='ocr_line' id='line_1_37' title="bbox 88 2853 1712 2905; baseline -0.002 -13"><span class='ocrx_word' id='word_1_306' title='bbox 88 2855 204 2905; x_wconf 90' lang='lat' dir='ltr'><em>prius</em></span> <span class='ocrx_word' id='word_1_307' title='bbox 224 2855 367 2892; x_wconf 84' lang='lat' dir='ltr'><em>fuerat</em></span> <span class='ocrx_word' id='word_1_308' title='bbox 388 2855 630 2902; x_wconf 85' lang='lat' dir='ltr'><em>confessus,</em></span> <span class='ocrx_word' id='word_1_309' title='bbox 656 2855 856 2893; x_wconf 83' lang='lat' dir='ltr'><em>Patribus</em></span> <span class='ocrx_word' id='word_1_310' title='bbox 886 2855 1047 2892; x_wconf 82' lang='lat' dir='ltr'><em>nostris</em></span> <span class='ocrx_word' id='word_1_311' title='bbox 1076 2856 1278 2893; x_wconf 88' lang='lat' dir='ltr'><em>miseram</em></span> <span class='ocrx_word' id='word_1_312' title='bbox 1313 2861 1356 2893; x_wconf 93' lang='lat' dir='ltr'><em>et</em></span> <span class='ocrx_word' id='word_1_313' title='bbox 1387 2855 1590 2892; x_wconf 85' lang='lat' dir='ltr'><em>afflictam</em></span> <span class='ocrx_word' id='word_1_314' title='bbox 1627 2853 1712 2891; x_wconf 91' lang='lat' dir='ltr'><em>ani-</em></span> 
     </span>
     <span class='ocr_line' id='line_1_38' title="bbox 89 2924 1711 2971; baseline -0.002 -8"><span class='ocrx_word' id='word_1_315' title='bbox 89 2937 201 2963; x_wconf 83' lang='lat' dir='ltr'><em>mam</em></span> <span class='ocrx_word' id='word_1_316' title='bbox 234 2925 349 2963; x_wconf 89' lang='lat' dir='ltr'><em>illam</em></span> <span class='ocrx_word' id='word_1_317' title='bbox 381 2924 717 2963; x_wconf 88' lang='lat' dir='ltr'><em>commendauit.</em></span> <span class='ocrx_word' id='word_1_318' title='bbox 744 2926 901 2963; x_wconf 88' lang='lat' dir='ltr'><em>Diuino</em></span> <span class='ocrx_word' id='word_1_319' title='bbox 924 2937 1028 2962; x_wconf 87' lang='lat' dir='ltr'><em>sane</em></span> <span class='ocrx_word' id='word_1_320' title='bbox 1050 2926 1210 2964; x_wconf 88' lang='lat' dir='ltr'><em>auxilio</em></span> <span class='ocrx_word' id='word_1_321' title='bbox 1233 2926 1396 2963; x_wconf 88' lang='lat' dir='ltr'><em>factum</em></span> <span class='ocrx_word' id='word_1_322' title='bbox 1420 2930 1501 2971; x_wconf 87' lang='lat' dir='ltr'><em>est,</em></span> <span class='ocrx_word' id='word_1_323' title='bbox 1526 2930 1573 2962; x_wconf 89' lang='lat' dir='ltr'><em>ut</em></span> <span class='ocrx_word' id='word_1_324' title='bbox 1594 2936 1618 2961; x_wconf 89' lang='lat' dir='ltr'><em>a</em></span> <span class='ocrx_word' id='word_1_325' title='bbox 1638 2937 1711 2961; x_wconf 76' lang='lat' dir='ltr'><em>no-</em></span> 
     </span>
    </p>
   </div>
   <div class='ocr_carea' id='block_1_4' title="bbox 138 3066 722 3115">
    <p class='ocr_par' dir='ltr' id='par_1_5' title="bbox 138 3066 722 3115">
     <span class='ocr_line' id='line_1_39' title="bbox 138 3066 722 3115; baseline -0.005 -11"><span class='ocrx_word' id='word_1_326' title='bbox 138 3069 146 3087; x_wconf 88' lang='lat'>¹</span> <span class='ocrx_word' id='word_1_327' title='bbox 200 3067 438 3115; x_wconf 69' lang='lat' dir='ltr'><em>RJoannes</em></span> <span class='ocrx_word' id='word_1_328' title='bbox 457 3067 505 3103; x_wconf 87' lang='lat' dir='ltr'><em>de</em></span> <span class='ocrx_word' id='word_1_329' title='bbox 529 3066 722 3102; x_wconf 82' lang='lat' dir='ltr'><em>Victoria.</em></span> 
     </span>
    </p>
   </div>
  </div>
 </body>
</html>
