2038 3400
357 222 427 261 894
823 225 1044 266 LITTERAE
1070 226 1426 275 QUADRmEsTREs

308 339 414 366 rum
435 336 452 353 ἱ*
474 328 788 368 beneuolentia
809 329 986 369 deuicta
1006 330 1077 380 sit;
1100 330 1218 382 quod
1239 338 1284 371 et
1305 345 1486 372 munere
1517 333 1705 386 quodam
1736 347 1823 376 non
1846 335 1936 376 exi-

308 413 411 448 guo,
436 402 572 439 multo
596 402 764 440 scilicet
787 414 908 450 auro,
935 403 1174 442 ostendere
1197 410 1355 443 conata
1377 411 1459 454 est,
1482 406 1600 456 quod
1618 407 1796 459 quidem
1817 422 1840 447 a
1860 422 1936 448 no-

308 473 373 510 bis
396 472 569 511 minime
592 480 820 524 receptum
845 479 926 522 est,
946 480 991 513 ut
1014 474 1206 514 sanctius
1229 482 1274 514 et
1294 477 1508 529 integrius
1525 479 1579 517 ad
1596 479 1769 518 laudem
1788 481 1934 519 Domi-

306 544 348 594 nj
373 551 604 583 seruentur
625 546 925 584 institutiones
955 552 1133 585 nostrae
1158 547 1182 595 ¹,
1216 547 1331 586 unde
1363 550 1498 588 multo
1531 552 1668 601 magis
1699 553 1859 591 crescit
1890 559 1934 590 et

305 629 426 655 amor
448 623 492 655 et
514 618 765 656 reuerentia
782 623 826 656 et
847 617 959 656 fides
982 619 1174 657 omnium
1197 631 1302 671 erga
1322 621 1611 662 Societatem.

358 690 396 728 8.
456 690 535 728 His
559 690 759 728 omnibus
785 690 1031 741 perspectis
1062 694 1105 728 et
1136 692 1333 741 quotidie
1367 694 1422 732 ob
1455 695 1609 733 oculos
1639 695 1931 743 uersantibus,

307 765 450 799 motus
474 767 541 799 est
563 762 737 800 tandem
770 762 817 800 R.
850 763 1035 801 antistes
1065 766 1217 800 noster
1248 763 1302 801 ad
1333 765 1684 805 subueniendum
1706 767 1932 818 angustiae

305 832 426 871 aedis
449 846 613 881 sacrae,
637 846 749 884 quae
771 835 1029 874 accessione
1052 836 1224 887 residuj
1245 837 1401 875 domus
1422 837 1706 886 inhaerentis,
1727 839 1831 876 satis
1848 852 1933 877 am-

306 906 374 954 pla
396 905 586 943 ecclesia
606 905 721 943 facta
743 910 826 953 est,
850 906 892 944 in
913 907 1222 959 proximasque
1245 908 1497 947 adiacentes
1519 909 1653 947 aedes
1673 922 1754 948 nos
1771 910 1934 948 habita-

305 990 351 1014 re
375 977 600 1027 coepimus
622 976 764 1015 idibus
785 977 885 1026 Maj,
909 990 1038 1029 quam
1060 978 1163 1017 satis
1185 979 1369 1030 amplam
1388 979 1565 1018 domum
1588 980 1768 1019 donauit
1784 981 1932 1020 Socie-

304 1048 395 1087 tati.
420 1050 597 1087 Interim
616 1051 936 1099 praeparatur
956 1049 975 1074 b
991 1050 1033 1088 in
1056 1049 1148 1088 dies
1170 1051 1309 1102 magis
1331 1052 1534 1099 ecclesia,
1558 1052 1731 1103 iamque
1748 1052 1842 1091 fere
1859 1054 1931 1092 ab·

305 1123 447 1159 soluta
469 1127 550 1169 est,
577 1121 659 1159 etsi
680 1134 704 1159 a
726 1121 795 1159 die
819 1121 1120 1160 sanctissimae
1144 1122 1369 1161 Trinitatis
1391 1124 1518 1162 nobis
1540 1124 1637 1162 usui
1657 1124 1737 1163 fuit
1765 1129 1931 1163 utcum-

304 1206 387 1244 que
411 1199 427 1218 0
449 1199 493 1231 et
515 1193 649 1231 sacris
673 1198 716 1230 et
739 1192 1027 1231 concionibus
1048 1194 1326 1245 peragendis.
1360 1195 1438 1233 Illo
1469 1207 1656 1246 namque
1688 1194 1930 1235 Sanctissi-

302 1278 402 1304 mae
445 1264 687 1304 Trinitatis
722 1265 741 1290 d
768 1264 905 1316 prima
940 1265 1096 1304 concio
1132 1279 1156 1304 a
1191 1267 1238 1304 R.
1278 1268 1324 1305 P.
1348 1272 1501 1306 nostro
1525 1273 1570 1306 et
1589 1268 1756 1318 primae
1774 1269 1929 1308 missae

302 1342 488 1388 coeptae
511 1343 611 1375 sunt
642 1338 870 1385 celebrari,
908 1351 994 1388 quo
1031 1338 1162 1376 etiam
1197 1338 1267 1376 die
1300 1338 1477 1387 juuenis
1508 1339 1681 1390 quidam
1711 1339 1930 1380 haebreus

301 1410 547 1460 baptizatus
569 1415 636 1448 est
657 1411 710 1448 ab
741 1410 968 1461 episcop03
1000 1412 1077 1463 qui
1108 1410 1240 1450 etiam
1272 1411 1474 1462 religioni
1506 1425 1553 1450 se
1585 1411 1785 1461 deuouit;
1818 1425 1929 1463 quae

303 1481 445 1519 omnia
466 1481 655 1520 maximo
676 1483 826 1533 populi
848 1496 1065 1522 concursu
1088 1483 1408 1521 solemnissime
1429 1483 1545 1522 facta
1565 1489 1665 1522 sunt
1686 1485 1740 1523 ad
1756 1485 1928 1523 laudem

301 1553 511 1591 altissimi.
532 1553 712 1592 Munera
733 1554 864 1592 etiam
884 1560 1042 1605 postea
1065 1553 1176 1594 istae
1197 1561 1215 1580 θ
1237 1560 1415 1593 nostrae
1439 1554 1655 1595 ecclesiae
1677 1555 1689 1580 f
1720 1561 1927 1595 recenter

300 1631 455 1664 auctae
493 1626 639 1664 oblata
673 1631 771 1665 sunt
801 1639 825 1664 a
858 1627 942 1677 pijs
976 1627 1233 1677 quibusdam
1268 1627 1372 1665 uiris
1403 1633 1448 1666 et
1478 1628 1746 1667 mulieribus.
1777 1629 1929 1668 Serica

300 1697 446 1735 altaris
481 1697 621 1748 pallia,
659 1697 874 1736 dalmatae
897 1705 920 1731 g
947 1697 1130 1746 sericae,
1170 1698 1276 1748 corij
1300 1699 1473 1750 quidam
1509 1699 1724 1747 deaurati,
1747 1700 1928 1738 calicem

303 1767 393 1819 [sic]
417 1781 592 1819 quoque
614 1773 874 1820 argenteum
898 1782 995 1808 cum
1016 1775 1190 1821 patena,
1213 1775 1358 1809 totum
1381 1771 1562 1821 egregie
1591 1771 1862 1816 deauratum,
1885 1777 1929 1809 et

301 1841 455 1878 similia
475 1840 529 1878 ad
553 1846 751 1879 ornatum
779 1840 799 1865 ¹¹
821 1841 989 1892 templi3
1025 1841 1233 1892 pleraque
1255 1842 1338 1880 alia
1359 1854 1383 1880 a
1410 1842 1556 1880 multis
1577 1843 1791 1893 promissa
1812 1847 1925 1881 sunt.

300 1913 505 1963 Sculptor
528 1912 657 1951 etiam
679 1913 854 1963 quidam
875 1914 1132 1964 parmensis,
1166 1914 1208 1952 in
1239 1919 1333 1952 arte
1365 1928 1442 1952 sua
1472 1914 1668 1965 insignis,
1693 1928 1739 1952 se
1772 1919 1927 1965 sponte

301 1985 458 2022 obtulit
481 1990 524 2022 et
547 1986 782 2036 spopondit
804 1998 850 2023 se
888 1990 1137 2024 erecturum
1167 1986 1176 2010 i
1208 1986 1343 2023 altare
1363 1984 1374 2017 J'
1405 1999 1696 2025 marmoreum
1719 1991 1763 2024 et
1786 1986 1927 2037 capel-

299 2057 381 2095 lam
413 2070 510 2094 cum
546 2058 831 2095 tabernaculo
863 2069 1113 2095 marmoreo
1146 2062 1190 2095 et
1220 2057 1389 2108 figuriS‚
1426 2057 1557 2107 idque
1592 2058 1707 2095 bona
1728 2070 1783 2095 ex
1804 2063 1925 2108 parte

296 2128 446 2179 gratis,
471 2127 525 2165 ad
546 2128 664 2178 quod
685 2128 934 2167 faciendum
956 2129 1110 2166 mulier
1146 2128 1359 2178 quaedam
1390 2129 1549 2167 nobilis
1579 2128 1663 2166 iam
1685 2128 1806 2166 dedit
1828 2141 1927 2166 cen—

303 2203 395 2237 tum
417 2211 591 2246 aureos,
616 2199 829 2249 siquidem
849 2199 869 2223 k
904 2200 977 2238 uix
1005 2199 1159 2251 perfici
1193 2200 1359 2250 poterit
1394 2200 1695 2250 quadrigentis
1724 2199 1892 2238 ducatis
1916 2201 1924 2224 ¹

299 2269 417 2309 iuxta
438 2271 773 2321 pulcherrimam
796 2271 1031 2309 schematis
1047 2271 1246 2318 formam,
1265 2284 1375 2321 quae
1398 2285 1422 2309 a
1439 2272 1661 2321 sculptore
1684 2272 1777 2322 ipso
1796 2284 1926 2309 exco-

298 2343 433 2394 gitata
455 2348 536 2381 est.
562 2343 654 2380 Nos
678 2356 830 2381 omnes
859 2343 939 2392 Dej
964 2343 1103 2394 gratia
1123 2344 1238 2381 bene
1276 2344 1472 2381 ualemus
1497 2343 1671 2390 [Preces
1688 2344 1923 2393 postulat.]

297 2415 498 2463 Venetijs
515 2418 668 2465 quarto
688 2414 906 2453 Kalendas
929 2414 1152 2461 Octobris,
1178 2415 1291 2462 1560.
1312 2414 1362 2452 T.
1384 2414 1429 2452 R.
1448 2415 1492 2453 P.
1511 2427 1664 2452 seruus
1682 2414 1767 2452 ind.
1784 2415 1826 2452 in
1843 2416 1926 2463 X.0,

1266 2516 1436 2555 CAESAR
1468 2523 1497 2541 m
1528 2517 1704 2555 HELMUs
1733 2517 1763 2555 ².

343 2661 362 2679 a
386 2652 560 2698 vulgari.
635 2651 700 2675 —b
722 2650 971 2687 concinatur.
1049 2658 1115 2676 —0
1135 2654 1354 2695 utcumque
1390 2653 1527 2694 supra
1563 2659 1672 2686 vers.
1750 2649 1816 2674 —d
1846 2649 1924 2686 die.

295 2720 360 2738 —e
377 2711 481 2748 huie.
561 2710 618 2735 —f
640 2709 839 2747 eeclesiae
866 2715 1004 2756 supra
1030 2720 1140 2746 vers.
1227 2708 1558 2744 —gdalmatieae
1635 2708 1701 2733 -h
1730 2715 1769 2744 et
1796 2720 1924 2745 vsum.

293 2773 351 2798 —i
386 2770 571 2809 Emend.
609 2780 661 2807 ex
694 2773 961 2806 errecturum.
1040 2769 1094 2801 —J'
1139 2769 1270 2805 altere
1301 2778 1380 2804 ms.
1456 2768 1523 2792 -k
1556 2767 1650 2806 Del.
1683 2767 1923 2814 quadruplo.

295 2833 351 2858 —1
382 2835 425 2874 Δ
448 2842 526 2868 ms.
581 2838 659 2855 —m
678 2829 814 2867 Prius
834 2828 1054 2866 Caesarus.

340 2989 349 3009 ¹
403 2987 466 3025 Cf.
485 2987 710 3025 Constitut.
729 2985 959 3032 Soasesu,
976 2992 1078 3032 part.
1096 2985 1166 3030 VI,
1185 2998 1217 3022 c.
1235 2985 1283 3029 ΙΙ,
1301 2998 1339 3022 n.
1356 2985 1391 3031 7;
1406 2990 1446 3021 et
1463 2990 1562 3032 part.
1578 2983 1671 3029 VII,
1685 2997 1719 3021 c.
1737 2983 1811 3026 IV,
1831 2996 1868 3020 n.
1886 2984 1921 3020 4.

341 3048 353 3067 ²
405 3047 584 3093 Collegii
604 3052 750 3084 rector,
772 3045 879 3082 Vide
899 3059 936 3092 p.
957 3047 1014 3090 45,
1036 3051 1173 3083 annot.
1198 3046 1228 3082 1.
