2038 3400
330 230 399 267 718
794 233 1011 272 LITTERAE
1039 235 1395 281 QUADRIMESTRES

281 328 382 378 quid
405 329 647 378 subijciam.
676 332 921 382 Discipulos
945 333 1153 372 habemus
1175 347 1360 374 numero
1389 336 1482 375 fere
1507 343 1750 386 trecentos,
1774 339 1847 390 qui
1868 338 1909 377 in

282 412 359 437 sex
383 401 600 452 distributj
626 404 804 451 classes,
828 416 914 442 non
934 393 1073 443 solum
1096 411 1283 455 quatuor
1304 408 1479 446 nouiter
1503 410 1816 448 exaedificatas
1840 423 1910 449 oc-

282 477 441 522 cupant
473 474 660 522 scholas,
695 474 772 512 sed
796 480 838 513 et
870 476 1155 515 refectorium
1189 484 1386 517 nostrum
1409 481 1620 531 tantisper
1650 482 1730 519 sibi
1762 482 1911 520 vendi-

281 547 394 591 cant,
419 544 564 595 quoad
585 545 695 584 aliae
719 547 845 594 duae,
870 560 982 598 quae
1010 549 1150 598 parari
1172 550 1254 587 iam
1287 556 1473 601 coeptae
1497 557 1595 589 sunt
1617 553 1812 600 scholae,
1838 554 1910 591 ab·

281 615 522 656 soluantur.
549 618 778 656 Profectus
800 618 1111 669 discipulorum
1135 626 1178 658 et
1206 626 1399 660 nostram
1433 628 1475 660 et
1507 624 1742 662 multorum
1775 624 1909 661 uincit

281 689 654 738 expectationem3
697 690 909 740 siquidem
949 691 1071 729 initio
1104 691 1267 730 inculta
1297 692 1439 732 adhuc
1469 694 1819 733 adolescentium
1857 696 1910 733 is-

278 764 421 797 torum
458 758 633 811 ingenia
666 773 816 811 parum
852 761 1085 800 admodum
1120 763 1457 813 pollicebantur3
1498 765 1572 802 vbi
1613 778 1719 804 uero
1762 765 1906 804 excoli

280 836 440 881 coepta
462 835 575 879 sunt,
600 831 819 870 foecunda
847 837 889 870 et
921 833 983 871 sic
1005 833 1109 871 satis
1132 833 1502 885 deprehendimus
1533 836 1722 874 foelicia.
1755 837 1908 886 Spera-

278 903 432 941 bamus
453 904 532 941 sub
555 909 807 942 autumnum
830 905 1043 956 quosdam
1066 917 1121 943 ex
1152 906 1215 944 eis
1238 907 1417 944 Romam
1440 907 1694 955 mittendos,
1720 907 1798 945 sed
1822 920 1909 945 om·

278 975 404 1014 nibus
427 975 662 1028 diligenter
685 978 958 1025 examinatis,
983 978 1162 1017 differre
1184 980 1299 1017 illam
1321 978 1643 1029 profectionem
1672 981 1713 1018 in
1735 985 1909 1031 tempus

279 1048 395 1086 aliud
412 1049 552 1087 visum
571 1055 639 1087 est
657 1050 784 1097 atius,
809 1054 855 1087 vt
874 1055 918 1088 et
936 1051 1099 1088 rectius
1117 1051 1289 1089 interim
1308 1051 1619 1102 discipulorum
1637 1053 1767 1102 animj
1786 1065 1907 1104 prae-

276 1125 498 1169 parentur,
524 1126 568 1159 et
589 1122 799 1159 maiorem
827 1121 921 1170 alijs
939 1121 1293 1160 aedificationem
1311 1123 1593 1173 postmodum
1615 1129 1904 1174 praestemus.

278 1191 459 1242 Septem
481 1199 815 1243 praeceptores,
841 1193 1052 1231 classibus
1071 1199 1169 1231 sunt
1190 1194 1429 1245 praepositi
1449 1194 1482 1241 ἢ,
1507 1195 1579 1245 qui
1597 1194 1907 1245 discipulorum

277 1264 505 1313 profectus
527 1265 826 1313 amantissimj,
858 1265 964 1302 nihil
996 1265 1087 1303 fere
1113 1277 1264 1303 eorum
1299 1271 1598 1316 praetereunt,
1623 1278 1739 1316 quae
1762 1267 1833 1304 uel
1854 1267 1907 1304 ad

278 1334 588 1384 eruditionem,
627 1338 697 1374 uel
733 1337 945 1388 pietatem
977 1349 1055 1376 eos
1091 1338 1244 1375 iuuare
1275 1342 1452 1387 queant.
1487 1338 1667 1376 Publica
1697 1339 1909 1376 exercitia

275 1407 450 1446 fuerunt
472 1408 684 1446 hactenus
705 1409 746 1446 in
769 1409 932 1447 scholis
953 1409 1115 1447 nostris
1137 1409 1315 1456 rariora,
1347 1410 1447 1460 quia
1470 1416 1513 1448 et
1535 1410 1554 1434 b
1577 1410 1660 1459 rarj
1686 1415 1729 1447 et
1750 1410 1792 1448 in
1813 1409 1906 1448 istis

274 1479 496 1530 principijs
518 1481 656 1518 minus
678 1481 825 1530 idonej
864 1481 918 1520 ad
954 1486 1077 1519 actus
1108 1481 1308 1532 publicos
1330 1482 1455 1520 nobis
1488 1482 1751 1533 obtigissent
1782 1481 1906 1520 disci-

274 1553 375 1601 puli.
402 1553 530 1591 Plura
553 1562 597 1591 et
629 1554 793 1592 maiora
823 1561 1062 1604 sequentes
1093 1555 1190 1603 annj
1224 1554 1403 1592 dabunt.
1429 1554 1640 1592 Doctrina
1671 1554 1904 1592 christiana

274 1623 395 1672 ferijs
419 1625 555 1663 sextis
578 1632 621 1663 et
640 1625 869 1664 dominicis
906 1625 1062 1664 diebus
1085 1626 1305 1676 discipulis
1336 1626 1594 1676 explicatur.
1630 1625 1906 1664 Confitentur

272 1696 565 1747 fraequenter‚
590 1703 633 1736 et
655 1698 830 1749 quidem
863 1698 1052 1736 maximo
1076 1710 1173 1736 cum
1204 1697 1365 1736 fructu.
1390 1698 1525 1736 Sacro
1549 1696 1746 1747 quotidie
1775 1698 1905 1735 inter-

273 1774 386 1806 sunt.
414 1767 510 1806 Pias
532 1769 572 1806 in
594 1770 732 1820 primo
755 1770 901 1807 statim
934 1770 1113 1808 scholae
1145 1770 1362 1820 ingressu,
1396 1768 1548 1807 itidem
1582 1774 1625 1806 et
1648 1770 1688 1806 in
1721 1781 1905 1820 egressu

272 1839 434 1878 habent
457 1841 699 1880 cantiones.
724 1843 769 1879 In
793 1855 959 1879 summa
974 1842 1076 1879 nihil
1095 1842 1189 1879 sere
1210 1853 1362 1879 eorum
1379 1840 1450 1878 hic
1467 1840 1773 1890 desyderatur,
1793 1853 1904 1891 quae

271 1912 325 1950 ad
342 1919 465 1950 recte
487 1913 757 1951 formandam
781 1915 1053 1952 iuuentutem
1079 1913 1330 1951 conducere
1350 1917 1527 1963 queant.
1552 1912 1666 1950 Hinc
1687 1925 1817 1962 porro
1840 1913 1901 1957 fit,

273 1990 316 2022 vt
339 1997 496 2032 magna
516 1984 713 2035 quotidie
730 1986 804 2023 fiat
822 1985 875 2023 ad
894 1985 1205 2036 discipulorum
1223 1996 1451 2022 numerum
1469 1983 1684 2026 accessio,
1706 1983 1805 2021 dum
1825 1984 1904 2021 sci—

271 2056 466 2111 licet-uel
488 2057 582 2094 solo
606 2056 786 2108 insignis
817 2057 929 2095 illius
961 2056 1222 2103 modestiae,
1247 2068 1374 2106 quam
1406 2062 1560 2093 tenera
1596 2054 1709 2105 apud
1740 2067 1821 2092 nos
1844 2055 1902 2091 iu-

270 2134 428 2166 uentus
462 2128 645 2176 imbibit,
684 2130 841 2166 intuitu
878 2142 981 2167 suos
1003 2135 1180 2166 nostrae
1217 2127 1472 2178 disciplinae
1509 2127 1645 2164 uelint
1674 2127 1900 2165 subiectos

270 2200 396 2238 tilios,

321 2266 360 2305 6.
422 2267 649 2317 Reliquum
681 2273 748 2304 est
766 2272 826 2314 vt,
851 2280 977 2318 quam
1013 2273 1055 2304 et
1088 2266 1258 2304 externi
1282 2265 1336 2303 de
1367 2265 1494 2303 nobis
1530 2264 1901 2302 existimationem

267 2338 471 2385 habeant,
496 2339 703 2376 breuibus
727 2339 958 2389 explicem.
979 2339 1033 2376 Et
1049 2338 1225 2389 quidem
1249 2336 1366 2388 quod
1387 2335 1440 2374 ad
1462 2336 1798 2374 illustrissimum
1821 2336 1900 2373 Ba-

267 2411 413 2448 uariae
449 2416 627 2448 nostrae
662 2418 677 2435 ⁶
712 2410 951 2461 principem
987 2410 1160 2457 attinet,
1199 2409 1333 2447 multa
1363 2408 1435 2446 hic
1465 2407 1520 2445 de
1556 2407 1899 2459 propensissimo

266 2482 358 2520 eius
379 2481 421 2520 in
442 2495 523 2520 nos
544 2483 687 2521 animo
706 2483 928 2529 afferrem,
952 2482 1033 2520 nisi
1051 2481 1223 2520 abunde
1246 2481 1341 2530 alijs
1358 2479 1400 2519 id
1418 2493 1442 2518 a
1458 2492 1527 2518 me
1547 2480 1684 2518 literis
1707 2478 1899 2517 satisfac-

266 2561 356 2593 tum
380 2560 499 2593 esset
532 2554 558 2597 ¹;
591 2555 673 2592 hoc
698 2568 827 2592 unum
850 2553 1013 2592 dixisse
1050 2553 1252 2599 sufficiat,
1278 2566 1378 2591 eum
1401 2565 1487 2590 non
1510 2551 1563 2589 de
1586 2551 1713 2589 nobis
1742 2552 1898 2598 solum,

265 2625 343 2664 sed
366 2631 411 2664 et
432 2625 485 2663 de
509 2631 602 2663 tota
624 2625 837 2676 religione
862 2625 1078 2663 catholica
1111 2624 1272 2675 optime
1308 2636 1480 2674 semper
1510 2621 1685 2668 mereri,
1721 2628 1764 2660 et
1794 2622 1897 2660 nihil

264 2698 427 2735 habere
449 2697 666 2747 antiquius
688 2710 814 2746 quam
839 2703 882 2735 vt
905 2710 1008 2735 suos
1027 2698 1067 2734 in
1092 2697 1334 2734 catholicae
1358 2695 1461 2733 fidei
1485 2695 1651 2733 vnitate
1668 2693 1806 2745 possit
1825 2695 1898 2731 ob-

264 2770 420 2808 tinere.
445 2769 584 2807 Nullis
606 2769 625 2793 <¹
647 2768 828 2818 proinde
852 2769 989 2819 parcit
1008 2769 1228 2819 expensis,
1255 2774 1299 2805 vt
1320 2768 1436 2805 viros
1455 2766 1613 2804 doctos
1637 2770 1679 2803 et
1698 2771 1787 2803 tum
1806 2777 1895 2802 rno-

310 2906 328 2924 a
373 2898 485 2934 &vu
507 2901 650 2944 praec.
672 2897 717 2932 in
739 2907 876 2938 marg:
900 2895 1056 2932 eadem
1079 2905 1230 2930 manu.
1285 2894 1350 2918 —b
1374 2893 1464 2938 Seq.
1488 2891 1761 2937 del.rariora.

266 2966 328 2984 Α
349 2970 460 2994 nrae.
482 2961 619 3002 supra
639 2966 747 2992 vers
770 2955 865 2992 ead.
889 2966 1041 2991 mann.
1098 2954 1163 2979 —d
1206 2952 1390 2990 Emend.
1411 2962 1461 2988 ex
1479 2952 1630 2987 nullus.

314 3077 320 3095 ¹
379 3073 482 3110 Vide
504 3085 540 3118 p.
559 3070 629 3108 552
647 3083 734 3116 sqq.
