2038 3400
549 240 878 278 337.-N1‹:A120L1
907 241 949 279 13
973 252 1169 288 jANUARn
1201 242 1289 278 1560
1610 244 1673 279 >191

102 353 190 378 non
210 342 336 391 pauci
358 342 442 379 sint
464 342 535 392 qui
557 342 700 380 locum
728 343 977 393 sepulturae
1000 343 1110 380 intra
1139 347 1335 381 nostrum
1364 345 1571 394 templum
1593 344 1725 396 impe-

104 417 218 450 trare
241 412 512 459 desiderent3
536 411 652 463 quod
683 419 829 451 tamen
865 427 951 451 non
982 414 1253 461 conceditur,
1286 414 1365 452 nisi
1395 415 1507 453 forte
1543 416 1591 464 ijs
1622 430 1725 466 quo-

103 495 195 520 rum
216 483 392 533 quidem
417 489 484 521 est
512 484 713 521 Societas
745 497 913 522 summo
945 483 1161 522 beneficio
1194 483 1398 523 deuincta
1428 494 1461 523 ³.
1486 486 1725 536 Superiori-

102 556 182 593 bus
204 555 359 592 diebus
381 560 577 593 matrona
607 556 820 605 quaedam
843 556 1030 593 maxime
1060 556 1237 594 illustris
1259 557 1387 606 (quae
1412 558 1542 607 uulgo
1575 559 1727 608 princi—

101 627 215 677 pissa
238 627 471 664 Molfectae
495 626 740 675 dicebatur)
773 634 798 673 ¹,
833 639 886 664 ex
917 628 998 665 1130
1019 628 1107 664 11113
1138 628 1344 674 excessit,
1366 628 1522 678 quippe
1552 617 1664 679 quae
1688 630 1726 666 in

101 702 252 735 nostro
289 697 452 747 templo
485 698 549 735 sui
577 697 714 747 jpsius
747 698 948 744 cadauer,
983 703 1026 736 et
1056 698 1191 747 (quod
1222 698 1357 736 maius
1390 702 1474 747 est)
1505 699 1545 736 in
1575 705 1726 737 nostro

103 769 390 806 subterraneo
414 769 660 818 sepulchro,
695 769 901 806 constitui
931 768 1069 807 uoluit
1099 774 1229 819 atque
1263 770 1407 813 condi;
1430 770 1472 807 id
1494 770 1611 819 quod
1642 783 1727 807 11011

103 838 194 877 sine
216 838 345 877 animi
380 839 622 877 modestiae
652 839 998 890 praeclarissimo
1023 841 1224 891 exemplo
1259 842 1457 879 omnibus
1478 841 1653 892 quidem
1676 842 1729 879 ad

102 910 354 949 imitandum
376 911 605 961 proposito
628 911 789 949 factum
813 918 896 959 est3
920 924 1016 950 cum
1037 912 1293 963 praesertim
1316 914 1356 951 in
1384 914 1465 950 1130
1487 918 1573 950 tam
1595 913 1729 951 nobili

102 984 305 1034 claraque
327 981 522 1028 ciuitate,
547 983 619 1033 qui
651 984 722 1021 uel
753 984 941 1021 honesto
964 984 1079 1030 1000,
1113 997 1167 1021 110
1190 984 1330 1022 dicam
1361 998 1529 1022 summo
1561 996 1727 1035 genere

100 1054 188 1091 nati
228 1054 325 1100 sint,
367 1054 408 1091 in
443 1054 664 1092 altissimis
702 1060 802 1106 post
839 1056 1003 1093 obitum
1045 1056 1514 1106 excellentissimisque
1554 1056 1730 1094 tumulis

100 1125 203 1176 poni
243 1131 286 1162 et
325 1126 534 1163 collocari
574 1126 731 1164 uelint.
792 1128 915 1165 Haec
954 1133 1152 1165 matrona
1191 1128 1379 1165 maxime
1418 1128 1507 1179 pia,
1555 1134 1730 1178 praeter

101 1196 204 1234 alias
243 1197 444 1243 uirtutes,
489 1196 643 1247 quibus
681 1197 856 1247 quidem
909 1198 1001 1248 ipsa
1041 1198 1222 1236 mirifice
1257 1198 1455 1249 praedita
1491 1204 1730 1249 ornataque

105 1271 211 1314 erat,
254 1268 378 1317 (quas
417 1281 531 1305 nunc
575 1281 726 1305 omnes
765 1268 943 1319 longum
980 1274 1097 1307 esset
1146 1269 1249 1307 mihi
1287 1270 1492 1320 persequi
1528 1282 1727 1320 praeser-

102 1338 177 1376 tim
216 1338 270 1376 ad
309 1339 392 1376 alia
430 1339 700 1389 properanti)
740 1339 852 1377 adeo
892 1341 1017 1390 plane
1058 1340 1113 1378 de
1152 1354 1199 1379 se
1239 1341 1441 1379 modeste
1483 1342 1725 1388 sentiebat,

101 1409 213 1448 adeo
237 1409 408 1448 diuinae
429 1410 471 1448 in
495 1411 693 1448 omnibus
715 1412 927 1449 uoluntati
951 1412 1115 1451 seruire
1148 1414 1341 1460 uolebat,
1382 1413 1494 1451 adeo
1530 1419 1729 1463 prompte

103 1494 181 1519 suo
213 1482 329 1519 Patri
359 1482 537 1532 spiritali
575 1481 825 1529 obediebat,
867 1482 980 1521 adeo
1017 1484 1247 1521 Dominum
1285 1490 1328 1522 et
1363 1485 1503 1522 Deum
1533 1490 1730 1522 nostrum

105 1554 301 1603 auguste
337 1557 573 1602 sancteque
609 1552 803 1599 timebat,
842 1553 1065 1604 diligebat,
1104 1555 1294 1602 colebat,
1332 1560 1378 1592 ut
1412 1555 1586 1593 difficile
1629 1567 1731 1593 sane

103 1625 198 1661 tum
234 1622 442 1674 cogitatu
484 1623 552 1669 sit,
596 1625 690 1661 tum
732 1624 965 1673 explicatu.
1009 1625 1128 1663 Vnus
1168 1638 1274 1663 uero
1315 1625 1488 1676 quidam
1528 1626 1601 1676 qui
1639 1639 1732 1676 gra-

103 1694 215 1731 uiter
235 1699 364 1732 antea
384 1700 578 1732 nostram
609 1694 879 1733 Societatem
914 1694 1153 1733 insectatus
1189 1701 1270 1743 est,
1310 1709 1406 1734 cum
1442 1710 1566 1734 suum
1601 1697 1733 1747 ipsius

104 1778 298 1804 errorem
331 1769 489 1815 postea
524 1766 823 1816 cognouisset‚
855 1771 899 1804 et
936 1778 1035 1804 eum
1056 1767 1168 1805 illius
1189 1768 1478 1806 uehementer
1499 1767 1731 1806 admodum

102 1836 410 1887 poenituisset,
448 1837 619 1874 ueniam
656 1837 734 1874 sibi
770 1849 794 1874 a
830 1836 1030 1875 Patribus
1063 1851 1305 1888 pacemque
1336 1838 1571 1889 petendam
1604 1839 1731 1877 enixe

104 1907 285 1954 curauit,
324 1915 368 1945 et
404 1913 472 1946 est
502 1907 661 1946 deinde
684 1907 801 1945 domi
822 1915 999 1947 nostrae
1023 1910 1194 1959 saepius
1217 1909 1460 1947 confessus.
1486 1909 1732 1959 Optimates

103 1984 249 2017 autem
269 1978 399 2029 aliqui
420 1980 641 2018 beneuolo
665 1980 767 2017 satis
791 1992 895 2031 erga
916 1993 997 2018 nos
1027 1980 1169 2018 animo
1204 1980 1354 2018 affecti
1388 1994 1475 2018 non
1510 1981 1687 2018 nullum
1712 1982 1731 2006 b

102 2050 314 2100 pecuniae
349 2063 591 2089 numerum
626 2057 643 2075 0
673 2064 749 2088 sua
771 2056 926 2101 sponte
951 2057 996 2089 et
1017 2052 1243 2089 uoluntate
1267 2051 1550 2102 redegerunt,
1574 2064 1731 2102 nempe

104 2126 150 2159 ut
172 2126 371 2159 nostrum
393 2122 602 2172 templum
633 2122 770 2173 magis
803 2123 931 2160 etiam
964 2122 1265 2173 amplificetur,
1304 2122 1465 2160 iccirco
1497 2123 1595 2173 quia
1629 2135 1732 2173 prae

103 2193 274 2231 illorum
311 2193 602 2239 multitudine,
634 2194 704 2243 qui
741 2194 914 2244 quidem
946 2193 999 2231 ad
1031 2195 1268 2231 conciones
1300 2199 1344 2231 et
1374 2193 1427 2231 ad
1462 2195 1733 2232 sanctissima

105 2269 377 2302 sacramenta
400 2264 683 2311 conueniunt,
707 2265 832 2302 nimis
855 2271 921 2302 est
942 2264 1142 2315 profecto
1165 2265 1269 2302 illud
1291 2266 1428 2315 ipsum
1450 2265 1567 2315 quod
1603 2266 1733 2303 habe-

107 2347 215 2380 mus,
242 2335 448 2385 exiguum
473 2341 516 2372 et
538 2340 784 2385 angustum.
812 2336 925 2384 Quin
948 2335 1095 2373 datum
1118 2342 1186 2374 est
1205 2336 1331 2373 nobis
1361 2349 1385 2373 a
1420 2337 1513 2373 uiro
1544 2337 1733 2386 quodam

108 2405 243 2443 nobili
279 2412 586 2444 sacrosanctae
624 2407 913 2443 eucharistiae
950 2407 1277 2444 tabernaculum
1308 2407 1526 2457 quoddam
1569 2408 1732 2446 affabre

108 2483 229 2517 certe
263 2477 468 2528 factum,
513 2483 558 2515 et
599 2478 803 2525 singulari
845 2490 977 2528 opera
1022 2479 1293 2528 artificioque
1331 2478 1572 2529 perfectum
1612 2479 1646 2517 (¹.
1688 2479 1734 2516 In

107 2549 309 2588 omnibus
331 2549 530 2587 Christus
553 2550 671 2586 Deus
694 2549 959 2598 Redemptor
981 2557 1131 2587 noster
1154 2549 1207 2586 sit
1231 2550 1503 2594 benedictus,
1524 2551 1594 2600 qui
1612 2551 1734 2588 nouit

106 2621 269 2671 optime
295 2621 383 2658 suis
405 2619 563 2670 ubique
597 2620 734 2658 seruis
766 2632 929 2657 summa
961 2633 1056 2658 cum
1090 2620 1367 2671 prouidentia
1395 2620 1664 2671 prospicere,
1689 2626 1734 2659 ut

152 2795 171 2812 a
204 2791 245 2823 et
276 2787 436 2833 quidem
467 2788 631 2824 obtenta
663 2800 682 2822 a
717 2786 764 2823 T.
797 2785 838 2822 P.
877 2787 1004 2822 venia.
1072 2787 1135 2811 —b
1157 2785 1364 2831 exiguum.
1420 2795 1482 2813 —0
1514 2788 1731 2825 cumulum.

108 2846 175 2871 —d
196 2845 364 2882 factum.

154 2990 161 3008 ¹
216 2988 426 3025 Elisabeth
445 2989 494 3025 de
515 2988 673 3036 Capua,
695 2988 943 3026 Ferdinandi
962 2990 1011 3027 de
1031 2988 1228 3037 Gonzaga
1253 3003 1366 3028 uxor.
1392 2990 1494 3026 Vide
1522 2989 1732 3033 Poumco,

109 3048 281 3094 Chrom,
303 3047 357 3091 V,
378 3048 437 3094 93,
458 3048 533 3093 VI,
554 3048 611 3086 95.
