<?xml version="1.0" encoding="UTF-8"?>
<!DOCTYPE html PUBLIC "-//W3C//DTD XHTML 1.0 Transitional//EN"
    "http://www.w3.org/TR/xhtml1/DTD/xhtml1-transitional.dtd">
<html xmlns="http://www.w3.org/1999/xhtml" xml:lang="en" lang="en">
 <head>
  <title>
</title>
<meta http-equiv="Content-Type" content="text/html;charset=utf-8" />
  <meta name='ocr-system' content='tesseract 3.04.00' />
  <meta name='ocr-capabilities' content='ocr_page ocr_carea ocr_par ocr_line ocrx_word'/>
</head>
<body>
  <div class='ocr_page' id='page_1' title='image "./litteraequadrime18lain_0406.png"; bbox 0 0 2038 3400; ppageno 0'>
   <div class='ocr_carea' id='block_1_1' title="bbox 372 227 1441 274">
    <p class='ocr_par' dir='ltr' id='par_1_1' title="bbox 372 227 1441 274">
     <span class='ocr_line' id='line_1_1' title="bbox 372 227 1441 274; baseline 0.001 -9"><span class='ocrx_word' id='word_1_1' title='bbox 372 227 442 265; x_wconf 83' lang='lat'>388</span> <span class='ocrx_word' id='word_1_2' title='bbox 836 229 1057 267; x_wconf 72' lang='lat' dir='ltr'>errssRAE</span> <span class='ocrx_word' id='word_1_3' title='bbox 1084 229 1441 274; x_wconf 78' lang='lat' dir='ltr'>QUADmMEsTREs</span> 
     </span>
    </p>
   </div>
   <div class='ocr_carea' id='block_1_2' title="bbox 313 330 1956 2396">
    <p class='ocr_par' dir='ltr' id='par_1_2' title="bbox 316 330 1956 1590">
     <span class='ocr_line' id='line_1_2' title="bbox 323 330 1954 383; baseline 0.002 -16"><span class='ocrx_word' id='word_1_4' title='bbox 323 342 401 367; x_wconf 92' lang='lat' dir='ltr'>nes</span> <span class='ocrx_word' id='word_1_5' title='bbox 433 342 537 368; x_wconf 85' lang='lat' dir='ltr'>sane</span> <span class='ocrx_word' id='word_1_6' title='bbox 569 330 812 378; x_wconf 79' lang='lat' dir='ltr'>auditores,</span> <span class='ocrx_word' id='word_1_7' title='bbox 845 331 1108 382; x_wconf 79' lang='lat' dir='ltr'>quicumque</span> <span class='ocrx_word' id='word_1_8' title='bbox 1140 331 1449 379; x_wconf 86' lang='lat' dir='ltr'>interfuerunt,</span> <span class='ocrx_word' id='word_1_9' title='bbox 1481 345 1569 370; x_wconf 90' lang='lat' dir='ltr'>non</span> <span class='ocrx_word' id='word_1_10' title='bbox 1599 345 1750 383; x_wconf 89' lang='lat' dir='ltr'>parum</span> <span class='ocrx_word' id='word_1_11' title='bbox 1785 333 1954 371; x_wconf 87' lang='lat' dir='ltr'>fructus</span> 
     </span>
     <span class='ocr_line' id='line_1_3' title="bbox 325 401 1955 454; baseline 0.001 -14"><span class='ocrx_word' id='word_1_12' title='bbox 325 415 378 440; x_wconf 85' lang='lat' dir='ltr'>ex</span> <span class='ocrx_word' id='word_1_13' title='bbox 414 401 664 440; x_wconf 86' lang='lat' dir='ltr'>huiusmodi</span> <span class='ocrx_word' id='word_1_14' title='bbox 693 403 917 451; x_wconf 86' lang='lat' dir='ltr'>exercitijs</span> <span class='ocrx_word' id='word_1_15' title='bbox 949 403 1121 440; x_wconf 87' lang='lat' dir='ltr'>haurire</span> <span class='ocrx_word' id='word_1_16' title='bbox 1153 408 1407 453; x_wconf 87' lang='lat' dir='ltr'>potuerunt.</span> <span class='ocrx_word' id='word_1_17' title='bbox 1441 403 1540 442; x_wconf 90' lang='lat' dir='ltr'>Non</span> <span class='ocrx_word' id='word_1_18' title='bbox 1572 403 1722 442; x_wconf 88' lang='lat' dir='ltr'>dubito</span> <span class='ocrx_word' id='word_1_19' title='bbox 1754 404 1901 454; x_wconf 85' lang='lat' dir='ltr'>plures</span> <span class='ocrx_word' id='word_1_20' title='bbox 1931 417 1955 442; x_wconf 89' lang='lat' dir='ltr'>a</span> 
     </span>
     <span class='ocr_line' id='line_1_4' title="bbox 323 474 1954 524; baseline 0.002 -13"><span class='ocrx_word' id='word_1_21' title='bbox 323 474 468 512; x_wconf 88' lang='lat' dir='ltr'>multis</span> <span class='ocrx_word' id='word_1_22' title='bbox 499 474 657 523; x_wconf 86' lang='lat' dir='ltr'>dubijs,</span> <span class='ocrx_word' id='word_1_23' title='bbox 690 487 777 511; x_wconf 88' lang='lat' dir='ltr'>non</span> <span class='ocrx_word' id='word_1_24' title='bbox 808 474 1032 524; x_wconf 79' lang='lat' dir='ltr'>ingenium</span> <span class='ocrx_word' id='word_1_25' title='bbox 1064 478 1247 522; x_wconf 87' lang='lat' dir='ltr'>tantum,</span> <span class='ocrx_word' id='word_1_26' title='bbox 1273 474 1352 513; x_wconf 93' lang='lat' dir='ltr'>sed</span> <span class='ocrx_word' id='word_1_27' title='bbox 1372 476 1558 514; x_wconf 89' lang='lat' dir='ltr'>animam</span> <span class='ocrx_word' id='word_1_28' title='bbox 1582 475 1713 514; x_wconf 87' lang='lat' dir='ltr'>etiam</span> <span class='ocrx_word' id='word_1_29' title='bbox 1735 482 1752 500; x_wconf 72' lang='lat'>&#39;⁶²</span> <span class='ocrx_word' id='word_1_30' title='bbox 1775 488 1954 514; x_wconf 90' lang='lat' dir='ltr'>concer-</span> 
     </span>
     <span class='ocr_line' id='line_1_5' title="bbox 322 547 1954 598; baseline 0.001 -14"><span class='ocrx_word' id='word_1_31' title='bbox 322 551 496 594; x_wconf 78' lang='lat' dir='ltr'>nentes,</span> <span class='ocrx_word' id='word_1_32' title='bbox 534 547 794 597; x_wconf 86' lang='lat' dir='ltr'>praesertim</span> <span class='ocrx_word' id='word_1_33' title='bbox 831 559 885 584; x_wconf 81' lang='lat' dir='ltr'>ex</span> <span class='ocrx_word' id='word_1_34' title='bbox 922 547 1176 597; x_wconf 88' lang='lat' dir='ltr'>theologica</span> <span class='ocrx_word' id='word_1_35' title='bbox 1211 547 1523 598; x_wconf 89' lang='lat' dir='ltr'>disputatione,</span> <span class='ocrx_word' id='word_1_36' title='bbox 1562 547 1786 595; x_wconf 88' lang='lat' dir='ltr'>liberatos,</span> <span class='ocrx_word' id='word_1_37' title='bbox 1830 554 1872 586; x_wconf 93' lang='lat' dir='ltr'>et</span> <span class='ocrx_word' id='word_1_38' title='bbox 1912 550 1954 587; x_wconf 89' lang='lat' dir='ltr'>in</span> 
     </span>
     <span class='ocr_line' id='line_1_6' title="bbox 323 618 1954 671; baseline 0.001 -15"><span class='ocrx_word' id='word_1_39' title='bbox 323 619 545 656; x_wconf 91' lang='lat' dir='ltr'>ueriorem</span> <span class='ocrx_word' id='word_1_40' title='bbox 576 618 841 656; x_wconf 79' lang='lat' dir='ltr'>sententiam</span> <span class='ocrx_word' id='word_1_41' title='bbox 862 624 1111 668; x_wconf 89' lang='lat' dir='ltr'>pertractos</span> <span class='ocrx_word' id='word_1_42' title='bbox 1135 631 1248 666; x_wconf 89' lang='lat' dir='ltr'>esse,</span> <span class='ocrx_word' id='word_1_43' title='bbox 1274 618 1402 656; x_wconf 89' lang='lat' dir='ltr'>sicuti</span> <span class='ocrx_word' id='word_1_44' title='bbox 1425 631 1478 657; x_wconf 77' lang='lat' dir='ltr'>ex</span> <span class='ocrx_word' id='word_1_45' title='bbox 1502 619 1646 658; x_wconf 90' lang='lat' dir='ltr'>multis</span> <span class='ocrx_word' id='word_1_46' title='bbox 1669 620 1802 671; x_wconf 91' lang='lat' dir='ltr'>signis</span> <span class='ocrx_word' id='word_1_47' title='bbox 1823 626 1954 671; x_wconf 89' lang='lat' dir='ltr'>atque</span> 
     </span>
     <span class='ocr_line' id='line_1_7' title="bbox 323 688 1955 740; baseline 0.001 -13"><span class='ocrx_word' id='word_1_48' title='bbox 323 690 532 740; x_wconf 80' lang='lat' dir='ltr'>singulari</span> <span class='ocrx_word' id='word_1_49' title='bbox 554 690 802 727; x_wconf 78' lang='lat' dir='ltr'>attentione</span> <span class='ocrx_word' id='word_1_50' title='bbox 825 688 1131 740; x_wconf 79' lang='lat' dir='ltr'>modestiaque</span> <span class='ocrx_word' id='word_1_51' title='bbox 1164 689 1412 728; x_wconf 87' lang='lat' dir='ltr'>auditorum</span> <span class='ocrx_word' id='word_1_52' title='bbox 1444 691 1797 729; x_wconf 87' lang='lat' dir='ltr'>animaduertere</span> <span class='ocrx_word' id='word_1_53' title='bbox 1827 691 1955 729; x_wconf 80' lang='lat' dir='ltr'>facile</span> 
     </span>
     <span class='ocr_line' id='line_1_8' title="bbox 320 762 1954 813; baseline 0 -13"><span class='ocrx_word' id='word_1_54' title='bbox 320 763 556 813; x_wconf 79' lang='lat' dir='ltr'>potuimus,</span> <span class='ocrx_word' id='word_1_55' title='bbox 594 762 870 812; x_wconf 86' lang='lat' dir='ltr'>Singularem</span> <span class='ocrx_word' id='word_1_56' title='bbox 903 762 1034 800; x_wconf 89' lang='lat' dir='ltr'>etiam</span> <span class='ocrx_word' id='word_1_57' title='bbox 1066 763 1379 810; x_wconf 90' lang='lat' dir='ltr'>reuerentiam,</span> <span class='ocrx_word' id='word_1_58' title='bbox 1414 762 1677 813; x_wconf 79' lang='lat' dir='ltr'>quicumque</span> <span class='ocrx_word' id='word_1_59' title='bbox 1701 768 1954 801; x_wconf 89' lang='lat' dir='ltr'>exterorum</span> 
     </span>
     <span class='ocr_line' id='line_1_9' title="bbox 320 833 1955 885; baseline 0 -13"><span class='ocrx_word' id='word_1_60' title='bbox 320 834 754 885; x_wconf 87' lang='lat' dir='ltr'>argumentabantnr‚</span> <span class='ocrx_word' id='word_1_61' title='bbox 798 833 911 871; x_wconf 79' lang='lat' dir='ltr'>Patri</span> <span class='ocrx_word' id='word_1_62' title='bbox 947 834 1111 872; x_wconf 83' lang='lat' dir='ltr'>rectori</span> <span class='ocrx_word' id='word_1_63' title='bbox 1145 835 1151 853; x_wconf 82' lang='lat'><strong>¹</strong></span> <span class='ocrx_word' id='word_1_64' title='bbox 1183 840 1314 885; x_wconf 90' lang='lat' dir='ltr'>atque</span> <span class='ocrx_word' id='word_1_65' title='bbox 1351 834 1527 873; x_wconf 92' lang='lat' dir='ltr'>doctori</span> <span class='ocrx_word' id='word_1_66' title='bbox 1562 833 1780 885; x_wconf 85' lang='lat' dir='ltr'>Rodrigez</span> <span class='ocrx_word' id='word_1_67' title='bbox 1802 834 1814 853; x_wconf 73' lang='lat'><strong>²</strong></span> <span class='ocrx_word' id='word_1_68' title='bbox 1837 834 1955 872; x_wconf 84' lang='lat' dir='ltr'>exhi-</span> 
     </span>
     <span class='ocr_line' id='line_1_10' title="bbox 321 904 1955 956; baseline 0 -13"><span class='ocrx_word' id='word_1_69' title='bbox 321 907 524 944; x_wconf 89' lang='lat' dir='ltr'>buerunt.</span> <span class='ocrx_word' id='word_1_70' title='bbox 559 905 859 943; x_wconf 84' lang='lat' dir='ltr'>Interfuerunt</span> <span class='ocrx_word' id='word_1_71' title='bbox 888 905 1036 955; x_wconf 87' lang='lat' dir='ltr'>primis</span> <span class='ocrx_word' id='word_1_72' title='bbox 1072 904 1244 943; x_wconf 91' lang='lat' dir='ltr'>duobus</span> <span class='ocrx_word' id='word_1_73' title='bbox 1280 905 1435 943; x_wconf 84' lang='lat' dir='ltr'>diebus</span> <span class='ocrx_word' id='word_1_74' title='bbox 1471 905 1556 943; x_wconf 92' lang='lat' dir='ltr'>duo</span> <span class='ocrx_word' id='word_1_75' title='bbox 1595 906 1790 956; x_wconf 89' lang='lat' dir='ltr'>episcopi</span> <span class='ocrx_word' id='word_1_76' title='bbox 1824 909 1955 955; x_wconf 89' lang='lat' dir='ltr'>atque</span> 
     </span>
     <span class='ocr_line' id='line_1_11' title="bbox 321 975 1955 1028; baseline -0.001 -11"><span class='ocrx_word' id='word_1_77' title='bbox 321 977 607 1017; x_wconf 89' lang='lat' dir='ltr'>cancellarius</span> <span class='ocrx_word' id='word_1_78' title='bbox 644 977 865 1023; x_wconf 69' lang='lat' dir='ltr'>Austriaess,</span> <span class='ocrx_word' id='word_1_79' title='bbox 902 977 997 1025; x_wconf 83' lang='lat' dir='ltr'>alijs</span> <span class='ocrx_word' id='word_1_80' title='bbox 1033 975 1187 1015; x_wconf 85' lang='lat' dir='ltr'>diebus</span> <span class='ocrx_word' id='word_1_81' title='bbox 1218 989 1391 1028; x_wconf 88' lang='lat' dir='ltr'>semper</span> <span class='ocrx_word' id='word_1_82' title='bbox 1424 978 1553 1016; x_wconf 90' lang='lat' dir='ltr'>etiam</span> <span class='ocrx_word' id='word_1_83' title='bbox 1584 977 1715 1026; x_wconf 81' lang='lat' dir='ltr'>aliqui</span> <span class='ocrx_word' id='word_1_84' title='bbox 1745 976 1955 1015; x_wconf 88' lang='lat' dir='ltr'>doctores</span> 
     </span>
     <span class='ocr_line' id='line_1_12' title="bbox 320 1047 1939 1101; baseline -0.001 -13"><span class='ocrx_word' id='word_1_85' title='bbox 320 1050 391 1088; x_wconf 92' lang='lat' dir='ltr'>uel</span> <span class='ocrx_word' id='word_1_86' title='bbox 413 1049 610 1101; x_wconf 80' lang='lat' dir='ltr'>magistri</span> <span class='ocrx_word' id='word_1_87' title='bbox 633 1061 687 1087; x_wconf 84' lang='lat' dir='ltr'>ex</span> <span class='ocrx_word' id='word_1_88' title='bbox 712 1047 1016 1095; x_wconf 89' lang='lat' dir='ltr'>vniuersitate‚</span> <span class='ocrx_word' id='word_1_89' title='bbox 1041 1053 1174 1099; x_wconf 89' lang='lat' dir='ltr'>atque</span> <span class='ocrx_word' id='word_1_90' title='bbox 1199 1048 1385 1087; x_wconf 89' lang='lat' dir='ltr'>studiosi</span> <span class='ocrx_word' id='word_1_91' title='bbox 1405 1049 1649 1100; x_wconf 86' lang='lat' dir='ltr'>perplures,</span> <span class='ocrx_word' id='word_1_92' title='bbox 1674 1054 1765 1086; x_wconf 89' lang='lat' dir='ltr'>tum</span> <span class='ocrx_word' id='word_1_93' title='bbox 1788 1054 1939 1098; x_wconf 86' lang='lat' dir='ltr'>specta</span> 
     </span>
     <span class='ocr_line' id='line_1_13' title="bbox 318 1119 1954 1172; baseline 0 -14"><span class='ocrx_word' id='word_1_94' title='bbox 318 1127 456 1169; x_wconf 74' lang='lat' dir='ltr'>tores,</span> <span class='ocrx_word' id='word_1_95' title='bbox 482 1128 571 1159; x_wconf 91' lang='lat' dir='ltr'>tum</span> <span class='ocrx_word' id='word_1_96' title='bbox 593 1125 978 1172; x_wconf 77' lang='lat' dir='ltr'>argumentatores</span> <span class='ocrx_word' id='word_1_97' title='bbox 1002 1126 1204 1172; x_wconf 87' lang='lat' dir='ltr'>egerunt.</span> <span class='ocrx_word' id='word_1_98' title='bbox 1238 1119 1389 1158; x_wconf 88' lang='lat' dir='ltr'>Finitis</span> <span class='ocrx_word' id='word_1_99' title='bbox 1422 1120 1622 1158; x_wconf 86' lang='lat' dir='ltr'>omnibus</span> <span class='ocrx_word' id='word_1_100' title='bbox 1654 1119 1954 1171; x_wconf 88' lang='lat' dir='ltr'>disputationi-</span> 
     </span>
     <span class='ocr_line' id='line_1_14' title="bbox 319 1192 1956 1244; baseline -0.001 -12"><span class='ocrx_word' id='word_1_101' title='bbox 319 1195 414 1241; x_wconf 84' lang='lat' dir='ltr'>bus,</span> <span class='ocrx_word' id='word_1_102' title='bbox 452 1195 663 1232; x_wconf 86' lang='lat' dir='ltr'>recitatus</span> <span class='ocrx_word' id='word_1_103' title='bbox 695 1193 773 1231; x_wconf 86' lang='lat' dir='ltr'>fuit</span> <span class='ocrx_word' id='word_1_104' title='bbox 804 1194 1006 1244; x_wconf 87' lang='lat' dir='ltr'>dialogus</span> <span class='ocrx_word' id='word_1_105' title='bbox 1036 1194 1219 1231; x_wconf 87' lang='lat' dir='ltr'>heroico</span> <span class='ocrx_word' id='word_1_106' title='bbox 1253 1193 1444 1231; x_wconf 90' lang='lat' dir='ltr'>carmine</span> <span class='ocrx_word' id='word_1_107' title='bbox 1477 1193 1750 1243; x_wconf 87' lang='lat' dir='ltr'>conscriptus</span> <span class='ocrx_word' id='word_1_108' title='bbox 1780 1192 1823 1230; x_wconf 89' lang='lat' dir='ltr'>in</span> <span class='ocrx_word' id='word_1_109' title='bbox 1853 1204 1956 1230; x_wconf 86' lang='lat' dir='ltr'>area</span> 
     </span>
     <span class='ocr_line' id='line_1_15' title="bbox 319 1264 1955 1317; baseline -0.002 -12"><span class='ocrx_word' id='word_1_110' title='bbox 319 1266 496 1317; x_wconf 88' lang='lat' dir='ltr'>collegij</span> <span class='ocrx_word' id='word_1_111' title='bbox 536 1266 714 1304; x_wconf 88' lang='lat' dir='ltr'>nostri.-</span> <span class='ocrx_word' id='word_1_112' title='bbox 737 1266 1024 1316; x_wconf 87' lang='lat' dir='ltr'>Spectatores</span> <span class='ocrx_word' id='word_1_113' title='bbox 1066 1266 1242 1302; x_wconf 71' lang='lat' dir='ltr'>fuerunt</span> <span class='ocrx_word' id='word_1_114' title='bbox 1282 1270 1471 1315; x_wconf 87' lang='lat' dir='ltr'>quatuor</span> <span class='ocrx_word' id='word_1_115' title='bbox 1513 1264 1709 1315; x_wconf 88' lang='lat' dir='ltr'>episcopi</span> <span class='ocrx_word' id='word_1_116' title='bbox 1750 1269 1794 1301; x_wconf 93' lang='lat' dir='ltr'>et</span> <span class='ocrx_word' id='word_1_117' title='bbox 1833 1264 1955 1301; x_wconf 80' lang='lat' dir='ltr'>multi</span> 
     </span>
     <span class='ocr_line' id='line_1_16' title="bbox 318 1334 1953 1388; baseline -0.002 -13"><span class='ocrx_word' id='word_1_118' title='bbox 318 1342 546 1388; x_wconf 87' lang='lat' dir='ltr'>magnates</span> <span class='ocrx_word' id='word_1_119' title='bbox 581 1342 713 1388; x_wconf 86' lang='lat' dir='ltr'>atque</span> <span class='ocrx_word' id='word_1_120' title='bbox 744 1336 935 1375; x_wconf 77' lang='lat' dir='ltr'>nobiles,</span> <span class='ocrx_word' id='word_1_121' title='bbox 975 1336 1301 1387; x_wconf 82' lang='lat' dir='ltr'>Magistrorum,</span> <span class='ocrx_word' id='word_1_122' title='bbox 1336 1335 1649 1382; x_wconf 89' lang='lat' dir='ltr'>studiosorum,</span> <span class='ocrx_word' id='word_1_123' title='bbox 1684 1348 1735 1373; x_wconf 92' lang='lat' dir='ltr'>ac</span> <span class='ocrx_word' id='word_1_124' title='bbox 1766 1334 1953 1386; x_wconf 86' lang='lat' dir='ltr'>denique</span> 
     </span>
     <span class='ocr_line' id='line_1_17' title="bbox 317 1406 1952 1459; baseline -0.001 -13"><span class='ocrx_word' id='word_1_125' title='bbox 317 1415 570 1447; x_wconf 89' lang='lat' dir='ltr'>ceterorum</span> <span class='ocrx_word' id='word_1_126' title='bbox 590 1408 815 1446; x_wconf 90' lang='lat' dir='ltr'>hominum</span> <span class='ocrx_word' id='word_1_127' title='bbox 839 1408 1118 1459; x_wconf 85' lang='lat' dir='ltr'>septingenta</span> <span class='ocrx_word' id='word_1_128' title='bbox 1142 1407 1317 1446; x_wconf 89' lang='lat' dir='ltr'>circiter</span> <span class='ocrx_word' id='word_1_129' title='bbox 1338 1408 1533 1455; x_wconf 73' lang='lat' dir='ltr'>fuerunt,</span> <span class='ocrx_word' id='word_1_130' title='bbox 1563 1407 1719 1458; x_wconf 86' lang='lat' dir='ltr'>quibus</span> <span class='ocrx_word' id='word_1_131' title='bbox 1752 1406 1952 1444; x_wconf 83' lang='lat' dir='ltr'>omnibus</span> 
     </span>
     <span class='ocr_line' id='line_1_18' title="bbox 316 1478 1950 1531; baseline -0.002 -13"><span class='ocrx_word' id='word_1_132' title='bbox 316 1481 368 1518; x_wconf 83' lang='lat' dir='ltr'>ab</span> <span class='ocrx_word' id='word_1_133' title='bbox 392 1480 613 1518; x_wconf 88' lang='lat' dir='ltr'>actoribus</span> <span class='ocrx_word' id='word_1_134' title='bbox 635 1478 796 1531; x_wconf 87' lang='lat' dir='ltr'>dialogi</span> <span class='ocrx_word' id='word_1_135' title='bbox 819 1480 879 1517; x_wconf 90' lang='lat' dir='ltr'>ita</span> <span class='ocrx_word' id='word_1_136' title='bbox 901 1479 1173 1518; x_wconf 87' lang='lat' dir='ltr'>satisfactum</span> <span class='ocrx_word' id='word_1_137' title='bbox 1196 1484 1278 1527; x_wconf 87' lang='lat' dir='ltr'>est,</span> <span class='ocrx_word' id='word_1_138' title='bbox 1299 1485 1345 1517; x_wconf 94' lang='lat' dir='ltr'>ut</span> <span class='ocrx_word' id='word_1_139' title='bbox 1370 1491 1522 1517; x_wconf 90' lang='lat' dir='ltr'>omnes</span> <span class='ocrx_word' id='word_1_140' title='bbox 1545 1491 1640 1517; x_wconf 88' lang='lat' dir='ltr'>cum</span> <span class='ocrx_word' id='word_1_141' title='bbox 1661 1478 1950 1516; x_wconf 87' lang='lat' dir='ltr'>admiratione</span> 
     </span>
     <span class='ocr_line' id='line_1_19' title="bbox 318 1551 756 1590; baseline -0.002 0"><span class='ocrx_word' id='word_1_142' title='bbox 318 1551 576 1590; x_wconf 88' lang='lat' dir='ltr'>discessisse</span> <span class='ocrx_word' id='word_1_143' title='bbox 598 1551 756 1589; x_wconf 84' lang='lat' dir='ltr'>ferant.</span> 
     </span>
    </p>

    <p class='ocr_par' dir='ltr' id='par_1_3' title="bbox 313 1621 1955 2396">
     <span class='ocr_line' id='line_1_20' title="bbox 370 1621 1952 1674; baseline -0.003 -12"><span class='ocrx_word' id='word_1_144' title='bbox 370 1635 407 1663; x_wconf 89' lang='lat'>2.</span> <span class='ocrx_word' id='word_1_145' title='bbox 461 1624 575 1661; x_wconf 77' lang='lat' dir='ltr'>Ante</span> <span class='ocrx_word' id='word_1_146' title='bbox 592 1636 720 1673; x_wconf 88' lang='lat' dir='ltr'>quam</span> <span class='ocrx_word' id='word_1_147' title='bbox 738 1623 862 1673; x_wconf 89' lang='lat' dir='ltr'>primi</span> <span class='ocrx_word' id='word_1_148' title='bbox 877 1629 1193 1674; x_wconf 89' lang='lat' dir='ltr'>praeceptores</span> <span class='ocrx_word' id='word_1_149' title='bbox 1210 1635 1310 1661; x_wconf 91' lang='lat' dir='ltr'>suas</span> <span class='ocrx_word' id='word_1_150' title='bbox 1329 1621 1544 1660; x_wconf 87' lang='lat' dir='ltr'>lectiones</span> <span class='ocrx_word' id='word_1_151' title='bbox 1561 1622 1821 1660; x_wconf 84' lang='lat' dir='ltr'>inchoarent</span> <span class='ocrx_word' id='word_1_152' title='bbox 1842 1621 1876 1667; x_wconf 76' lang='lat' dir='ltr'>b,</span> <span class='ocrx_word' id='word_1_153' title='bbox 1899 1633 1952 1658; x_wconf 84' lang='lat' dir='ltr'>ex</span> 
     </span>
     <span class='ocr_line' id='line_1_21' title="bbox 324 1692 1955 1746; baseline -0.004 -11"><span class='ocrx_word' id='word_1_154' title='bbox 324 1695 474 1735; x_wconf 89' lang='lat' dir='ltr'>ordine</span> <span class='ocrx_word' id='word_1_155' title='bbox 499 1697 722 1734; x_wconf 89' lang='lat' dir='ltr'>orationes</span> <span class='ocrx_word' id='word_1_156' title='bbox 743 1695 991 1733; x_wconf 87' lang='lat' dir='ltr'>habuerunt</span> <span class='ocrx_word' id='word_1_157' title='bbox 1021 1700 1064 1733; x_wconf 91' lang='lat' dir='ltr'>et</span> <span class='ocrx_word' id='word_1_158' title='bbox 1086 1694 1323 1746; x_wconf 87' lang='lat' dir='ltr'>discipulos</span> <span class='ocrx_word' id='word_1_159' title='bbox 1346 1707 1449 1732; x_wconf 85' lang='lat' dir='ltr'>suos</span> <span class='ocrx_word' id='word_1_160' title='bbox 1484 1694 1537 1732; x_wconf 88' lang='lat' dir='ltr'>ad</span> <span class='ocrx_word' id='word_1_161' title='bbox 1560 1694 1782 1731; x_wconf 88' lang='lat' dir='ltr'>literarum</span> <span class='ocrx_word' id='word_1_162' title='bbox 1813 1692 1955 1730; x_wconf 89' lang='lat' dir='ltr'>studia</span> 
     </span>
     <span class='ocr_line' id='line_1_22' title="bbox 321 1765 1955 1814; baseline -0.004 -6"><span class='ocrx_word' id='word_1_163' title='bbox 321 1769 543 1808; x_wconf 87' lang='lat' dir='ltr'>exhortati</span> <span class='ocrx_word' id='word_1_164' title='bbox 564 1774 678 1807; x_wconf 91' lang='lat' dir='ltr'>sunt.</span> <span class='ocrx_word' id='word_1_165' title='bbox 704 1767 856 1807; x_wconf 89' lang='lat' dir='ltr'>Creuit</span> <span class='ocrx_word' id='word_1_166' title='bbox 872 1767 1066 1806; x_wconf 90' lang='lat' dir='ltr'>nonnihil</span> <span class='ocrx_word' id='word_1_167' title='bbox 1088 1779 1296 1805; x_wconf 92' lang='lat' dir='ltr'>numerus</span> <span class='ocrx_word' id='word_1_168' title='bbox 1318 1766 1596 1813; x_wconf 88' lang='lat' dir='ltr'>scholarium,</span> <span class='ocrx_word' id='word_1_169' title='bbox 1618 1770 1662 1803; x_wconf 83' lang='lat' dir='ltr'>et</span> <span class='ocrx_word' id='word_1_170' title='bbox 1684 1777 1787 1803; x_wconf 88' lang='lat' dir='ltr'>sane</span> <span class='ocrx_word' id='word_1_171' title='bbox 1808 1765 1955 1814; x_wconf 88' lang='lat' dir='ltr'>plures</span> 
     </span>
     <span class='ocr_line' id='line_1_23' title="bbox 317 1836 1953 1885; baseline -0.004 -6"><span class='ocrx_word' id='word_1_172' title='bbox 317 1840 502 1879; x_wconf 86' lang='lat' dir='ltr'>studiosi</span> <span class='ocrx_word' id='word_1_173' title='bbox 524 1847 541 1865; x_wconf 79' lang='lat'>0</span> <span class='ocrx_word' id='word_1_174' title='bbox 562 1838 831 1879; x_wconf 90' lang='lat' dir='ltr'>accederent</span> <span class='ocrx_word' id='word_1_175' title='bbox 853 1845 1102 1878; x_wconf 89' lang='lat' dir='ltr'>nostrorum</span> <span class='ocrx_word' id='word_1_176' title='bbox 1134 1839 1365 1885; x_wconf 88' lang='lat' dir='ltr'>lectiones,</span> <span class='ocrx_word' id='word_1_177' title='bbox 1391 1837 1464 1876; x_wconf 88' lang='lat' dir='ltr'>sed</span> <span class='ocrx_word' id='word_1_178' title='bbox 1487 1837 1567 1875; x_wconf 90' lang='lat' dir='ltr'>illis</span> <span class='ocrx_word' id='word_1_179' title='bbox 1590 1837 1643 1875; x_wconf 86' lang='lat' dir='ltr'>ab</span> <span class='ocrx_word' id='word_1_180' title='bbox 1666 1836 1953 1874; x_wconf 86' lang='lat' dir='ltr'>vniuersitate</span> 
     </span>
     <span class='ocr_line' id='line_1_24' title="bbox 315 1907 1953 1964; baseline -0.005 -12"><span class='ocrx_word' id='word_1_181' title='bbox 315 1913 585 1964; x_wconf 90' lang='lat' dir='ltr'>prohibetur.</span> <span class='ocrx_word' id='word_1_182' title='bbox 603 1911 778 1950; x_wconf 88' lang='lat' dir='ltr'>Timent</span> <span class='ocrx_word' id='word_1_183' title='bbox 794 1911 854 1949; x_wconf 89' lang='lat' dir='ltr'>illi</span> <span class='ocrx_word' id='word_1_184' title='bbox 870 1924 926 1949; x_wconf 92' lang='lat' dir='ltr'>ne</span> <span class='ocrx_word' id='word_1_185' title='bbox 946 1911 1011 1949; x_wconf 73' lang='lat' dir='ltr'>ita</span> <span class='ocrx_word' id='word_1_186' title='bbox 1029 1911 1255 1950; x_wconf 89' lang='lat' dir='ltr'>auditores</span> <span class='ocrx_word' id='word_1_187' title='bbox 1272 1911 1354 1948; x_wconf 90' lang='lat' dir='ltr'>illis</span> <span class='ocrx_word' id='word_1_188' title='bbox 1372 1908 1590 1948; x_wconf 87' lang='lat' dir='ltr'>deficiant.</span> <span class='ocrx_word' id='word_1_189' title='bbox 1608 1908 1847 1947; x_wconf 86' lang='lat' dir='ltr'>Auditores</span> <span class='ocrx_word' id='word_1_190' title='bbox 1864 1907 1953 1957; x_wconf 92' lang='lat' dir='ltr'>phi-</span> 
     </span>
     <span class='ocr_line' id='line_1_25' title="bbox 320 1980 1952 2036; baseline -0.004 -12"><span class='ocrx_word' id='word_1_191' title='bbox 320 1986 548 2036; x_wconf 88' lang='lat' dir='ltr'>losophiae</span> <span class='ocrx_word' id='word_1_192' title='bbox 571 1989 669 2023; x_wconf 92' lang='lat' dir='ltr'>sunt</span> <span class='ocrx_word' id='word_1_193' title='bbox 696 1995 756 2032; x_wconf 86' lang='lat'>12,</span> <span class='ocrx_word' id='word_1_194' title='bbox 781 1984 1027 2022; x_wconf 84' lang='lat' dir='ltr'>rhetorices</span> <span class='ocrx_word' id='word_1_195' title='bbox 1054 1984 1115 2030; x_wconf 83' lang='lat'>16,</span> <span class='ocrx_word' id='word_1_196' title='bbox 1139 1983 1181 2021; x_wconf 91' lang='lat' dir='ltr'>in</span> <span class='ocrx_word' id='word_1_197' title='bbox 1204 1983 1344 2021; x_wconf 91' lang='lat' dir='ltr'>classe</span> <span class='ocrx_word' id='word_1_198' title='bbox 1375 1982 1542 2020; x_wconf 84' lang='lat' dir='ltr'>hebrea</span> <span class='ocrx_word' id='word_1_199' title='bbox 1563 1986 1749 2032; x_wconf 87' lang='lat' dir='ltr'>septem,</span> <span class='ocrx_word' id='word_1_200' title='bbox 1774 1980 1815 2018; x_wconf 91' lang='lat' dir='ltr'>in</span> <span class='ocrx_word' id='word_1_201' title='bbox 1847 1980 1952 2017; x_wconf 90' lang='lat' dir='ltr'>clas-</span> 
     </span>
     <span class='ocr_line' id='line_1_26' title="bbox 316 2052 1952 2107; baseline -0.004 -11"><span class='ocrx_word' id='word_1_202' title='bbox 316 2071 363 2096; x_wconf 89' lang='lat' dir='ltr'>se</span> <span class='ocrx_word' id='word_1_203' title='bbox 392 2057 660 2096; x_wconf 85' lang='lat' dir='ltr'>humanioris</span> <span class='ocrx_word' id='word_1_204' title='bbox 690 2057 946 2094; x_wconf 88' lang='lat' dir='ltr'>literaturae</span> <span class='ocrx_word' id='word_1_205' title='bbox 979 2061 1110 2105; x_wconf 90' lang='lat' dir='ltr'>atque</span> <span class='ocrx_word' id='word_1_206' title='bbox 1132 2068 1293 2107; x_wconf 87' lang='lat' dir='ltr'>grecae</span> <span class='ocrx_word' id='word_1_207' title='bbox 1324 2053 1497 2106; x_wconf 86' lang='lat' dir='ltr'>linguae</span> <span class='ocrx_word' id='word_1_208' title='bbox 1521 2058 1620 2092; x_wconf 89' lang='lat' dir='ltr'>sunt</span> <span class='ocrx_word' id='word_1_209' title='bbox 1651 2053 1717 2100; x_wconf 76' lang='lat'>263</span> <span class='ocrx_word' id='word_1_210' title='bbox 1739 2052 1781 2090; x_wconf 91' lang='lat' dir='ltr'>in</span> <span class='ocrx_word' id='word_1_211' title='bbox 1813 2052 1952 2090; x_wconf 89' lang='lat' dir='ltr'>classe</span> 
     </span>
     <span class='ocr_line' id='line_1_27' title="bbox 314 2126 1951 2181; baseline -0.005 -13"><span class='ocrx_word' id='word_1_212' title='bbox 314 2130 452 2181; x_wconf 87' lang='lat' dir='ltr'>prima</span> <span class='ocrx_word' id='word_1_213' title='bbox 473 2129 739 2180; x_wconf 89' lang='lat' dir='ltr'>gramatices</span> <span class='ocrx_word' id='word_1_214' title='bbox 756 2139 820 2177; x_wconf 82' lang='lat'>39,</span> <span class='ocrx_word' id='word_1_215' title='bbox 840 2129 883 2166; x_wconf 92' lang='lat' dir='ltr'>in</span> <span class='ocrx_word' id='word_1_216' title='bbox 900 2129 962 2167; x_wconf 58' lang='lat'>2²¹</span> <span class='ocrx_word' id='word_1_217' title='bbox 982 2129 1047 2174; x_wconf 85' lang='lat'>60,</span> <span class='ocrx_word' id='word_1_218' title='bbox 1068 2128 1109 2165; x_wconf 91' lang='lat' dir='ltr'>in</span> <span class='ocrx_word' id='word_1_219' title='bbox 1128 2128 1258 2165; x_wconf 89' lang='lat' dir='ltr'>tertia</span> <span class='ocrx_word' id='word_1_220' title='bbox 1276 2136 1336 2176; x_wconf 86' lang='lat'>52,</span> <span class='ocrx_word' id='word_1_221' title='bbox 1353 2127 1396 2165; x_wconf 91' lang='lat' dir='ltr'>in</span> <span class='ocrx_word' id='word_1_222' title='bbox 1413 2132 1566 2177; x_wconf 89' lang='lat' dir='ltr'>quarta</span> <span class='ocrx_word' id='word_1_223' title='bbox 1583 2126 1723 2164; x_wconf 87' lang='lat' dir='ltr'>classe</span> <span class='ocrx_word' id='word_1_224' title='bbox 1741 2135 1951 2175; x_wconf 84' lang='lat' dir='ltr'>gramma-</span> 
     </span>
     <span class='ocr_line' id='line_1_28' title="bbox 315 2199 1951 2252; baseline -0.004 -12"><span class='ocrx_word' id='word_1_225' title='bbox 315 2203 425 2240; x_wconf 87' lang='lat' dir='ltr'>tices</span> <span class='ocrx_word' id='word_1_226' title='bbox 448 2202 518 2239; x_wconf 88' lang='lat' dir='ltr'>uel</span> <span class='ocrx_word' id='word_1_227' title='bbox 540 2201 850 2252; x_wconf 86' lang='lat' dir='ltr'>principiorum</span> <span class='ocrx_word' id='word_1_228' title='bbox 872 2200 938 2248; x_wconf 86' lang='lat'>60,</span> <span class='ocrx_word' id='word_1_229' title='bbox 972 2201 1013 2238; x_wconf 90' lang='lat' dir='ltr'>in</span> <span class='ocrx_word' id='word_1_230' title='bbox 1045 2200 1196 2238; x_wconf 90' lang='lat' dir='ltr'>ultima</span> <span class='ocrx_word' id='word_1_231' title='bbox 1217 2200 1358 2238; x_wconf 89' lang='lat' dir='ltr'>classe</span> <span class='ocrx_word' id='word_1_232' title='bbox 1390 2199 1501 2236; x_wconf 87' lang='lat' dir='ltr'>ultra</span> <span class='ocrx_word' id='word_1_233' title='bbox 1531 2199 1596 2236; x_wconf 82' lang='lat'>80.</span> <span class='ocrx_word' id='word_1_234' title='bbox 1631 2199 1951 2246; x_wconf 87' lang='lat' dir='ltr'>Praeceptores</span> 
     </span>
     <span class='ocr_line' id='line_1_29' title="bbox 315 2268 1948 2322; baseline -0.004 -11"><span class='ocrx_word' id='word_1_235' title='bbox 315 2279 415 2311; x_wconf 88' lang='lat' dir='ltr'>sunt</span> <span class='ocrx_word' id='word_1_236' title='bbox 439 2273 492 2311; x_wconf 91' lang='lat' dir='ltr'>M.</span> <span class='ocrx_word' id='word_1_237' title='bbox 518 2273 779 2311; x_wconf 85' lang='lat' dir='ltr'>Laurentius</span> <span class='ocrx_word' id='word_1_238' title='bbox 802 2278 846 2310; x_wconf 90' lang='lat' dir='ltr'>et</span> <span class='ocrx_word' id='word_1_239' title='bbox 869 2272 924 2310; x_wconf 90' lang='lat' dir='ltr'>M.</span> <span class='ocrx_word' id='word_1_240' title='bbox 955 2272 1248 2318; x_wconf 83' lang='lat' dir='ltr'>Guilhelmus,</span> <span class='ocrx_word' id='word_1_241' title='bbox 1271 2283 1457 2322; x_wconf 89' lang='lat' dir='ltr'>quorum</span> <span class='ocrx_word' id='word_1_242' title='bbox 1478 2270 1595 2321; x_wconf 88' lang='lat' dir='ltr'>prior</span> <span class='ocrx_word' id='word_1_243' title='bbox 1617 2268 1724 2319; x_wconf 90' lang='lat' dir='ltr'>legit</span> <span class='ocrx_word' id='word_1_244' title='bbox 1745 2268 1948 2319; x_wconf 82' lang='lat' dir='ltr'>logicam,</span> 
     </span>
     <span class='ocr_line' id='line_1_30' title="bbox 313 2340 1950 2396; baseline -0.004 -12"><span class='ocrx_word' id='word_1_245' title='bbox 313 2345 532 2396; x_wconf 89' lang='lat' dir='ltr'>posterior</span> <span class='ocrx_word' id='word_1_246' title='bbox 554 2345 819 2383; x_wconf 89' lang='lat' dir='ltr'>rhetoricam</span> <span class='ocrx_word' id='word_1_247' title='bbox 839 2349 886 2382; x_wconf 92' lang='lat' dir='ltr'>et</span> <span class='ocrx_word' id='word_1_248' title='bbox 906 2344 1128 2382; x_wconf 88' lang='lat' dir='ltr'>hebraica.</span> <span class='ocrx_word' id='word_1_249' title='bbox 1150 2343 1369 2381; x_wconf 90' lang='lat' dir='ltr'>Henricus</span> <span class='ocrx_word' id='word_1_250' title='bbox 1391 2347 1404 2366; x_wconf 76' lang='lat'>³</span> <span class='ocrx_word' id='word_1_251' title='bbox 1421 2340 1529 2393; x_wconf 91' lang='lat' dir='ltr'>legit</span> <span class='ocrx_word' id='word_1_252' title='bbox 1550 2342 1592 2379; x_wconf 91' lang='lat' dir='ltr'>in</span> <span class='ocrx_word' id='word_1_253' title='bbox 1613 2341 1761 2387; x_wconf 88' lang='lat' dir='ltr'>tertia,</span> <span class='ocrx_word' id='word_1_254' title='bbox 1783 2340 1802 2364; x_wconf 76' lang='lat' dir='ltr'>d</span> <span class='ocrx_word' id='word_1_255' title='bbox 1824 2340 1950 2377; x_wconf 88' lang='lat' dir='ltr'>Fran-</span> 
     </span>
    </p>
   </div>
   <div class='ocr_carea' id='block_1_3' title="bbox 313 2550 1949 2660">
    <p class='ocr_par' dir='ltr' id='par_1_4' title="bbox 313 2550 1949 2660">
     <span class='ocr_line' id='line_1_31' title="bbox 361 2550 1949 2600; baseline -0.003 -9"><span class='ocrx_word' id='word_1_256' title='bbox 361 2555 380 2574; x_wconf 52' lang='grc' dir='ltr'><strong>ἃ</strong></span> <span class='ocrx_word' id='word_1_257' title='bbox 419 2554 542 2591; x_wconf 85' lang='lat' dir='ltr'>etiam</span> <span class='ocrx_word' id='word_1_258' title='bbox 557 2559 694 2600; x_wconf 76' lang='lat' dir='ltr'>supra</span> <span class='ocrx_word' id='word_1_259' title='bbox 712 2564 819 2590; x_wconf 77' lang='lat' dir='ltr'>vers.</span> <span class='ocrx_word' id='word_1_260' title='bbox 873 2554 939 2578; x_wconf 79' lang='lat' dir='ltr'>—b</span> <span class='ocrx_word' id='word_1_261' title='bbox 963 2552 1115 2589; x_wconf 77' lang='lat' dir='ltr'>Praec.</span> <span class='ocrx_word' id='word_1_262' title='bbox 1133 2563 1170 2589; x_wconf 88' lang='lat' dir='ltr'>v.</span> <span class='ocrx_word' id='word_1_263' title='bbox 1185 2556 1322 2597; x_wconf 82' lang='lat' dir='ltr'>supra</span> <span class='ocrx_word' id='word_1_264' title='bbox 1342 2561 1452 2588; x_wconf 76' lang='lat' dir='ltr'>vers.</span> <span class='ocrx_word' id='word_1_265' title='bbox 1502 2558 1565 2576; x_wconf 82' lang='lat'>—0</span> <span class='ocrx_word' id='word_1_266' title='bbox 1586 2550 1738 2587; x_wconf 69' lang='lat' dir='ltr'>Praec.</span> <span class='ocrx_word' id='word_1_267' title='bbox 1757 2560 1794 2586; x_wconf 86' lang='lat' dir='ltr'>v.</span> <span class='ocrx_word' id='word_1_268' title='bbox 1813 2554 1949 2596; x_wconf 82' lang='lat' dir='ltr'>supra</span> 
     </span>
     <span class='ocr_line' id='line_1_32' title="bbox 313 2612 1342 2660; baseline -0.004 -9"><span class='ocrx_word' id='word_1_269' title='bbox 313 2626 438 2658; x_wconf 72' lang='lat' dir='ltr'>vers..</span> <span class='ocrx_word' id='word_1_270' title='bbox 459 2614 597 2651; x_wconf 78' lang='lat' dir='ltr'>deleto</span> <span class='ocrx_word' id='word_1_271' title='bbox 617 2615 704 2650; x_wconf 84' lang='lat' dir='ltr'>alio</span> <span class='ocrx_word' id='word_1_272' title='bbox 723 2622 762 2650; x_wconf 83' lang='lat' dir='ltr'>v·</span> <span class='ocrx_word' id='word_1_273' title='bbox 818 2614 884 2638; x_wconf 80' lang='lat' dir='ltr'>—d</span> <span class='ocrx_word' id='word_1_274' title='bbox 907 2613 998 2660; x_wconf 83' lang='lat' dir='ltr'>Seq.</span> <span class='ocrx_word' id='word_1_275' title='bbox 1021 2613 1103 2649; x_wconf 85' lang='lat' dir='ltr'>del.</span> <span class='ocrx_word' id='word_1_276' title='bbox 1130 2612 1342 2648; x_wconf 89' lang='lat' dir='ltr'>Absalom.</span> 
     </span>
    </p>
   </div>
   <div class='ocr_carea' id='block_1_4' title="bbox 312 2820 1946 3101">
    <p class='ocr_par' dir='ltr' id='par_1_5' title="bbox 363 2820 955 2868">
     <span class='ocr_line' id='line_1_33' title="bbox 363 2820 955 2868; baseline -0.002 -10"><span class='ocrx_word' id='word_1_277' title='bbox 363 2824 371 2843; x_wconf 92' lang='lat'>¹</span> <span class='ocrx_word' id='word_1_278' title='bbox 425 2821 471 2858; x_wconf 91' lang='lat' dir='ltr'>P.</span> <span class='ocrx_word' id='word_1_279' title='bbox 488 2821 668 2868; x_wconf 79' lang='lat' dir='ltr'>joannes</span> <span class='ocrx_word' id='word_1_280' title='bbox 687 2821 736 2857; x_wconf 90' lang='lat' dir='ltr'>de</span> <span class='ocrx_word' id='word_1_281' title='bbox 756 2820 955 2858; x_wconf 86' lang='lat' dir='ltr'>Victoria.</span> 
     </span>
    </p>

    <p class='ocr_par' dir='ltr' id='par_1_6' title="bbox 361 2879 1078 2927">
     <span class='ocr_line' id='line_1_34' title="bbox 361 2879 1078 2927; baseline -0.004 -9"><span class='ocrx_word' id='word_1_282' title='bbox 361 2882 374 2902; x_wconf 78' lang='lat'>²</span> <span class='ocrx_word' id='word_1_283' title='bbox 425 2881 470 2918; x_wconf 88' lang='lat' dir='ltr'>P.</span> <span class='ocrx_word' id='word_1_284' title='bbox 493 2880 810 2927; x_wconf 83' lang='lat' dir='ltr'>christophorus</span> <span class='ocrx_word' id='word_1_285' title='bbox 829 2879 1078 2926; x_wconf 85' lang='lat' dir='ltr'>Rodriguez.</span> 
     </span>
    </p>

    <p class='ocr_par' dir='ltr' id='par_1_7' title="bbox 312 2936 1946 3101">
     <span class='ocr_line' id='line_1_35' title="bbox 360 2936 1946 2983; baseline -0.004 -5"><span class='ocrx_word' id='word_1_286' title='bbox 360 2942 372 2962; x_wconf 84' lang='lat'>⁸</span> <span class='ocrx_word' id='word_1_287' title='bbox 426 2939 652 2977; x_wconf 84' lang='lat' dir='ltr'>«Henricus</span> <span class='ocrx_word' id='word_1_288' title='bbox 672 2939 873 2976; x_wconf 86' lang='lat' dir='ltr'>Rickman</span> <span class='ocrx_word' id='word_1_289' title='bbox 894 2939 1148 2981; x_wconf 74' lang='lat' dir='ltr'>Leodiensis,</span> <span class='ocrx_word' id='word_1_290' title='bbox 1168 2937 1215 2975; x_wconf 88' lang='grc'>22</span> <span class='ocrx_word' id='word_1_291' title='bbox 1232 2949 1444 2982; x_wconf 85' lang='lat' dir='ltr'>annorum,</span> <span class='ocrx_word' id='word_1_292' title='bbox 1465 2937 1506 2974; x_wconf 92' lang='lat' dir='ltr'>in</span> <span class='ocrx_word' id='word_1_293' title='bbox 1536 2936 1742 2974; x_wconf 86' lang='lat' dir='ltr'>Societate</span> <span class='ocrx_word' id='word_1_294' title='bbox 1768 2948 1946 2983; x_wconf 83' lang='lat' dir='ltr'>quinque</span> 
     </span>
     <span class='ocr_line' id='line_1_36' title="bbox 312 2995 1943 3048; baseline -0.005 -9"><span class='ocrx_word' id='word_1_295' title='bbox 312 3002 411 3048; x_wconf 84' lang='lat' dir='ltr'>agit;</span> <span class='ocrx_word' id='word_1_296' title='bbox 433 3003 605 3038; x_wconf 63' lang='lat' dir='ltr'>classem</span> <span class='ocrx_word' id='word_1_297' title='bbox 633 2999 908 3042; x_wconf 85' lang='lat' dir='ltr'>humanitatis,</span> <span class='ocrx_word' id='word_1_298' title='bbox 938 3012 1043 3046; x_wconf 90' lang='lat' dir='ltr'>quae</span> <span class='ocrx_word' id='word_1_299' title='bbox 1071 2999 1150 3035; x_wconf 88' lang='lat' dir='ltr'>iam</span> <span class='ocrx_word' id='word_1_300' title='bbox 1179 3002 1240 3034; x_wconf 86' lang='lat' dir='ltr'>est</span> <span class='ocrx_word' id='word_1_301' title='bbox 1265 2997 1400 3038; x_wconf 79' lang='lat' dir='ltr'>tertia,</span> <span class='ocrx_word' id='word_1_302' title='bbox 1430 2997 1536 3033; x_wconf 81' lang='lat' dir='ltr'>ultra</span> <span class='ocrx_word' id='word_1_303' title='bbox 1563 3009 1714 3032; x_wconf 89' lang='lat' dir='ltr'>annum</span> <span class='ocrx_word' id='word_1_304' title='bbox 1746 2995 1943 3032; x_wconf 79' lang='lat' dir='ltr'>tenuit...»</span> 
     </span>
     <span class='ocr_line' id='line_1_37' title="bbox 313 3055 1620 3101; baseline -0.005 -2"><span class='ocrx_word' id='word_1_305' title='bbox 313 3062 374 3099; x_wconf 82' lang='lat' dir='ltr'>Ex</span> <span class='ocrx_word' id='word_1_306' title='bbox 393 3061 515 3098; x_wconf 86' lang='lat' dir='ltr'>catal.</span> <span class='ocrx_word' id='word_1_307' title='bbox 536 3061 626 3097; x_wconf 87' lang='lat' dir='ltr'>coll.</span> <span class='ocrx_word' id='word_1_308' title='bbox 650 3060 785 3096; x_wconf 86' lang='lat' dir='ltr'>vienn.</span> <span class='ocrx_word' id='word_1_309' title='bbox 809 3058 985 3096; x_wconf 83' lang='lat'>1559-60.</span> <span class='ocrx_word' id='word_1_310' title='bbox 1008 3058 1053 3095; x_wconf 90' lang='lat' dir='ltr'>In</span> <span class='ocrx_word' id='word_1_311' title='bbox 1072 3058 1157 3095; x_wconf 89' lang='lat' dir='ltr'>cod.</span> <span class='ocrx_word' id='word_1_312' title='bbox 1181 3058 1323 3095; x_wconf 76' lang='lat' dir='ltr'>Germ.</span> <span class='ocrx_word' id='word_1_313' title='bbox 1345 3056 1432 3101; x_wconf 76' lang='lat'>131,</span> <span class='ocrx_word' id='word_1_314' title='bbox 1454 3055 1481 3092; x_wconf 84' lang='lat' dir='ltr'>f.</span> <span class='ocrx_word' id='word_1_315' title='bbox 1501 3055 1570 3092; x_wconf 85' lang='lat'>207</span> <span class='ocrx_word' id='word_1_316' title='bbox 1583 3069 1620 3093; x_wconf 87' lang='lat' dir='ltr'>v.</span> 
     </span>
    </p>
   </div>
  </div>
 </body>
</html>
