2038 3400
482 254 807 293 346.—Bit„1„0M0
829 254 874 291 22
899 252 1138 290 FEBRUARH
1166 252 1212 297 (Ρ)
1246 253 1334 289 1560
1611 250 1680 289 527

106 359 321 405 addictus,
345 372 432 397 non
453 359 573 408 potuj
599 358 785 396 caeteris
808 356 1078 395 satisfacere.
1104 354 1264 395 Christi
1285 355 1440 406 gratia,
1464 356 1577 393 bene
1613 353 1731 391 audit

107 431 307 468 Societas
341 429 454 481 apud
492 430 732 476 Aruernos,
768 441 852 467 nec
880 433 1027 478 potest
1058 426 1403 477 competentium
1436 426 1549 463 votis
1567 424 1731 462 satisfa-

108 514 225 540 cere.
250 502 394 552 Atque
416 502 581 539 vtinam
603 502 749 552 plures
781 505 929 538 essent
950 499 1169 550 agricolae
1192 499 1246 536 ad
1267 499 1379 535 hanc
1400 503 1559 534 terram
1587 509 1731 534 aruer-

107 573 247 610 nicam
276 571 579 610 excolendam.

161 655 198 691 3.
260 644 479 694 Quantum
510 643 563 681 ad
593 648 966 681 sacramentorum
997 641 1231 691 litourgian
1267 645 1450 690 spectat,
1488 640 1731 677 vberrimus

107 716 207 754 hinc
227 715 393 752 fructus
420 720 661 765 promanat.
695 715 742 752 P.
777 715 932 751 Petrus
964 713 1135 752 Canalis
1165 717 1209 750 et
1244 713 1287 749 P.
1317 712 1506 762 Jacobus
1528 711 1734 748 Morelius

109 786 469 824 scholasticorum
501 785 852 823 confessionibus
883 783 1108 822 audiendis
1139 788 1360 833 praesunt,
1392 795 1476 820 nec
1498 782 1589 820 sine
1612 783 1732 832 graui

106 857 258 895 labore
281 861 323 894 et
351 856 539 894 maximo
570 856 728 894 fructu.
762 856 894 894 Ciues
923 866 1098 905 quoque
1130 859 1173 891 et
1204 853 1412 891 extranei
1434 860 1452 878 a
1495 852 1548 890 ad
1578 866 1659 890 nos
1689 853 1734 890 li-

108 928 264 966 benter
300 928 538 974 confluunt,
577 931 621 965 et
657 927 689 964 si
725 926 820 977 quis
859 926 1119 976 desperatae
1158 937 1294 975 prope
1331 924 1481 962 salutis
1516 923 1733 970 videatur,

109 1012 211 1037 mox
233 998 286 1036 ad
307 1004 479 1036 nostras
501 997 637 1035 aedes
658 1002 861 1047 tanquam
892 996 946 1034 ad
975 997 1142 1046 asylum
1165 995 1446 1033 tutissimum
1468 994 1733 1046 confugitur,

110 1069 351 1120 Quaedam,
383 1082 493 1120 quae
525 1082 637 1106 anno
666 1069 823 1107 aetatis
844 1068 1107 1106 duodecimo
1127 1068 1182 1105 ab
1205 1068 1435 1105 auunculo
1456 1067 1476 1092 b
1500 1067 1736 1117 prostituta

107 1141 278 1191 prolixo
300 1140 511 1191 temporis
545 1140 685 1190 spatio
722 1139 966 1178 sacerdotis
986 1139 1218 1189 sacrilegio
1255 1139 1501 1190 subiugata,
1532 1139 1733 1177 miseram

109 1212 368 1250 seruitutem
389 1223 441 1249 ac
461 1216 633 1261 turpem
654 1210 929 1260 tyrannidem
950 1222 1145 1263 perpexa
1167 1215 1274 1257 erat,
1309 1210 1599 1248 confessionis
1629 1210 1736 1248 anti-

110 1283 215 1321 doto
238 1281 279 1320 in
310 1283 557 1320 libertatem
587 1281 823 1333 pudicitiae
854 1282 1056 1320 restituta
1086 1265 1167 1328 est,
1194 1286 1237 1319 et
1268 1281 1397 1320 castis
1425 1282 1618 1320 moribus
1640 1283 1735 1320 Deo

111 1359 154 1392 et
175 1354 421 1392 hominibus
442 1353 601 1403 placet.
625 1353 735 1399 Alia,
760 1358 905 1391 aetate
927 1353 1197 1404 prouectior,
1221 1352 1335 1403 turpi
1357 1352 1473 1391 vitae
1503 1358 1737 1391 consuetu-

110 1424 210 1463 dine
232 1423 453 1462 saderdoti
477 1423 747 1471 cohabitans,
770 1424 951 1474 patriam
982 1423 1191 1470 deseruit,
1216 1428 1262 1461 vt
1283 1423 1460 1461 Christo
1483 1425 1594 1463 Dno.
1618 1424 1735 1462 vitae

109 1496 328 1546 probitate
350 1495 391 1533 in
420 1500 645 1546 posterum
676 1495 922 1533 famuletur.
947 1495 1155 1533 Curatum
1187 1499 1267 1541 est,
1292 1500 1338 1532 vt
1360 1494 1739 1534 adolescentiores

110 1567 275 1617 aliquot
297 1571 528 1617 corruptae
549 1565 743 1617 virgines
773 1567 970 1604 honestis
1001 1566 1209 1603 matronis
1238 1565 1279 1603 in
1311 1566 1524 1604 castitatis
1555 1567 1736 1605 tutelam

112 1637 459 1683 commendatae,
483 1638 672 1675 honeste
694 1638 827 1675 vitam
848 1637 1090 1675 instituant.
1115 1637 1258 1687 Vulgo
1281 1637 1481 1685 iactatur,
1505 1637 1558 1675 ad
1575 1638 1738 1676 Christi

113 1710 210 1758 Iesu
250 1708 437 1756 laudem,
479 1721 560 1746 nos
600 1709 812 1746 castitatis
851 1714 1060 1759 patronos
1099 1709 1311 1746 tutelares
1352 1709 1561 1747 existere.
1604 1711 1738 1749 Certe

112 1780 331 1818 vberrima
360 1779 597 1817 animarum
628 1779 872 1817 consolatio
904 1779 1144 1817 ministerio
1177 1779 1362 1817 clauium
1394 1780 1611 1818 ecclesiae
1642 1794 1739 1831 pro-

113 1857 331 1897 mouetur,
363 1864 450 1888 non
480 1850 612 1889 modo
647 1851 846 1898 Bilbomi,
881 1850 959 1888 sed
980 1864 1258 1902 quocumque
1288 1851 1383 1890 fere
1404 1852 1735 1902 proficiscimur.

113 1923 294 1961 Nobiles
317 1928 361 1960 et
383 1922 591 1973 cuiusque
616 1922 778 1960 ordinis
809 1922 1007 1960 homines
1028 1928 1180 1961 nostro
1203 1924 1397 1963 subsidio
1420 1925 1461 1962 in
1484 1925 1737 1963 morborum

115 1993 361 2032 discrimine
392 1994 579 2032 libenter
609 2000 802 2031 Vtuntur.
830 1995 953 2032 Faxit
974 1994 1173 2033 Christus
1195 2001 1241 2033 vt
1262 1995 1409 2034 idonei
1440 1996 1621 2034 ministri
1650 1996 1740 2034 effi-

115 2066 293 2112 ciamur3
316 2065 433 2115 quod
454 2066 545 2112 fiet,
570 2066 603 2103 si
625 2065 878 2103 humilitatis
901 2072 944 2103 et
966 2067 1188 2104 charitatis
1209 2068 1338 2105 armis
1358 2068 1559 2105 instructi
1587 2066 1741 2106 aduer-

115 2149 187 2174 sus
209 2136 361 2173 hostes
382 2136 423 2173 in
446 2137 584 2174 aciem
607 2136 939 2174 contendamus.

168 2219 206 2257 4.
267 2208 332 2246 De
355 2208 716 2245 scholasticorum
751 2220 933 2245 numero
969 2208 1108 2246 indies
1143 2215 1444 2257 accrescente,
1483 2215 1528 2248 et
1562 2210 1740 2249 scholae

101 2279 339 2327 *exercitijs
360 2279 697 2317 florescentibus
720 2279 855 2329 magis
877 2291 927 2316 ac
949 2280 1100 2330 magis,
1126 2293 1195 2318 res
1225 2281 1371 2331 potius
1392 2281 1643 2320 admiranda
1673 2287 1741 2320 est

116 2363 243 2401 quam
266 2350 520 2388 enarranda.
545 2350 694 2388 Ausim
717 2356 969 2388 constanter
991 2350 1155 2398 dicere,
1179 2352 1250 2389 vel
1271 2352 1434 2390 arbitro
1456 2353 1550 2403 ipso
1574 2354 1622 2391 P.
1648 2352 1742 2391 Pel-

118 2421 288 2468 letario‚
312 2421 384 2471 qui
405 2422 487 2459 hac
507 2421 681 2459 Lutetia
702 2422 903 2472 Apamias
934 2421 1079 2471 redijt‚
1104 2423 1339 2473 collegium
1358 2423 1642 2462 Nauarricum
1670 2429 1744 2462 aut

118 2492 278 2530 Montis
303 2492 430 2530 Acuti
451 2499 468 2517 0
498 2499 696 2530 nostrum
719 2492 953 2543 collegium
975 2493 1149 2531 minime
1177 2506 1383 2545 aequare,
1417 2496 1510 2533 siue
1542 2496 1740 2545 exercitij

118 2558 333 2609 vigorem,
358 2557 451 2595 siue
472 2558 769 2596 studiosorum
789 2571 1016 2597 numerum
1037 2564 1227 2610 spectes,
1252 2560 1439 2599 Scholae
1466 2562 1743 2612 angustiores

121 2635 234 2677 sunt,
257 2642 384 2679 quam
413 2635 462 2667 vt
490 2635 638 2668 tantae
670 2629 954 2668 multitudinis
985 2631 1069 2669 sint
1100 2644 1298 2682 capaces
1333 2633 1541 2683 Cogimur
1562 2634 1663 2671 alibi
1684 2634 1744 2671 lo-

121 2713 218 2739 cum
240 2700 494 2751 ampliorem
513 2713 646 2751 prece
669 2706 741 2739 aut
762 2700 903 2751 pretio
927 2701 1219 2741 emendicare.
1246 2703 1361 2753 Quid
1392 2717 1500 2742 vero
1522 2704 1618 2742 fore
1650 2718 1745 2755 spe·

120 2783 204 2817 ras,
228 2771 373 2817 Pater,
398 2771 470 2808 vbi
492 2772 727 2822 collegium
748 2777 944 2810 nostrum
967 2778 1216 2812 extructum
1237 2774 1382 2821 fuerit,
1406 2788 1537 2825 quum
1558 2777 1629 2813 vel
1652 2777 1746 2813 sola

121 2841 235 2879 fama
256 2842 386 2892 longe
408 2842 583 2892 lateque
606 2856 754 2893 sparsa
780 2849 943 2881 tantam
976 2845 1144 2894 copiam
1175 2844 1227 2883 ad
1258 2858 1339 2884 nos
1371 2847 1618 2896 compellat.
1654 2847 1744 2883 Dis-

170 2986 188 3003 3
226 2977 395 3014 externi.
451 2978 514 3002 —b
535 2990 558 3013 a
577 2979 878 3024 consanguineo
908 2979 1093 3025 quodam.
1140 2988 1203 3006 -c
1224 2993 1327 3027 quae
1350 2980 1512 3018 Parisiis
1544 2986 1636 3017 sunt
1670 2980 1745 3016 fre-

123 3035 402 3084 quentissima.
