2038 3400
319 224 363 262 12
785 226 973 265 LITTERA
981 238 1006 264 E
1032 227 1124 274 QUA
1132 238 1389 265 DRIMESTRES

271 336 295 361 a
313 323 568 363 domesticis
586 331 795 372 sumatur,
821 337 988 372 omnes,
1014 325 1095 363 Dei
1112 326 1266 377 gratia,
1286 331 1408 364 recte
1428 331 1472 363 et
1493 324 1635 363 animo
1655 331 1699 363 et
1717 336 1902 374 corpore

269 396 434 443 valent3
455 398 581 436 solus
603 398 661 436 M.
699 397 958 436 Baldninns
980 398 989 416 ¹
1021 397 1069 436 in
1083 397 1366 449 febriculam
1395 398 1466 436 lze's
1495 397 1649 436 diebus
1675 395 1850 442 incidit,
1877 408 1902 433 a

270 479 359 517 qua
399 468 651 506 conualuit.
690 468 878 506 Student
920 481 1072 506 omnes
1112 468 1438 507 mortificationi
1477 467 1623 506 iudicii
1658 467 1821 518 proprii
1861 472 1904 504 et

268 538 384 577 veris
402 540 636 578 virtutibus
653 540 949 590 adquirendis3
968 539 1022 578 de
1040 540 1244 578 fratribus
1266 541 1436 591 loquor,
1456 553 1640 590 quorum
1657 551 1864 577 numerus
1886 546 1904 563 ὃ

268 611 352 649 iam
368 611 461 650 fere
479 611 737 650 vicesimum
755 612 944 663 attingit,
969 617 1296 663 augereturque
1313 612 1355 650 in
1373 611 1482 659 dies,
1506 611 1587 649 nisi
1603 610 1668 649 his
1686 609 1904 661 principiis

269 682 540 723 difficiliores
561 684 616 722 ad
637 685 822 723 iuuenes
844 683 1122 734 recipiendos
1144 697 1191 722 se
1215 684 1416 723 consulto
1450 685 1601 721 Patres
1622 684 1901 733 praeberent.

272 756 475 806 Quinque
497 757 516 781 b
538 769 721 794 numero
758 756 1016 794 sacerdotes
1050 770 1212 803 sumus,
1253 762 1296 793 et
1331 762 1531 806 quatuor,
1567 758 1750 806 praeter
1785 754 1904 800 illos,

270 828 481 879 magistri,
507 835 523 853 0
545 826 660 866 serio
679 827 832 866 studiis
856 833 899 866 et
920 826 1199 874 lectionibus,
1225 828 1623 879 discipulorumque
1654 826 1908 877 progressui

269 905 443 938 vacant.
468 901 643 951 Regens
665 904 677 924 2
699 900 925 939 rhetorum
949 912 1094 937 curam
1117 899 1245 950 gerit,
1271 899 1325 937 M.
1351 900 1587 938 Balduinus
1608 899 1904 950 physicorum,

273 972 328 1010 M.
348 973 539 1023 Joannes
561 972 793 1009 Berkelius
814 971 1018 1022 poeticae
1042 971 1206 1018 classis,
1232 972 1286 1009 M.
1311 972 1556 1023 Gregorius
1577 971 1736 1009 Fabius
1759 971 1908 1008 classis

271 1044 584 1095 grammaticae
608 1044 860 1094 superioris,
886 1043 940 1081 M.
967 1043 1167 1081 Andreas
1199 1044 1406 1093 Phrysius
1427 1043 1439 1063 ³
1470 1044 1780 1095 grammaticae
1802 1042 1908 1080 infe-

271 1116 414 1158 rioris:
438 1129 522 1167 ego
546 1122 693 1154 autem
716 1129 857 1153 nouos
879 1114 1049 1166 logicos
1070 1114 1111 1152 in
1133 1115 1249 1154 festo
1273 1115 1476 1154 Omnium
1497 1116 1758 1154 Sanctorum
1786 1128 1907 1154 rece-

269 1189 326 1239 pi.
352 1188 407 1226 M.
433 1188 651 1226 Henricus
674 1186 909 1237 Dionysius
930 1193 1107 1238 praeter
1130 1188 1389 1226 concionem
1413 1188 1567 1226 summi
1595 1188 1746 1237 templi
1772 1186 1907 1238 (quod

270 1274 424 1298 munus
447 1273 613 1298 summa
644 1272 741 1298 cum
772 1260 900 1298 laude
931 1261 1121 1311 peragit)
1156 1260 1198 1298 in
1228 1261 1376 1303 sacris,
1410 1258 1646 1298 sabbatinis
1677 1259 1831 1297 diebus
1864 1265 1906 1297 et

271 1331 499 1372 dominicis
530 1332 806 1370 iuuentutem
835 1332 962 1370 nobis
999 1332 1298 1371 concreditam
1328 1331 1528 1370 instituit.
1563 1333 1659 1370 Duo
1697 1344 1750 1369 ex
1786 1344 1908 1382 prae-

271 1404 524 1455 ceptoribus
546 1404 600 1442 ad
621 1404 803 1455 gradum
826 1405 1163 1443 baculaureatus
1179 1405 1243 1452 (vt
1261 1404 1440 1452 vocant)
1460 1404 1502 1442 in
1523 1404 1750 1454 theologia
1770 1417 1908 1454 nuper

270 1476 448 1515 admissi
470 1481 583 1524 sunt,
608 1489 794 1527 quorum
816 1477 926 1514 alter
948 1476 1003 1514 M.
1023 1477 1214 1526 *Ioannes
1242 1475 1471 1514 Berkelius
1498 1476 1581 1513 iam
1612 1481 1757 1513 actum
1794 1475 1908 1513 cele-

269 1549 429 1596 brauit3
453 1549 562 1587 alter
585 1549 640 1587 M.
665 1548 910 1599 Gregorius
931 1548 1090 1586 Fabius
1111 1552 1210 1599 post
1231 1560 1396 1599 paucos
1419 1547 1527 1594 dies,
1547 1546 1703 1597 prima.
1726 1549 1907 1597 oportu-

268 1621 413 1660 nitate
434 1622 587 1668 nacta,
612 1620 961 1672 promouebitur.
981 1619 1081 1658 Non
1098 1619 1391 1658 inconsultum
1415 1619 1529 1657 enim
1549 1618 1724 1657 videtur
1742 1618 1796 1656 ad
1813 1632 1908 1670 gra-

268 1693 347 1732 dus
369 1692 549 1731 altiores
569 1697 745 1730 nostros
765 1704 1048 1743 promouere,
1074 1704 1171 1730 cum
1203 1691 1244 1728 in
1274 1691 1349 1729 tali
1380 1695 1496 1728 statu
1527 1703 1598 1728 res
1629 1689 1907 1728 colonienses

268 1765 367 1811 sint,
401 1769 447 1802 vt
479 1764 571 1802 sine
602 1763 953 1814 promotionibus
974 1775 1058 1801 nec
1079 1762 1348 1808 authoritafi,
1373 1774 1456 1800 nec
1479 1760 1792 1799 existimationi
1813 1774 1907 1800 eru-

269 1835 446 1875 ditionis
468 1837 581 1874 vllus
603 1836 657 1874 sit
679 1836 818 1874 locus.
843 1837 931 1874 Ista
954 1835 1007 1873 de
1029 1833 1234 1872 fratribus
1255 1847 1385 1884 porro
1410 1833 1640 1872 sufficiant.

323 1919 360 1947 2.
423 1908 554 1958 Quod
576 1908 627 1946 ad
648 1907 919 1945 domesticos
937 1912 1083 1944 autem
1103 1906 1383 1944 conuictores
1401 1906 1572 1951 attinet,
1593 1910 1739 1943 tantus
1757 1918 1908 1943 eorum

271 1986 338 2019 est
359 1993 583 2027 numerusg
608 1986 655 2018 vt
676 1980 735 2017 illi
764 1978 1030 2017 multitudini
1052 1977 1291 2028 capiendae
1322 1977 1457 2015 aedes
1487 1982 1665 2015 nostrae
1697 1978 1910 2016 hactenus

270 2065 358 2091 non
390 2051 663 2097 suffecerint,
698 2063 896 2102 opusque
923 2049 1056 2087 fuerit
1078 2049 1252 2099 saepius
1274 2048 1329 2086 de
1352 2048 1555 2099 augendo
1578 2049 1677 2086 loco
1701 2047 1814 2086 serio
1839 2061 1909 2086 co-

270 2123 427 2175 gitare.
466 2124 576 2161 Nam
609 2128 652 2161 et
679 2134 794 2160 nunc
823 2125 1001 2172 praeter
1031 2120 1167 2158 aedes
1202 2119 1368 2158 vicinas
1403 2132 1508 2170 quas
1544 2119 1908 2169 comparauimus,

268 2195 395 2234 aliam
436 2194 566 2232 etiam
607 2194 784 2231 domum
825 2191 1131 2242 amplissimam
1176 2189 1485 2237 conduximus,
1532 2195 1579 2229 vt
1618 2192 1700 2229 hac
1739 2190 1908 2229 ratione

267 2266 445 2305 tandem
476 2266 600 2304 locus
631 2264 735 2303 satis
767 2277 904 2314 capax
936 2263 1202 2301 efficeretur.
1237 2262 1395 2300 Sumus
1426 2274 1534 2299 vero
1566 2261 1760 2300 vniuersi
1788 2262 1807 2286 d
1838 2260 1911 2300 hic

268 2339 442 2377 circiter
463 2339 528 2384 80,
554 2337 602 2375 in
632 2335 793 2386 quibus
815 2337 903 2373 dno
936 2333 1129 2372 admissi
1156 2335 1261 2371 sunt
1292 2332 1362 2382 (ob
1389 2332 1681 2383 sioszgularem
1711 2331 1911 2383 insignis

266 2408 514 2461 probitatis
535 2406 904 2458 expectationem)
927 2405 1006 2455 qui
1020 2404 1217 2455 propria
1239 2406 1421 2454 quadra
1442 2404 1659 2443 viuerent.
1685 2403 1910 2441 Conantur

272 2495 426 2522 omnes
448 2480 658 2532 pietatem
688 2491 785 2517 cum
816 2478 955 2516 literis
983 2477 1269 2527 coniungere,
1300 2489 1427 2526 quam
1459 2474 1792 2526 diligentissime
1823 2476 1910 2513 col-

270 2553 377 2606 legii
398 2554 524 2604 leges
547 2552 853 2596 obserumites,
874 2554 920 2587 vt
941 2561 1072 2586 nemo
1095 2547 1306 2586 videlicet
1332 2547 1480 2593 domo,
1510 2560 1597 2585 non
1624 2545 1762 2597 petita
1781 2546 1911 2585 venia

317 2722 338 2742 a
389 2720 504 2758 Add.
526 2721 573 2757 in
593 2728 732 2764 marg.
752 2728 779 2754 a
812 2715 1015 2758 Polanco.
1046 2718 1085 2752 et
1110 2714 1252 2752 deleta
1280 2720 1443 2759 praeter
1469 2713 1702 2750 sacerdotes
1729 2718 1769 2749 et
1796 2724 1910 2759 prae-

272 2787 472 2829 ceptores.
530 2780 595 2805 -b
617 2782 782 2825 praeter
799 2777 904 2814 illos
960 2783 1024 2801 —0
1044 2775 1125 2822 qui.
1181 2774 1246 2799 -d
1267 2773 1491 2811 domestici.

323 2940 331 2959 ¹
385 2937 614 2975 Balduinus
633 2935 683 2972 ab
703 2934 885 2980 Angelo.

321 2998 335 3018 ²
385 2996 430 3034 P.
448 2996 630 3043 Joannes
648 2993 838 3031 Rethius.

322 3058 335 3078 ³
386 3057 549 3095 Dicitur
567 3055 691 3092 etiam
710 3053 903 3091 Andreas
924 3051 1151 3090 Boccatius.
