2038 3400
518 249 832 287 414—-PAR1S11S
860 250 875 286 1
905 248 1167 286 SEPTEMssms
1194 248 1284 286 1560
1602 248 1671 284 797

99 355 358 400 curauimus,
382 358 430 391 vt
451 353 485 391 si
507 364 619 404 quae
640 352 871 391 aduersum
893 364 973 390 nos
994 352 1194 397 haberet,
1220 364 1271 389 ea
1290 352 1331 388 in
1353 351 1559 389 articulos
1585 363 1716 401 coge-

99 430 182 472 ret,
206 437 256 463 ac
277 423 495 462 aduocato
517 436 596 461 suo
618 422 829 470 traderet,
854 435 938 473 quo
970 435 1039 461 res
1070 426 1164 460 tota
1183 434 1260 472 per
1296 421 1458 459 curiam
1493 420 1719 458 decidere-

99 501 182 543 tur,
208 496 435 546 omnisque
457 495 733 534 dirimeretur
750 494 947 545 litigandi
968 496 1009 532 in
1030 500 1255 545 posterum
1276 493 1466 531 occasio.
1487 493 1574 532 Sed
1592 493 1720 530 trium

100 568 416 606 aduocatorum
447 567 669 605 hominum
693 572 738 604 et
770 566 1056 613 eruditorum,
1082 572 1125 604 et
1156 566 1210 604 de
1239 566 1366 604 nobis
1396 566 1511 603 bene
1547 565 1721 602 merito-

102 653 209 686 rum,
233 639 382 677 habito
407 639 605 685 consilio,
630 652 721 676 rem
743 651 767 676 a
788 639 908 677 curia
927 639 981 676 ad
1004 638 1236 676 concilium
1267 636 1384 687 regis
1415 641 1635 675 secretum
1657 642 1721 674 to-

101 718 188 748 tam
209 699 503 748 reuocandam
528 722 626 748 esse
650 715 930 756 censuerunt,
954 708 1071 760 quod
1100 709 1300 747 homines
1331 708 1384 746 ad
1412 707 1655 746 cauendum
1679 713 1723 745 et

105 781 323 832 agendum
346 782 473 831 periti
496 781 750 819 coniectura
770 781 897 819 facile
934 785 1326 830 consequerentur,
1358 792 1438 817 nos
1460 779 1513 816 ab
1544 778 1724 816 homini-

100 854 180 891 bus
219 853 398 891 infensis
434 852 791 890 condemnandos
825 852 875 889 iri
914 858 946 890 a.
981 850 1128 900 Quare
1160 849 1492 902 diligentissime
1528 854 1722 888 curatum

102 930 169 962 est
191 930 322 974 atque
345 923 611 971 confectum,
634 928 681 961 vt
712 924 843 974 regiis
879 923 1016 961 literis
1046 923 1100 961 ad
1130 924 1241 960 Ram
1276 921 1529 973 episcopum
1565 921 1721 967 missis,

104 1007 278 1041 causae,
302 1008 409 1046 quas
433 995 681 1046 opponebat
705 1007 801 1033 cum
824 994 912 1032 suis
935 993 1200 1041 curionibus‚
1222 1005 1373 1032 omnes
1396 992 1449 1031 ad
1470 1005 1597 1030 vnam
1620 992 1724 1030 fide-

100 1067 261 1105 lissime
283 1067 679 1117 perscriberentur,
703 1070 765 1113 vt,
789 1065 840 1103 iis
863 1065 1050 1117 cognitis
1072 1071 1203 1116 atque
1242 1064 1502 1115 perspectis,
1536 1064 1606 1102 vel
1628 1063 1724 1101 reii-

102 1143 291 1184 ceretur,
315 1138 387 1175 vel
408 1137 716 1176 admitteretur
748 1135 922 1175 minima
947 1136 1057 1174 haec
1086 1136 1273 1175 nominis
1299 1137 1402 1187 Jesu
1431 1133 1646 1174 Societas.
1671 1134 1726 1171 Et

101 1209 200 1259 quia
221 1209 321 1248 ΒΑΜ
341 1209 621 1260 Lotaringiae
644 1208 873 1247 cardinalis
897 1215 904 1233 ¹
929 1208 1315 1246 commendatitiae
1338 1206 1392 1245 ad
1422 1207 1566 1257 regias
1601 1218 1725 1244 acce-

102 1281 262 1319 debant
282 1280 438 1319 literae
469 1279 522 1318 ad
543 1281 688 1318 ΚΛΜΝ
710 1280 762 1318 D.
788 1279 843 1318 de
864 1280 1048 1327 Chalon>
1081 1279 1256 1318 Parisiis
1286 1285 1377 1317 tum
1408 1284 1630 1329 agentem,
1655 1290 1725 1316 res

102 1352 142 1390 ei
164 1357 258 1390 tota
279 1364 334 1390 ex
354 1357 478 1403 parte
501 1350 696 1403 episcopi
716 1351 965 1402 parisiensis
988 1356 1055 1390 est
1074 1351 1318 1389 commissa.
1344 1350 1453 1388 Cum
1473 1362 1526 1388 eo
1555 1349 1725 1400 profec-

102 1429 171 1462 tus
194 1428 260 1462 est
282 1423 398 1462 Rflus
426 1424 496 1462 Pr.
520 1430 671 1461 noster
694 1423 876 1461 Pontius
897 1422 981 1460 iam
1017 1423 1069 1460 ab
1105 1422 1271 1473 aliquot
1306 1421 1475 1459 diebus.
1508 1420 1726 1471 Quicquid

103 1495 185 1532 erit
214 1498 358 1533 actum
386 1500 517 1546 atque
553 1494 805 1533 confectum
834 1494 889 1532 ad
923 1493 1055 1532 Rflam
1088 1493 1404 1531 Paternitatem
1435 1497 1553 1530 tuam
1586 1492 1725 1542 primo

103 1578 276 1617 quoque
298 1572 499 1617 tempore
516 1566 704 1605 fideliter
725 1565 1049 1616 perscribemus
1069 1565 1098 1602 ².

155 1650 192 1687 4.
256 1639 495 1689 Supererat
523 1637 638 1676 aliud
659 1637 778 1685 nihil,
802 1649 930 1688 quam
960 1642 1008 1675 vt
1040 1637 1118 1674 has
1149 1636 1469 1682 clauderemus3
1506 1634 1585 1673 sed
1620 1647 1725 1673 ecce

105 1716 322 1760 oportune
345 1711 474 1747 Pater
496 1709 678 1747 Pontius
701 1722 756 1747 ex
778 1709 890 1755 aula,
914 1721 961 1746 re
983 1708 1161 1755 infecta,
1186 1707 1440 1754 reuertitur3
1468 1711 1614 1744 narrat
1636 1719 1681 1744 se
1705 1718 1729 1744 a

103 1781 310 1820 cardinali
332 1783 440 1820 R.m0
462 1781 757 1832 Lotaringiae,
781 1785 960 1831 propter
991 1779 1199 1818 nobilium
1232 1779 1423 1826 comitia,
1453 1790 1565 1829 quae
1597 1790 1727 1828 coge-

102 1853 257 1891 bantur
278 1852 333 1891 ad
354 1853 478 1904 regni
499 1853 643 1904 gallici
663 1852 844 1903 negotia
865 1850 1149 1897 moderanda,
1174 1851 1387 1889 reiectum
1420 1861 1519 1888 esse
1549 1850 1591 1887 in
1613 1849 1728 1887 diem

104 1937 241 1976 vsque
262 1924 502 1963 natiuitatis
538 1925 589 1963 D.
624 1923 799 1962 Mariae.
837 1923 1035 1974 Triginta
1070 1923 1206 1960 refert
1237 1935 1261 1960 a
1295 1923 1404 1959 Η.ωο
1428 1921 1634 1972 episcopo
1657 1933 1727 1971 pa-

105 1996 274 2033 risiensi
295 1997 307 2016 ³
329 1996 541 2034 aduersus
572 2008 653 2033 nos
674 1995 915 2046 productos
947 2007 1044 2033 esse
1078 1993 1299 2040 articulos,
1332 1993 1375 2030 in
1409 1993 1564 2043 quibus
1595 1992 1729 2030 multa

103 2066 224 2115 falsa,
248 2067 456 2117 pleraque
479 2066 650 2113 eadem,
674 2079 785 2116 quae
808 2066 849 2104 in
871 2066 1054 2104 decreto
1087 2064 1338 2111 sorbonico,
1368 2063 1571 2101 nonnulla
1597 2062 1727 2100 etiam

105 2138 160 2176 de
181 2152 298 2177 nouo
321 2139 545 2178 suscitata.
570 2138 646 2176 Ille
668 2137 809 2176 bonus
831 2139 961 2176 Pater
984 2136 1148 2188 gaudet
1169 2136 1251 2174 hos
1270 2135 1349 2173 sibi
1368 2133 1461 2172 dies
1481 2134 1533 2172 ad
1550 2146 1728 2184 respon-

105 2209 295 2248 dendum
319 2223 417 2248 esse
449 2221 702 2247 concessos.
738 2208 791 2247 Et
825 2208 1151 2247 fauentissimus
1184 2207 1463 2257 Lotaringiae
1500 2205 1730 2243 cardinalis

106 2281 267 2333 optima
287 2294 486 2332 quaeque
509 2292 687 2331 sperare
705 2279 846 2329 jubet,
870 2280 1052 2329 vultque
1075 2293 1184 2317 unus
1208 2291 1304 2316 esse
1328 2277 1464 2316 totius
1492 2277 1729 2315 Societatis

104 2354 145 2391 in
169 2354 309 2393 Gallia
329 2358 573 2403 protector.

185 2426 309 2463 Haec
330 2430 444 2472 sunt,
468 2424 564 2462 R.de
586 2424 730 2471 Pater,
762 2436 874 2474 quae
904 2422 1218 2474 perscribenda
1247 2422 1463 2467 duximus,
1488 2425 1535 2458 vt
1569 2419 1729 2458 intelli-

105 2508 236 2546 geres
256 2495 298 2534 in
319 2497 516 2534 maximis
538 2495 862 2534 haereticorum
882 2494 1088 2544 periculis
1109 2499 1316 2545 quantum
1338 2493 1424 2531 tuis
1445 2490 1729 2530 sanctissimis

108 2568 152 2601 et
173 2553 394 2600 sacrificiis
416 2567 460 2600 et
481 2561 684 2612 precibus
705 2560 965 2611 indigemus,
992 2561 1139 2609 Quare
1161 2565 1206 2598 te
1230 2572 1381 2598 omnes
1414 2563 1583 2597 oratum
1607 2558 1728 2595 volu-

106 2646 200 2671 mus
223 2638 267 2670 et
289 2633 586 2679 obsecramus,
606 2637 653 2670 vt
674 2644 759 2670 non
778 2630 952 2669 desinas
973 2636 1063 2669 tum
1086 2643 1163 2681 pro
1181 2631 1307 2668 nobis
1325 2642 1466 2677 orare,
1486 2635 1576 2667 tum
1596 2629 1724 2666 etiam

120 2792 123 2794 ’
153 2789 172 2808 a
223 2789 313 2835 Seq.
336 2790 418 2826 del.
449 2790 745 2836 praesagirent.

157 2941 164 2959 ¹
219 2939 393 2976 Carolus
412 2939 461 2975 de
481 2938 623 2976 Guisa.

155 2998 168 3017 2
219 2998 313 3035 Vid.
334 2997 472 3044 Epist.
494 2998 586 3035 PP.
608 2998 799 3042 Βνοέί...,
819 2997 901 3035 246.

156 3058 170 3077 ³
220 3057 462 3095 Eustachius
481 3059 532 3094 du
552 3057 714 3105 Bellay.
