2038 3400
499 262 886 301 296.—V1N120130NA
917 265 930 300 l
960 264 1223 303 SEPTEMssais
1252 267 1341 303 1559
1617 270 1684 306 327

113 364 293 402 fendere
317 377 367 402 ac
388 365 499 402 tueri
524 365 579 402 ob
596 365 758 403 Christi
780 378 973 404 amorem
996 379 1046 405 ac
1068 368 1363 417 proximorum
1382 370 1563 408 salutem
1587 378 1732 409 tenea-

112 449 220 483 mur,
236 437 340 486 plus
360 435 461 473 satis
486 435 579 474 iani
602 448 655 474 ex
681 436 773 475 eius
795 437 1025 488 colloquijs
1057 444 1101 476 et
1133 440 1512 478 exhortationibus
1543 455 1733 491 agnoue-

112 507 256 545 rimus.

162 579 201 616 (3.
263 580 497 629 Postquam
520 584 666 616 autem
687 580 734 617 P.
759 584 904 617 rector
926 580 1010 618 huc
1031 582 1208 630 appulit,
1232 594 1475 632 quanquam
1498 583 1539 620 in
1575 585 1734 621 multos

111 649 307 699 quotidie
331 662 507 700 operam
531 654 574 687 et
596 650 801 688 auxilium
839 664 963 689 suum
986 652 1187 689 conferre
1210 653 1369 690 nitatur
1389 655 1422 699 ³¹,
1449 654 1734 705 omnibusque

111 734 161 760 ac
182 721 308 759 nobis
329 720 371 758 in
391 719 553 772 primis,
577 720 722 771 quoad
746 722 838 759 eius
860 722 954 759 fieri
974 726 1137 772 potest,
1163 723 1375 774 prodesse
1413 729 1614 771 conetur,
1651 726 1736 763 hoc

111 799 256 831 tamen
278 798 478 843 tempore
500 791 543 829 id
565 796 687 829 curat
709 791 958 843 diligenter,
984 799 1034 831 ut
1069 807 1244 844 quoquo
1277 799 1404 845 pacto
1442 796 1536 833 fieri
1573 797 1735 846 optime

110 871 256 915 queat,
280 864 431 914 inclyti
453 864 719 902 serenissimi
740 864 858 915 regis
881 864 1159 903 Maximiliani
1181 866 1253 915 filij
1278 866 1498 913 iuuentur3
1530 880 1656 916 quam
1680 867 1734 905 ob

111 950 201 974 rem
222 936 450 988 plurimum
470 936 613 986 operis
636 935 830 983 adhibet,
850 941 897 974 ut
918 935 1163 974 inueniatur
1187 937 1460 989 eligatur-que
1480 938 1573 976 eius
1593 940 1734 989 prohi-

110 1007 210 1046 tatis
232 1020 281 1046 ac
303 1007 531 1045 doctrinae
553 1011 816 1057 praeceptor
839 1007 992 1058 aliquis
1013 1009 1086 1059 qui
1119 1009 1231 1056 illos,
1256 1022 1353 1047 cum
1375 1010 1416 1047 in
1439 1022 1543 1048 uera
1565 1014 1608 1047 et
1638 1024 1734 1060 syn-

110 1092 212 1118 cera
232 1079 319 1117 fide
348 1078 612 1125 catholicab,
631 1082 721 1116 turn
755 1079 1029 1129 potissimum
1052 1079 1093 1117 in
1114 1081 1255 1127 bonis,
1289 1081 1502 1128 honestis,
1541 1082 1732 1120 christia-

109 1151 261 1200 nisque
284 1150 475 1188 moribus
497 1150 696 1188 instruat.
722 1149 1021 1201 Curatumque
1042 1164 1119 1202 pro
1143 1151 1254 1189 uirili
1289 1157 1412 1202 parte
1445 1158 1526 1198 est,
1558 1166 1612 1191 ne
1648 1166 1732 1191 rna-

108 1223 245 1273 gister
266 1221 439 1273 quidam
463 1220 554 1259 eius
585 1220 647 1258 rei
678 1220 956 1271 percupidus,
980 1221 1155 1272 fideque
1176 1236 1326 1273 parum
1348 1236 1557 1273 syncerus
1579 1225 1732 1273 (multo

109 1294 305 1346 quamuis
329 1294 482 1332 fauore
503 1292 546 1330 id
566 1291 652 1331 loci
673 1298 746 1330 aut
769 1292 899 1341 officij
924 1293 1087 1331 ambire
1110 1293 1343 1344 uideatur),
1368 1296 1422 1334 ad
1452 1294 1554 1334 illud
1589 1302 1733 1334 tamen

110 1367 306 1405 culminis
324 1378 421 1404 cum
442 1370 563 1403 tanto
579 1364 691 1402 illius
714 1365 905 1402 tenellae
922 1365 1201 1415 plantationis
1222 1368 1416 1418 periculo
1435 1381 1486 1406 ac
1502 1367 1734 1406 detrimen-

109 1444 154 1476 to
176 1438 431 1488 pertingere
453 1435 581 1475 facile
603 1439 749 1486 queat.

162 1520 199 1557 7.
267 1509 409 1547 Tanto
430 1511 662 1558 praeterea
683 1513 700 1532 c
721 1519 818 1545 cum
841 1507 985 1546 fructu
1003 1509 1241 1547 conciones
1264 1523 1414 1549 sacrae
1432 1517 1562 1560 atque
1584 1513 1734 1550 lectio-

108 1593 187 1619 nes
208 1579 250 1618 in
270 1583 422 1618 nostro
445 1578 610 1629 templo
634 1577 863 1615 dominicis
885 1578 1099 1630 festisque
1123 1579 1276 1619 diebus
1299 1594 1322 1619 a
1343 1582 1394 1620 D.
1419 1583 1654 1621 Lamberto
1692 1588 1735 1620 et

110 1652 164 1690 M.
188 1652 348 1690 Carolo
371 1651 492 1690 Grim
514 1651 635 1698 fiunt,
663 1651 708 1687 ιιύ
740 1653 778 1690 et
799 1650 984 1690 ecclesia
1015 1650 1115 1701 ipsa
1147 1666 1199 1691 ac
1230 1650 1421 1700 altaria,
1456 1655 1574 1703 qnod
1603 1654 1734 1692 mini-

111 1735 232 1761 mum
255 1725 332 1770 est,
357 1736 493 1773 qnam
509 1724 728 1774 plurimis
749 1724 1033 1764 ornamentis
1062 1723 1211 1762 sacris
1241 1726 1525 1770 decorentur,
1563 1727 1602 1763 et
1631 1724 1736 1775 piae

111 1794 298 1833 illorum
317 1793 394 1844 qui
414 1796 474 1833 ad
489 1808 588 1834 eam
606 1796 854 1847 confluunt,
875 1796 1054 1834 (mimae
1077 1794 1375 1845 amplissimis
1399 1795 1647 1834 uirtutibus
1664 1809 1734 1834 or-

111 1868 288 1913 nentur,
312 1878 461 1916 eoque,
486 1866 580 1905 Deo
603 1869 692 1917 opt.
718 1867 840 1906 Max.
866 1868 983 1913 lctus,
1012 1868 1192 1905 uentum
1213 1867 1289 1913 est,
1324 1871 1369 1904 ut
1404 1879 1491 1904 non
1521 1867 1661 1905 solum
1696 1868 1735 1905 et

108 1950 306 1984 numero,
332 1942 375 1974 et
392 1937 636 1985 nobilitate,
663 1943 705 1976 et
728 1938 943 1985 doctrina3
967 1937 1045 1976 sed
1065 1938 1230 1989 pietate
1250 1938 1395 1984 etiam,
1420 1944 1466 1976 ut
1484 1951 1581 1976 cum
1604 1939 1735 1976 maxi-

109 2021 177 2046 me
199 2008 419 2060 singulari,
446 2009 719 2048 excelentior
747 2010 800 2048 sit
828 2022 955 2060 quam
978 2010 1164 2047 antehac
1184 2022 1369 2059 unquam
1388 2009 1633 2048 auditorum
1650 2010 1733 2048 tre-

109 2080 300 2130 quentia‚
326 2081 373 2118 ut
403 2080 423 2105 d
444 2079 527 2118 iam
548 2080 720 2119 nobiles
741 2093 916 2131 quoque
938 2086 1165 2119 matronae
1195 2094 1246 2119 ac
1276 2081 1504 2132 primariae
1528 2083 1672 2120 locum
1693 2083 1734 2120 in

109 2156 260 2190 nostro
295 2151 458 2202 templo
492 2152 709 2199 obtinere,
743 2164 793 2190 ac
827 2164 1136 2203 germanorum
1172 2165 1307 2198 more,
1340 2152 1516 2191 sedibus
1549 2154 1735 2203 proprijs

111 2223 342 2261 ecclesiam
378 2235 533 2262 ornare
567 2236 654 2261 non
688 2236 839 2274 parum
879 2222 966 2261 sint
1002 2230 1019 2248 e
1055 2223 1283 2262 sollicitae.
1317 2224 1734 2274 Frequentissimum

109 2299 340 2346 praeterea
360 2294 465 2333 illud
487 2300 568 2343 est,
593 2301 640 2333 ut
660 2300 910 2334 nostrorum
933 2296 1187 2343 conciones,
1210 2309 1297 2334 non
1318 2297 1360 2334 in
1387 2297 1550 2347 templo
1582 2303 1733 2335 nostro

110 2367 264 2414 solum,
287 2366 367 2404 sed
400 2366 442 2405 in
479 2367 678 2405 omnibus
713 2367 808 2405 fere
844 2367 1033 2405 ciuitatis
1069 2367 1343 2418 amplissimis
1377 2369 1566 2418 templis,
1604 2374 1735 2419 atque

110 2437 222 2476 adeo
252 2437 295 2476 in
323 2437 416 2488 ipsa
446 2437 686 2476 cathedrali
716 2438 780 2488 (ut
810 2438 988 2488 uocant)
1030 2438 1233 2485 ecclesia,
1268 2443 1310 2476 et
1348 2439 1552 2489 permulti
1586 2438 1734 2476 audire

111 2508 299 2560 cupiant,
334 2513 377 2546 et
410 2508 624 2547 instanter
659 2521 684 2546 a
717 2509 843 2547 nobis
873 2513 1039 2559 petant.
1073 2509 1272 2560 Augetur
1302 2509 1499 2560 quotidie
1529 2522 1736 2548 numerus

111 2580 427 2627 confitentium,
451 2581 522 2631 qui
543 2593 631 2619 non
651 2581 791 2619 solum
814 2581 855 2619 in
877 2580 998 2630 ferijs
1021 2586 1064 2618 et
1086 2581 1252 2632 magnis
1274 2581 1623 2625 solennitatibus,
1662 2593 1735 2619 ue-

110 2664 203 2689 rum
225 2652 356 2690 etiam
377 2650 472 2701 alijs
492 2663 815 2702 nonnumquam
837 2651 1007 2699 diebus,
1031 2652 1143 2690 hanc
1165 2652 1220 2690 ob
1244 2665 1418 2691 causam
1440 2652 1494 2691 ad
1523 2665 1602 2691 nos
1634 2665 1734 2691 con·

111 2723 262 2769 fluunt,
287 2722 446 2772 quique
468 2721 648 2773 singulis
669 2722 1033 2769 hebdomadibus,
1057 2728 1129 2761 aut
1163 2728 1316 2774 quarto
1354 2723 1525 2762 decimo
1560 2735 1735 2774 quoque

111 2794 181 2832 die
204 2793 517 2832 conscientiam
539 2806 659 2831 suam
680 2806 757 2844 per
778 2800 1061 2844 peccatorum
1090 2808 1267 2832 suorum
1285 2794 1609 2833 confessionem
1632 2806 1734 2832 exo-

111 2871 279 2903 nerant.
303 2865 508 2902 Mulieres
529 2877 636 2903 uero
658 2871 967 2916 praegnantes,
992 2877 1088 2905 eum
1111 2878 1159 2903 se
1183 2878 1233 2904 ea
1254 2878 1316 2913 re,
1342 2866 1459 2916 quod
1488 2866 1734 2916 pericliten-

160 3013 179 3031 a
231 3011 415 3049 Emend.
437 3022 487 3048 ex
505 3012 699 3049 nitantur.
775 3034 778 3036 v
799 3014 817 3038 b
840 3013 1023 3051 Emeud.
1043 3024 1092 3050 ex
1110 3013 1347 3050 chatholica.
1402 3021 1466 3039 -0
1487 3026 1647 3059 magno.

162 3073 181 3097 d
231 3075 283 3109 et.
337 3079 401 3097 —0
421 3076 526 3109 sunt.
