2038 3400
491 270 877 308 296.—V1N0030NA
911 270 924 306 l
954 269 1214 306 Sam-amenis
1246 270 1333 306 1559
1608 269 1677 306 329

105 384 204 409 rum
237 373 426 416 exteros,
454 382 611 419 eosque
632 370 778 421 plures
799 369 851 408 ad
876 370 990 408 uitae
1014 370 1272 408 christianae
1295 371 1615 420 perfectionem
1637 371 1723 420 pie-

102 448 325 492 tatemque
355 442 608 492 religiosam
633 442 841 489 excitant,
874 441 1134 487 accendunt,
1168 449 1186 466 a
1221 441 1500 479 inflammant.
1540 442 1723 490 Progre-

102 513 275 551 diuntur
296 513 573 551 nihilominus
597 513 860 564 gnauiter·in
891 512 1046 562 studijs
1082 513 1304 550 literarum
1340 524 1492 551 omnes
1528 506 1723 550 multum'-

103 597 187 635 que
217 585 258 622 in
281 590 374 622 arte
394 584 682 631 declamandi,
715 584 918 623 rhetores
939 584 1127 622 maxime
1159 585 1192 630 b,
1219 589 1444 622 exercent.
1474 584 1527 621 Et
1549 585 1590 621 in
1610 584 1725 621 festo

101 654 275 706 quidem
297 660 600 706 pentecostes,
623 667 646 693 e
667 655 829 693 nostris
846 653 1018 705 quidam
1043 655 1287 693 orationem
1315 654 1649 705 pulcherrimam
1672 653 1725 691 de

102 727 146 765 S.
170 727 346 777 Spiritu,
371 726 548 765 clariss.
569 727 686 765 Dno.
711 730 886 765 rectore
908 727 1034 765 huius
1056 728 1204 766 almae
1221 725 1726 773 uniuersitatisycanoni-

103 799 178 845 cis,
203 797 474 845 doctoribus,
504 799 722 848 magistris
754 804 798 836 et
825 810 983 849 magna
1013 797 1305 836 studiosorum
1335 803 1460 848 parte
1489 797 1727 847 praesenti-

102 870 196 916 bus,
219 868 261 907 in
283 881 450 907 summo
473 870 637 919 templo
662 868 876 908 recitauit
904 875 935 908 0.
961 870 1017 908 Vt
1039 874 1185 908 autem
1203 881 1300 907 curn
1322 869 1543 907 literarum
1562 868 1728 906 exerci-

101 939 161 978 tio
198 940 374 991 pietatis
405 938 596 978 studium
629 952 679 978 ac
708 946 885 979 nostrae
918 940 1163 979 uocationis
1202 940 1416 978 rationem
1458 938 1729 978 commodius

102 1016 318 1058 tueamur,
352 1010 608 1061 quibusdam
641 1023 665 1049 e
687 1012 848 1050 nostris
877 1012 949 1063 qui
970 1011 1024 1049 ad
1046 1012 1157 1050 hanc
1177 1011 1446 1062 prouinciam
1468 1009 1729 1048 uidebantur

101 1082 308 1132 aptiores,
331 1080 373 1119 id
394 1082 562 1133 negotij
588 1088 655 1120 est
677 1082 840 1130 datum,
866 1087 910 1120 ut
934 1095 987 1120 ex
1012 1082 1210 1121 omnibus
1231 1082 1487 1133 quibuscum
1522 1082 1593 1119 uel
1627 1094 1727 1119 con-

101 1160 274 1192 traxere
305 1154 659 1201 familiaritatem,
696 1155 764 1192 uel
794 1154 1027 1193 amicitiam
1048 1155 1157 1193 inire
1179 1155 1455 1194 christianam
1477 1157 1726 1205 peroptant,

102 1237 231 1263 unum
263 1230 393 1274 atque
424 1225 609 1263 alterum
644 1225 916 1275 potissimum
953 1226 1130 1277 eligant,
1159 1225 1231 1276 qui
1265 1225 1427 1276 ingenij
1463 1223 1730 1275 praestantia

102 1296 323 1334 excellere
342 1301 385 1334 et
402 1302 583 1334 naturae
601 1295 778 1335 dotibus
799 1297 967 1335 anteire
986 1297 1231 1344 uideantur3
1250 1309 1300 1335 ac
1314 1301 1407 1334 tum
1423 1294 1613 1342 demum,
1637 1306 1729 1333 ora-

101 1368 221 1406 tione
242 1368 495 1418 praemissa,
522 1368 736 1406 charitate
754 1368 882 1416 duce,
903 1369 956 1407 de
979 1368 1135 1418 medijs
1157 1369 1355 1419 cogitent
1375 1368 1530 1419 quibus
1550 1365 1610 1405 illi
1639 1367 1728 1417 plu-

101 1439 253 1477 rimum
287 1439 455 1489 possint
485 1439 638 1477 iuuari.
674 1440 799 1490 Quae
833 1440 905 1478 ubi
934 1441 1117 1492 primum
1146 1440 1307 1478 fuerint
1336 1439 1528 1485 inuenta,
1559 1450 1612 1477 ac
1632 1438 1727 1476 Deo

101 1509 202 1560 Opt.
227 1510 340 1548 Max.
364 1510 406 1548 in
427 1510 575 1560 primis
593 1510 753 1557 oblata,
778 1510 1012 1549 maioribus
1044 1511 1287 1549 offeruntur
1318 1508 1610 1561 approbanda,
1643 1521 1728 1559 quo

103 1587 147 1620 et
166 1581 396 1619 uberiores
419 1585 461 1619 et
485 1581 731 1620 sanctiores
752 1588 921 1620 mature
942 1583 1110 1633 possint
1131 1582 1329 1620 laborum
1358 1581 1524 1620 fructus
1551 1578 1729 1618 suauis-

98 1651 208 1691 sime
225 1652 451 1703 colligere.
478 1653 589 1690 Hinc
605 1653 767 1691 factum
787 1658 868 1700 est,
890 1652 1033 1691 utiam
1050 1653 1196 1704 plures
1214 1652 1445 1703 colloquijs
1461 1657 1726 1698 nostrorum,

100 1736 186 1762 non
206 1723 346 1762 solum
368 1724 645 1762 retrahantur
667 1737 691 1762 a
712 1725 844 1774 uitijs,
879 1725 957 1763 sed
992 1724 1045 1763 ad
1080 1724 1331 1776 religiosam
1360 1722 1582 1762 hominum
1604 1721 1729 1761 disci-

99 1794 256 1845 plinam
278 1794 413 1844 (quod
437 1795 825 1834 exulceratissimis
846 1795 939 1834 istis
960 1796 1231 1847 temporibus
1254 1800 1320 1834 est
1342 1793 1659 1846 propemodum
1687 1794 1728 1832 in

99 1865 336 1904 Germania
356 1866 627 1916 miraculum)
649 1879 697 1905 se
719 1866 1072 1913 accommodent,
1095 1867 1150 1905 ad
1172 1868 1423 1918 cultumque
1440 1865 1632 1905 diuinum
1656 1867 1729 1904 ob-

100 1936 363 1975 seruandum
398 1949 450 1975 ac
485 1937 696 1976 tuendum
731 1938 899 1977 facilius
930 1937 1186 1986 alliciantur,
1218 1937 1531 1989 ardentiusque
1565 1937 1606 1975 in
1637 1936 1731 1975 dies

101 2007 239 2058 magis
261 2019 312 2045 ac
331 2006 470 2058 magis
491 2009 697 2058 aspirent.

158 2089 217 2118 10.
277 2079 431 2117 Solent
452 2086 686 2130 praeterea
706 2081 962 2131 plerumque
983 2082 1121 2120 nostri
1142 2081 1320 2119 uisitare
1339 2080 1662 2120 xenodochium
1687 2088 1730 2120 et

100 2150 372 2201 praestitutis
403 2149 557 2190 diebus
578 2151 877 2191 hebdomatim
899 2165 999 2191 sese
1023 2165 1236 2191 exercere
1258 2153 1299 2191 in
1331 2153 1536 2204 operibus
1566 2154 1730 2192 miseri-

102 2221 294 2269 cordiae,
319 2222 606 2269 consolando,
631 2223 921 2269 subleuando,
956 2223 1230 2262 exhortando
1254 2223 1443 2275 denique
1476 2237 1553 2264 eos
1583 2225 1637 2263 ad
1667 2238 1729 2263 sa-

101 2299 370 2331 cramentum
393 2293 684 2332 confessionis
706 2294 1046 2345 suscipiendum3
1066 2300 1109 2332 et
1130 2295 1216 2333 hoc
1233 2308 1337 2334 sane
1354 2308 1441 2334 non
1458 2296 1550 2334 sine
1574 2296 1729 2346 aliquo

100 2364 257 2402 fructu.
281 2364 465 2414 Semper
489 2365 604 2402 enim
639 2366 916 2415 reperiuntur
938 2366 1010 2416 qui
1032 2365 1132 2404 dum
1154 2366 1313 2404 nostris
1347 2367 1430 2417 pijs
1461 2367 1654 2417 consilijs
1686 2372 1729 2405 et

102 2435 482 2474 exhortationibus
504 2436 805 2486 acquiescunt,
830 2436 872 2474 id
895 2436 1104 2484 efficiunt,
1130 2442 1174 2475 ut
1196 2438 1402 2476 libentius
1423 2438 1465 2476 in
1497 2450 1549 2476 ea
1570 2450 1617 2476 re
1640 2451 1727 2476 om-

99 2518 199 2544 nem
228 2511 422 2544 nostram
447 2518 626 2557 operam
649 2512 691 2544 et
714 2507 1053 2546 sollicitudinem
1076 2508 1360 2547 collocemus.
1381 2510 1578 2559 Cumque
1600 2514 1730 2547 antea

99 2575 475 2628 negligentissime
497 2589 544 2615 se
565 2577 713 2617 famuli
736 2579 1002 2628 xenodochij
1028 2591 1080 2617 ea
1100 2579 1141 2617 in
1169 2592 1216 2617 re
1237 2586 1462 2631 gererent,
1488 2582 1558 2619 uel
1582 2593 1727 2619 exem-

99 2647 169 2697 plo
191 2652 439 2687 nostrorum
461 2649 663 2698 permoti,
689 2650 758 2687 uel
780 2662 835 2688 ne
858 2662 882 2688 a
901 2651 1063 2688 nostris
1084 2655 1346 2689 accusentur
1367 2652 1549 2698 incitati,
1574 2652 1728 2690 melius

101 2731 152 2757 ac
178 2718 416 2757 studiosius
445 2732 523 2758 sua
544 2720 659 2758 circa
689 2721 884 2759 infirmos
916 2720 1060 2760 officia
1088 2722 1171 2760 iam
1202 2721 1377 2760 tandem
1409 2722 1725 2761 administrant.

101 2790 294 2828 Tametsi
315 2789 521 2829 ministri
539 2804 626 2829 non
645 2789 790 2830 desint
811 2792 923 2830 inter
943 2804 1019 2831 eos
1037 2793 1107 2842 qui
1130 2793 1425 2840 xenodochio,
1448 2794 1660 2844 pecuniae
1678 2807 1728 2833 ac

101 2859 267 2899 uentris
287 2861 433 2912 potius
454 2873 582 2911 quam
604 2862 687 2901 Dei
714 2874 860 2910 causa,
884 2863 1142 2911 inseruiunt,
1164 2864 1236 2914 qui
1265 2876 1438 2902 ornnem
1469 2869 1649 2903 mouent
1671 2865 1727 2903 la-

149 3068 168 3087 a
217 3074 272 3106 et.
325 3070 388 3095 —b
409 3081 471 3106 se.
523 3076 587 3094 —0
614 3069 765 3107 habuit.
