2038 3400
498 207 872 249 408.—BARC1N0NE
903 213 916 249 l
946 213 1208 254 SEPTEMBRIS
1241 219 1327 256 1560
1612 225 1681 262 769

105 315 213 351 quae
238 305 319 343 iarn
340 307 506 357 aliquot
525 311 646 349 annis
667 313 857 362 plantata
889 323 1001 364 sunt,
1036 319 1075 355 in
1106 320 1260 359 iustam
1289 325 1630 374 magnitudinem
1654 343 1728 368 ex-

105 377 338 415 creuerint.
369 380 533 428 Restat,
557 388 604 420 ut
633 384 744 422 hanc
778 386 977 425 miseram
1010 395 1054 426 et
1075 389 1281 430 afflictam
1304 395 1579 436 Germaniam
1603 399 1651 437 T.
1678 401 1724 438 P.

103 447 383 487 sanctissimis
405 452 645 502 sacrificijs,
667 457 1022 509 orationibusque
1045 467 1063 484 ²²
1084 474 1163 499 nos
1181 475 1334 502 omnes
1351 467 1723 509 commendemus,

103 517 221 556 Vale.
247 520 441 559 Viennae
464 524 666 563 Austriae
694 527 802 576 prid.
838 529 927 568 Cal.
953 531 1073 581 Sept.
1108 534 1221 581 1560.
1247 536 1296 574 T.
1321 537 1367 575 P.
1401 538 1725 590 indignissimus

100 586 227 635 silius,

1039 657 1255 699 ANTONIUS
1286 662 1317 698 F
1320 675 1482 702 LANDER
1506 669 1532 702 ¹.

179 768 352 808 Literae
374 772 716 820 quadrimestres
739 778 1058 823 viennensium.

177 839 283 877 Alia
305 854 460 881 manu.
486 845 568 883 Per
590 847 790 898 Genoua,
815 852 1041 902 Fiorenza,
1067 861 1151 896 etc.
1183 857 1227 897 Si
1258 860 1437 899 rimandi
1467 864 1718 912 particolar-

97 915 241 948 mente
264 919 419 961 questa
440 916 521 953 che
544 917 696 957 ritorni
716 932 740 958 a
762 923 899 962 Roma
919 937 996 974 per
1019 938 1141 966 esser
1162 929 1424 981 l'originale.

175 980 366 1021 Polcmci
385 997 541 1025 manu.
567 989 820 1032 Emendata.
845 994 953 1034 Alia
975 1010 1130 1037 manu.
1156 1001 1281 1040 Fatte
1301 1013 1327 1051 4
1348 1004 1490 1054 copie.

846 1184 961 1236 408

603 1311 912 1370 JOANNES
945 1316 989 1361 R
1000 1317 1193 1366 UBIES

536 1439 774 1468 BARCINONE
803 1434 816 1469 1
845 1445 1098 1474 SEPTEMBRls
1127 1439 1217 1476 1560
1243 1440 1268 1476 ².

88 1527 166 1567 1-2.
194 1529 318 1570 Cives
340 1545 491 1573 omnes
513 1536 615 1576 bene
636 1540 686 1577 de
708 1539 931 1581 Societate
951 1544 1165 1593 sentiunt,
1191 1549 1322 1597 atque
1349 1562 1507 1589 eornm
1535 1552 1712 1592 benevo-

164 1596 304 1635 lentia
335 1597 383 1637 in
405 1599 497 1639 dies
529 1606 745 1654 angetur,
766 1608 1039 1656 praesertim
1059 1611 1267 1663 episcopi,
1288 1616 1510 1667 proregz's
1529 1618 1712 1669 ejusque

165 1663 339 1711 uxoris,
363 1679 441 1705 nec
461 1681 552 1706 non
565 1668 677 1719 fidel?
707 1672 1033 1723 quaesitorum,
1067 1677 1147 1727 qm·
1175 1691 1327 1719 omnes
1358 1680 1600 1722 societatis
1630 1685 1711 1724 mi-

163 1726 352 1768 nisterio
391 1733 583 1772 nitantur
623 1735 669 1773 in
705 1738 861 1777 multis
894 1741 1027 1780 rebus
1062 1744 1122 1781 ad
1155 1743 1275 1794 ipsos
1304 1747 1708 1796 pertinentibus.—

162 1793 201 1830 3.
221 1794 418 1834 Fructus
438 1811 490 1837 ex
511 1800 796 1841 contionibus
817 1806 857 1843 et
879 1806 1355 1858 confessionibus-4.
1380 1813 1487 1851 Alia
1509 1814 1706 1855 ministe-

164 1858 239 1896 ria
260 1873 376 1913 erga
388 1865 641 1913 proximos.

139 1982 171 2009 1.
230 1975 258 2023 †
281 1975 401 2024 Jhus.
427 1977 528 2027 Muy
551 1980 644 2018 R.‘¹0
666 1993 719 2019 en
741 1983 873 2022 Chro.
900 1986 972 2023 Re
995 1988 1084 2025 Pax
1106 1989 1174 2027 Χ.ί
1201 1995 1287 2028 etc.
1314 1992 1399 2029 Por
1421 1993 1601 2044 cumplir
1623 2007 1706 2033 con

82 2041 120 2079 la
142 2043 401 2084 obediencia
432 2062 458 2097 y
488 2049 632 2089 buena
664 2055 910 2093 consuetud
941 2056 996 2095 de
1024 2058 1065 2096 la
1096 2061 1350 2111 Compafn'a,
1386 2063 1593 2104 escriuire
1623 2079 1704 2105 con

82 2114 175 2150 esta
197 2127 221 2151 a
242 2115 292 2153 V.
320 2117 392 2155 Rd
414 2118 454 2157 lo
479 2133 561 2169 que
586 2135 632 2160 se
655 2136 722 2161 me
748 2125 980 2166 offreciere
1004 2141 1161 2169 auerse
1183 2132 1327 2171 hecho
1350 2133 1406 2172 de
1441 2140 1594 2186 quatro
1617 2150 1704 2176 me-

81 2196 151 2221 ses
173 2197 197 2223 a
220 2193 312 2225 esta
332 2195 471 2238 parte.
497 2193 630 2230 Entre
662 2194 722 2232 las
752 2201 868 2235 otras
901 2211 1029 2238 cosas
1059 2213 1142 2250 que
1174 2216 1254 2241 nos
1277 2204 1360 2242 dan
1391 2207 1549 2245 mucha
1580 2221 1705 2247 occa-

79 2255 173 2293 sion
195 2257 248 2295 de
272 2259 346 2297 dar
369 2263 546 2301 muchas
568 2266 737 2314 gracias
754 2268 792 2305 al
815 2269 970 2317 Sefior,
990 2285 1016 2320 y
1035 2275 1412 2315 contentamiento
1432 2290 1485 2316 en
1502 2286 1703 2319 nuestras

78 2327 226 2375 almas,
253 2341 298 2366 es
320 2344 398 2369 ver
420 2345 504 2383 que
527 2348 581 2372 en
605 2341 699 2374 esta
721 2338 876 2377 ciudad
898 2341 1006 2379 cada
1033 2342 1102 2381 dia
1124 2345 1235 2384 anda
1256 2349 1490 2387 creciendo
1513 2350 1553 2388 la
1573 2351 1701 2390 Com-

77 2401 204 2447 pania
227 2412 280 2437 en
302 2403 470 2441 credito
493 2418 519 2454 y
541 2406 861 2448 beneuolencia
889 2411 943 2449 de
966 2413 1113 2462 todos,
1137 2418 1223 2454 assi
1244 2419 1433 2467 grandes
1455 2433 1582 2459 como
1614 2435 1700 2460 me-

76 2481 223 2518 nores,
256 2485 282 2521 y
306 2485 358 2510 en
391 2477 580 2525 especial
613 2480 651 2515 el
683 2484 813 2518 senor
846 2482 998 2533 obispo
1029 2485 1041 2504 ³
1071 2494 1263 2526 muestra
1300 2502 1353 2527 en
1389 2492 1495 2530 todo
1531 2495 1698 2544 grande

75 2552 197 2578 amor
232 2556 258 2591 y
293 2545 478 2592 credito,
510 2560 537 2596 y
568 2551 758 2589 escucha
789 2551 841 2590 de
873 2553 1017 2592 buena
1037 2569 1149 2606 gana
1171 2558 1211 2596 lo
1243 2573 1327 2610 que
1348 2562 1390 2600 le
1413 2571 1697 2613 representan

74 2611 139 2649 los
160 2618 379 2662 nuestros,
405 2631 430 2666 y
453 2617 575 2668 sigue
599 2633 670 2658 sus
690 2634 964 2672 paresceres‚
989 2641 1015 2676 y
1033 2639 1080 2665 se
1102 2628 1156 2667 ha
1172 2630 1348 2670 seruido
1372 2633 1511 2673 dellos
1535 2648 1587 2673 en
1607 2651 1695 2675 mu-

119 2746 138 2766 a
186 2761 232 2785 ac
251 2750 359 2788 add.
385 2752 613 2793 Polancus.

121 2879 130 2898 ¹
183 2879 289 2919 Vide
307 2895 343 2929 p.
364 2882 446 2926 608.
467 2893 602 2924 annot.
626 2889 657 2927 l.

120 2937 134 2957 ²
182 2937 243 2976 Ex
262 2946 418 2989 autogr.
439 2944 480 2981 in
498 2946 583 2983 cod.
601 2947 729 2994 Hisp.
753 2949 819 2995 97,
844 2952 857 2987 l
879 2952 963 2992 fol..
984 2966 1023 2990 n.
1044 2953 1127 2998 314ς
1149 2957 1258 3002 prius
1282 2958 1358 2995 120.

118 2997 130 3016 ⁸
177 2998 351 3043 jacobus
372 3002 587 3042 Cassador.

214 3083 375 3110 LITTERAE
395 3086 798 3119 QUADR1MESTRns.—TOM.
822 3094 872 3120 VI.
1516 3110 1550 3135 49
