2038 3400
462 279 852 317 296—V1N12030NA
881 279 895 315 1
925 279 1190 316 SEPTEMBRis
1220 280 1309 316 1559
1585 281 1655 318 325

76 381 145 418 ubi
173 381 354 430 primum
391 379 433 417 id
467 392 543 430 per
583 380 676 417 eius
697 385 889 418 aetatem
921 379 1065 425 liceat,
1099 386 1276 418 nostrae
1307 381 1566 419 contradere
1600 381 1699 419 fidei

73 464 124 489 ac
145 449 412 501 disciplinae.
439 448 527 488 Sed
551 450 606 488 de
628 450 693 488 his
715 451 942 489 hactenus.

125 534 163 569 4.
226 522 552 572 Prosequuntur
573 521 615 558 in
636 522 718 559 hac
738 521 966 559 viennensi
989 521 1274 559 uniuersitate
1309 522 1584 572 theologicas
1621 535 1696 571 pro

75 605 195 631 more
217 593 433 631 lectiones
454 593 506 630 D.
532 592 791 631 Lambertus
813 598 857 630 et
879 593 929 631 D.
955 594 1226 632 Christianus
1250 595 1275 641 ¹,
1301 594 1431 644 idque
1453 592 1625 632 doctius
1658 595 1697 631 in

74 664 168 701 dies
188 663 342 715 magis
364 677 417 702 ac
439 663 608 715 magis,
629 669 762 714 atque
784 665 945 712 utilius,
966 666 1060 703 Deo
1083 666 1191 704 laus.
1225 666 1278 703 Et
1297 667 1517 715 quantum
1539 665 1693 706 ιιιιιίίο,

74 736 260 773 honesta
283 747 379 772 cum
401 733 649 773 auditorum
670 735 930 785 frequentia,
966 740 1011 774 ut
1032 749 1310 786 nonunquam
1330 749 1481 775 eorum
1503 737 1700 774 lectioni-

74 807 152 844 bus
174 805 369 857 magistii
390 805 561 853 artium,
586 806 805 844 interdum
823 819 997 858 quoque
1020 814 1140 845 rn.C¹¹S
1163 808 1215 846 D.
1240 814 1387 846 rector
1405 806 1699 845 uniuersitatis

73 877 257 916 intersit.
283 876 414 926 „Quod
430 877 465 914 si
488 876 807 927 disputationes
824 890 848 916 a
868 879 1028 916 nostris
1049 878 1237 928 publice,
1258 879 1370 917 sicut
1390 878 1589 929 proxime
1608 879 1701 916 fieri

74 954 280 999 coeptum
303 953 384 995 est,
408 948 704 995 instituantur,
729 950 869 987 nullus
890 962 977 987 non
999 949 1230 988 doctorum
1253 951 1445 988 uirorum
1468 963 1538 997 eo,
1563 956 1609 988 ut
1631 950 1702 988 uel

74 1018 233 1066 audiat,
258 1020 329 1057 uel
351 1019 562 1070 disputet,
585 1031 633 1057 Se
656 1020 842 1067 confert,
866 1021 1002 1070 fitque
1024 1033 1197 1072 semper
1238 1021 1449 1059 maximus
1486 1021 1701 1059 studioso-

74 1104 166 1129 rum
189 1103 441 1137 concursus,
462 1090 652 1128 maxime
675 1091 707 1128 si
731 1090 785 1129 de
807 1092 859 1141 ijs
881 1092 1012 1130 rebus
1029 1104 1141 1142 quae
1162 1092 1499 1130 infoelicissimis
1515 1105 1566 1130 ac
1584 1093 1702 1130 exul-

75 1161 354 1200 ceratissimis
376 1162 648 1212 temporibus
670 1161 761 1199 istis
780 1167 1184 1211 controuertuntur,
1202 1163 1275 1201 fiat
1293 1162 1569 1214 disceptatio.
1590 1163 1703 1201 Hinc

74 1234 260 1272 fortasse
281 1234 443 1271 factum
467 1233 678 1284 quispiam
700 1234 874 1282 dixerit,
898 1235 1016 1285 quod
1036 1248 1250 1286 persaepe
1273 1235 1457 1284 studiosi
1492 1234 1701 1273 universi-

73 1306 188 1352 tatis,
212 1317 263 1343 ac
284 1305 419 1343 multo
441 1317 569 1355 quam
591 1310 720 1343 antea
741 1306 1028 1356 frequentius,
1058 1312 1254 1345 nostrum
1277 1307 1512 1358 collegium
1548 1306 1602 1345 de
1637 1319 1702 1344 re-

74 1377 152 1414 bus
175 1377 369 1428 pluribus
391 1389 488 1415 cum
510 1377 670 1416 nostris
693 1377 893 1416 collaturi
914 1378 1109 1425 uisitent;
1130 1378 1173 1416 in
1203 1377 1296 1416 dies
1317 1378 1455 1429 magis
1476 1378 1701 1428 magisque

73 1448 114 1486 in
137 1460 244 1486 uero
269 1449 530 1487 christianae
561 1449 786 1499 religionis
821 1450 973 1499 spiritu
1009 1455 1223 1496 crescant,
1261 1462 1312 1488 ac
1341 1450 1631 1488 uehementer
1661 1449 1701 1487 in

74 1525 323 1559 nostrorum
345 1533 573 1559 numerum
596 1522 753 1560 ascribi
788 1523 970 1571 (moram
1003 1534 1137 1573 aegre
1172 1522 1386 1571 ferentes)
1417 1521 1699 1561 contendant.

75 1591 141 1629 Ad
176 1592 349 1630 scholas
385 1605 491 1631 uero
528 1598 701 1631 nostras
736 1592 884 1642 (cuius
906 1600 925 1618 a
951 1605 1112 1631 nomen
1147 1605 1198 1632 ac
1231 1593 1344 1631 fama
1379 1593 1492 1644 apud
1528 1597 1702 1631 exteras

76 1664 205 1702 etiam
226 1663 428 1702 nationes
449 1665 678 1715 plurimum
704 1677 808 1703 sane
838 1665 1087 1716 increbuit),
1122 1665 1291 1703 etiamsi
1325 1665 1702 1716 frequentissimus

75 1734 370 1773 studiosorum
393 1748 446 1774 ac
466 1735 698 1774 maximus
719 1737 909 1774 confluat
930 1748 1151 1782 numerus
1171 1736 1258 1774 non
1280 1736 1528 1774 dubitamus
1555 1740 1702 1774 tamen

75 1806 205 1858 longe
227 1807 387 1857 plures,
409 1808 551 1846 aetate
569 1820 623 1846 ac
644 1806 830 1859 ingenio
844 1806 1222 1857 praestantiores,
1246 1808 1288 1845 in
1309 1806 1598 1846 renouatione
1616 1813 1702 1845 stu-

76 1877 245 1916 diorum
267 1878 412 1928 (quam
434 1879 574 1925 breui,
598 1879 694 1920 Deo
718 1879 846 1926 duce,
870 1879 1013 1918 multo
1050 1891 1186 1928 quam
1222 1879 1414 1917 antehac
1448 1878 1702 1917 excelentio-

76 1962 171 1989 rem
192 1950 502 2000 instituemus),
527 1950 757 1998 affuturos,
781 1951 852 2001 qui
873 1963 1036 1989 nouum
1057 1950 1379 2001 philosophum,
1403 1962 1533 2000 quem
1555 1963 1609 1988 ex
1638 1964 1704 1988 ur-

75 2022 130 2060 be
148 2027 456 2071 exspectamus
477 2021 504 2069 2,
529 2021 863 2072 diligentissime
881 2022 1071 2068 audiant,
1093 2034 1281 2072 seseque
1303 2021 1566 2060 lectionibus
1583 2034 1703 2072 gym-

74 2094 181 2142 nasij
204 2093 330 2131 huius
350 2093 503 2140 nostri,
527 2105 579 2131 ac
599 2092 771 2144 legibus
792 2094 834 2131 in
855 2094 1002 2143 primis
1026 2095 1119 2131 eius
1139 2093 1447 2140 accomodent,
1472 2105 1577 2143 quas
1612 2093 1702 2131 lon-

75 2177 131 2215 ge
161 2164 406 2203 strictiores
437 2176 536 2202 esse
558 2176 700 2215 quam,
738 2165 809 2202 uel
830 2164 871 2202 in
902 2164 1189 2202 vniuersitate
1212 2164 1282 2201 uel
1304 2164 1346 2201 in
1375 2164 1526 2202 schola
1543 2163 1701 2202 ciuium

75 2236 158 2273 sint
176 2235 303 2282 ullae,
323 2240 542 2273 nonerunt
559 2236 752 2286 apprime
769 2247 935 2273 omnes.
958 2235 1081 2273 Vnde
1096 2235 1224 2273 facile
1241 2236 1325 2273 iam
1341 2236 1472 2274 fuerit
1490 2235 1701 2285 colligere

76 2312 347 2357 quantopere
363 2306 502 2344 nostri
523 2307 608 2344 sint
628 2306 804 2344 labores
823 2312 866 2344 et
887 2306 1000 2357 grati
1020 2306 1261 2357 permultis,
1283 2312 1325 2344 et
1343 2307 1487 2344 utiles.
1507 2306 1702 2355 Discipu-

75 2377 103 2416 li
124 2390 247 2425 uero,
271 2378 366 2415 Deo
389 2378 496 2425 laus,
521 2377 718 2424 multum,
743 2390 880 2427 qnam
896 2376 1114 2427 plurimis
1136 2377 1332 2424 testibus,
1359 2382 1403 2415 et
1434 2377 1570 2415 literis
1605 2390 1701 2427 pro-

76 2449 240 2496 ficiunt,
265 2452 308 2486 et
328 2449 510 2499 pietate,
534 2453 580 2486 ut
601 2449 782 2500 singulis
798 2449 1042 2498 quibusque
1064 2447 1413 2487 hebdomadibus
1429 2461 1516 2487 non
1539 2449 1699 2499 exiguo

77 2533 174 2558 cum
195 2520 338 2558 fructu
358 2532 437 2557 sua
456 2524 639 2570 peccata
661 2531 812 2558 eorum
848 2519 1018 2570 plurimi
1052 2518 1187 2569 (quod
1225 2520 1325 2557 olim
1358 2519 1437 2557 fuit
1472 2520 1542 2557 hic
1574 2520 1701 2569 plane

76 2591 256 2640 nouum)
273 2590 581 2637 confiteantur,
601 2596 731 2641 atque
749 2590 803 2628 ad
824 2596 1147 2628 sacrosanctam
1164 2590 1469 2629 eucharistiam
1487 2603 1573 2628 non
1604 2603 1700 2628 raro

77 2661 263 2699 maxima
297 2673 394 2699 cum
434 2661 580 2700 cordis
614 2661 780 2700 laetitia
819 2660 1046 2700 accedant.
1089 2661 1150 2699 Ea
1188 2674 1364 2712 quoque
1403 2661 1698 2709 disseminata,

125 2822 143 2841 a
193 2833 377 2868 quarum.

129 2973 134 2990 ¹
188 2970 232 3006 Ρ.
254 2969 511 3007 Christianus
531 2970 685 3008 Rivius.

125 3031 137 3050 3
189 3029 336 3066 Missus
357 3036 487 3067 estex
506 3029 619 3067 Urbe
649 3030 698 3066 fr.
734 3029 981 3067 Laurentius
1008 3030 1211 3067 Andreas.
1242 3030 1309 3068 Cf.
1345 3030 1698 3075 BRAUNSBERGER‚

82 3102 143 3137 op.
161 3101 218 3134 c.,
238 3088 290 3133 II,
311 3088 392 3126 504.
