2038 3400
370 254 441 292 762
838 255 1059 292 LITTERAE
1086 255 1440 300 QUADmMEsTREs

325 363 467 396 cratas
489 371 590 396 suas
611 359 811 409 polluere
844 371 1031 408 unquam
1054 358 1106 407 ijs
1137 358 1320 408 alijsque
1341 359 1468 397 huius
1498 359 1660 397 farinae
1691 359 1954 398 foedissimis

325 429 569 468 actionibus
592 430 743 468 uelint.
768 430 813 468 In
847 429 1135 468 examinanda
1157 430 1437 469 confessione
1460 431 1585 468 unius
1606 430 1782 481 pessimi
1803 432 1955 470 haere-

325 501 399 540 tici
421 502 603 539 multum
628 502 757 539 etiam
782 502 927 551 operis
948 502 1182 551 praestitit,
1207 515 1260 539 ne
1285 502 1364 539 sub
1394 502 1614 540 lenocinio
1647 503 1882 541 uerborum
1913 509 1957 541 et

324 574 425 612 fuco
451 574 660 612 orationis
683 586 782 611 suas
804 574 1013 611 haereses
1035 572 1171 624 (quod
1194 573 1358 623 optime
1380 579 1566 612 nouerat
1587 574 1658 611 ille
1680 573 1861 624 facere),
1883 575 1956 613 ob-

325 652 516 697 tegeret.
550 647 696 685 Laturi
728 652 851 683 erant
883 645 1173 684 ecclesiastici
1203 645 1370 683 iudices
1401 645 1663 683 sententiam
1695 646 1734 683 in
1765 647 1956 697 negocio

325 717 644 765 matrimoniali,
670 724 715 756 ut
747 723 921 763 uocant,
955 729 1114 767 magno
1147 730 1244 755 cum
1274 717 1470 767 periculo
1503 722 1545 754 et
1576 717 1693 755 uitae
1726 723 1770 755 et
1800 718 1957 755 anima-

325 803 418 828 rum
441 789 625 828 duorum
660 789 822 839 primae
854 789 1094 826 nobilitatis
1117 789 1428 839 hungarorum3
1452 801 1536 839 qua
1557 788 1610 826 de
1642 800 1688 826 re
1711 788 1958 827 admonitus

326 863 502 909 Rector,
528 874 674 908 causa,
698 866 744 899 ut
766 861 863 899 fieri
886 861 1044 911 potuit,
1070 862 1260 912 cognita,
1284 862 1374 912 egit
1398 874 1494 899 cum
1517 861 1626 899 R.m0
1647 874 1701 899 ne
1723 861 1840 911 prius
1862 874 1958 899 sen-

325 934 463 971 tentia
486 934 678 980 daretur,
703 939 749 970 ut
768 937 946 978 uocant,
967 932 1210 979 definitiua,
1235 946 1362 983 quam
1384 938 1525 971 totum
1546 934 1782 984 negocium
1804 934 1958 972 melius

326 1010 445 1043 esset
466 1004 580 1043 inter
603 1005 824 1056 sapientes
848 1005 1160 1051 examinatum3
1183 1004 1301 1055 quod
1330 1004 1459 1043 facile
1483 1005 1686 1052 obtinuit,
1710 1018 1762 1043 ac
1793 1005 1957 1052 effecit,

325 1083 371 1114 ut
395 1089 547 1115 omnes
569 1077 868 1127 intelligerent
891 1088 984 1114 rem
1006 1089 1093 1114 non
1116 1088 1216 1114 esse
1238 1076 1279 1114 in
1312 1089 1365 1114 eo
1399 1081 1530 1123 statu,
1556 1084 1601 1114 ut
1633 1077 1852 1115 sententia
1872 1090 1959 1116 me-

326 1149 409 1187 rito
440 1149 542 1187 ferri
573 1154 741 1199 posset.
766 1148 946 1186 Iuerunt
978 1148 1154 1186 tandem
1177 1149 1366 1199 quinque
1388 1154 1461 1186 aut
1484 1161 1563 1187 sex
1586 1148 1812 1197 doctores,
1835 1162 1959 1200 prae-

326 1227 453 1259 sente
476 1222 600 1268 R.¹1³0‚
623 1220 810 1271 pedibus
832 1221 874 1259 in
897 1221 990 1259 eius
1012 1222 1277 1259 sententiam
1301 1233 1470 1268 omnes3
1495 1226 1538 1259 et
1562 1221 1799 1273 negocium
1819 1226 1960 1259 totum

327 1293 679 1344 componendum
711 1293 765 1331 ad
798 1292 950 1331 sedem
982 1293 1287 1344 apostolicam,
1322 1306 1419 1332 cum
1450 1294 1675 1344 utriusque
1705 1294 1840 1345 partis
1862 1307 1962 1332 con-

327 1378 457 1403 sensu
481 1370 524 1403 et
547 1377 705 1415 magno
729 1364 834 1403 satis
857 1364 1032 1412 solatio,
1058 1365 1150 1402 eius
1173 1365 1355 1403 consilio
1380 1370 1446 1403 est
1467 1365 1594 1416 plane
1617 1365 1824 1404 delatum.
1850 1366 1962 1404 Con-

327 1437 579 1475 stitutiones
602 1436 839 1486 synodales
870 1449 958 1474 non
989 1436 1107 1486 prius
1128 1435 1306 1474 fuerunt
1328 1437 1470 1475 lectae
1492 1437 1682 1488 publice,
1706 1449 1832 1488 quam
1856 1438 1963 1475 Rec-

326 1508 410 1546 tori
433 1507 712 1547 traderentur
735 1507 800 1545 bis
838 1507 1158 1555 emendandae3
1194 1520 1300 1557 quas
1330 1521 1419 1546 non
1449 1507 1581 1547 modo
1613 1509 1860 1559 castigauit,
1885 1507 1963 1546 sed

327 1580 526 1627 mutauit,
551 1579 777 1630 expunxit,
812 1579 947 1626 auxit,
984 1579 1301 1630 expoliuitque>
1326 1592 1377 1618 ac
1408 1580 1449 1618 in
1478 1593 1638 1619 nouam
1668 1580 1811 1631 plane,
1844 1585 1963 1618 tanta

328 1665 425 1690 cum
447 1652 753 1690 consolatione
777 1651 1113 1702 archiepiscopi,
1143 1651 1326 1690 formam
1350 1650 1538 1703 redegit,
1563 1653 1635 1690 ubi
1659 1665 1767 1703 opus
1788 1652 1883 1699 fuit,
1917 1658 1963 1690 ut

326 1736 438 1774 quae
460 1723 552 1774 ipse
576 1722 778 1769 dictaret,
812 1722 1001 1773 proprijs
1025 1723 1155 1760 etiarn
1187 1723 1385 1761 manibus
1407 1724 1537 1761 R.mus
1572 1723 1869 1774 archipraesul
1891 1723 1963 1761 de-

327 1795 559 1842 scriberet;
584 1800 627 1832 et
650 1795 847 1845 quamuis
866 1800 957 1833 tres
978 1799 1240 1845 quatuorue,
1265 1800 1338 1832 aut
1369 1795 1516 1846 plures
1539 1795 1669 1834 etiarn
1692 1795 1901 1834 doctores
1922 1796 1963 1834 in

328 1868 412 1905 illis
435 1866 721 1918 compilandis
743 1872 875 1917 atque
900 1866 1213 1905 concinnandis
1243 1867 1438 1917 pluribus
1460 1867 1615 1905 diebus
1637 1872 1815 1906 strenue
1846 1868 1964 1906 labo-

328 1944 515 1986 rassent,
546 1937 819 1990 paucissimis
851 1944 998 1976 tamen
1029 1938 1158 1988 (quae
1196 1939 1278 1976 Dei
1307 1938 1481 1977 bonitas
1523 1944 1604 1986 est,
1646 1952 1730 1990 qua
1769 1940 1965 1978 membra

328 2011 454 2049 huius
485 2010 688 2048 minimae
720 2010 959 2048 Societatis
990 2022 1094 2047 suae
1127 2022 1276 2061 saepe,
1309 2010 1351 2048 in
1382 2010 1514 2048 rebus
1545 2010 1734 2049 maxime
1762 2011 1962 2061 publicis,

329 2082 510 2121 mirifice
543 2082 818 2131 recreantur)
849 2082 969 2120 horis
990 2081 1137 2132 potius
1167 2095 1295 2132 quam
1318 2081 1489 2129 diebus,
1521 2081 1580 2120 ita
1602 2088 1696 2121 tota
1717 2083 1787 2121 illa
1808 2088 1964 2122 tracta-

328 2155 389 2193 tio
408 2168 568 2193 nouam
584 2155 769 2193 formam
788 2154 933 2204 reipsa
950 2154 988 2192 in
1009 2154 1208 2192 manibus
1227 2154 1320 2192 eius
1336 2154 1355 2172 a
1375 2153 1529 2202 induit,
1550 2159 1596 2193 ut
1611 2155 1845 2194 multorum
1863 2155 1968 2199 alio..

328 2240 421 2265 rum
452 2239 503 2265 ac
534 2227 685 2265 ultimo
718 2226 821 2264 R.¹³²¹i
844 2226 977 2277 legati
1009 2238 1115 2264 suae
1137 2226 1380 2265 sanctitatis
1411 2227 1714 2274 attestatione,
1739 2227 1895 2266 merito
1924 2227 1965 2266 in

328 2297 547 2349 publicum
569 2297 747 2348 prodire
770 2296 946 2336 debeat.
971 2297 1050 2336 His
1071 2298 1219 2348 itaque
1248 2302 1380 2348 atque
1411 2298 1506 2347 alijs
1527 2297 1776 2336 huiusmodi
1808 2298 1966 2348 officijs

330 2382 529 2421 magnam
552 2382 656 2408 sane
678 2370 720 2408 in
746 2369 970 2420 Hungaria
990 2369 1229 2408 Societatis
1250 2374 1430 2407 nostrae
1454 2368 1811 2420 expectationem
1841 2369 1962 2408 fecit.

383 2441 421 2479 6.
484 2441 611 2480 Circa
634 2441 748 2479 idem
780 2447 954 2491 tempus
986 2442 1033 2479 R.
1058 2441 1105 2479 P.
1131 2441 1434 2488 Prouincialis,
1468 2443 1524 2480 D.
1564 2443 1719 2479 Petrus
1749 2442 1963 2489 Canisius,

332 2513 548 2565 Augusta,
573 2512 645 2549 ubi
668 2512 961 2551 ecclesiasten
982 2512 1024 2551 in
1047 2525 1251 2563 supremo
1275 2514 1368 2551 eius
1391 2513 1579 2551 ciuitatis
1611 2515 1776 2564 templo
1809 2526 1964 2565 augus-

332 2585 518 2631 tissimo,
543 2597 719 2634 magno,
749 2585 842 2623 laus
864 2585 976 2631 Deo,
1009 2597 1106 2623 cum
1127 2585 1273 2623 fructu
1303 2584 1408 2636 agit,
1432 2585 1518 2623 huc
1548 2583 1600 2623 ad
1630 2598 1711 2623 nos
1740 2585 1966 2635 profectus

331 2657 525 2695 aduenit.
551 2656 770 2695 Comitem
792 2656 960 2695 itineris
982 2657 1131 2694 habuit
1153 2657 1200 2695 R.
1225 2657 1268 2694 P.
1297 2657 1346 2696 D.
1366 2657 1596 2695 Nicolaum
1614 2657 1854 2706 Lanoyum,
1879 2658 1965 2695 col-

332 2728 434 2779 legij
467 2727 824 2778 ingolstadiensis
861 2733 1097 2766 rectorem.
1143 2728 1297 2765 Paucis
1333 2740 1441 2766 uero
1477 2727 1496 2752 b
1530 2727 1773 2766 interiectis
1813 2727 1967 2766 diebus

334 2802 473 2851 Praga
493 2799 579 2836 huc
599 2805 784 2836 uocatus
808 2800 854 2836 R.
880 2811 1054 2848 quoque
1080 2800 1125 2837 P.
1151 2800 1202 2837 D.
1229 2798 1385 2836 Paulus
1407 2798 1609 2846 HoffeuS‚
1630 2799 1857 2850 pragensis
1879 2800 1965 2837 col-

332 2871 436 2922 legij
460 2876 624 2916 rector,
649 2883 673 2907 a
693 2869 818 2907 nobis
840 2869 920 2908 fuit
943 2871 1070 2908 solita
1091 2870 1328 2909 Societatis
1351 2871 1562 2909 charitate
1583 2883 1634 2908 ac
1657 2871 1808 2909 osculo
1830 2871 1963 2921 pacis,

333 2949 379 2982 ut
399 2942 524 2995 primi
546 2954 643 2980 cum
665 2942 799 2990 socijs
822 2942 924 2989 suis,
951 2947 1180 2993 exceptus.
1205 2942 1437 2980 Postremo
1456 2941 1631 2980 tandem
1653 2955 1738 2981 uno
1756 2942 1872 2980 forte
1895 2941 1964 2980 die

381 3075 401 3094 a
452 3072 640 3111 Emend.
661 3083 711 3110 ex
729 3071 824 3109 suis.
879 3073 944 3098 —b
967 3072 1058 3118 Seq.
1080 3072 1164 3110 del.
1185 3077 1286 3120 post.
