2038 3400
351 260 422 298 512
819 263 1036 300 LITTERAE
1072 265 1431 309 QUADR1MESTRES

799 319 812 333 .

306 377 400 403 mus
420 371 600 404 nostrae
620 367 849 418 angustiae
879 365 1139 416 (communis
1173 366 1309 403 totius
1344 365 1581 404 Societatis
1617 366 1814 417 querela)
1849 379 1935 405 am-

304 437 488 487 pliorem
523 450 751 476 numerum
785 451 873 476 non
909 438 1168 476 substinent.
1213 438 1363 487 Itaque
1398 438 1677 488 transigimus
1716 437 1850 476 vitam
1890 444 1937 475 ut

305 507 490 558 quimus,
519 509 738 559 quoniam,
769 515 816 547 Vt
837 510 1054 556 volumus,
1079 522 1165 546 non
1187 509 1306 547 licet.
1332 508 1396 545 Ex
1418 508 1485 546 his
1507 513 1596 547 tres
1617 514 1776 547 vacant
1797 521 1936 560 gram-

306 577 490 617 maticae
512 578 823 627 instituendae,
848 593 932 630 qua
952 580 993 618 in
1016 592 1062 617 re
1085 585 1251 617 tantum
1274 580 1401 617 abest
1428 585 1476 618 vt
1503 579 1676 618 ludatur
1706 592 1853 631 opera,
1891 586 1937 618 ut

307 662 360 687 ex
382 650 500 688 nullo
518 651 601 688 alio
620 651 862 689 ministerio
881 651 1061 702 amplior
1078 651 1220 688 bonae
1238 650 1374 701 frugis
1395 655 1639 701 proventus
1657 655 1934 701 expectetur.

306 721 473 771 Reliqui
511 722 662 759 Patres
690 734 741 760 ac
761 721 918 760 fratres
955 721 1042 759 suis
1072 721 1227 759 intenti
1252 721 1425 771 officijs,
1448 721 1553 760 nihil
1575 722 1736 760 laboris
1766 721 1937 760 detrec·

305 797 464 839 tantes,
488 792 560 842 qui
581 791 622 830 in
653 798 740 831 tarn
775 806 938 844 paucos
970 793 1150 839 diuisus,
1190 797 1311 830 certe
1343 792 1453 830 leuis
1487 806 1575 831 non
1611 798 1693 840 est,
1730 793 1772 830 in
1806 793 1935 831 vinea

305 863 494 911 Domini,
531 877 609 914 pro
651 876 698 902 se
732 864 915 915 quisque
955 864 1144 902 fideliter
1186 869 1466 902 exercentur.
1509 864 1722 903 Seruandi
1762 865 1936 915 regulas

305 935 459 985 ingens
481 934 594 985 apud
624 948 776 973 omnes
812 935 1075 983 sollicitudo,
1113 935 1315 986 propriae
1351 935 1649 986 abnegationi,
1688 948 1785 974 cum
1821 922 1937 974 omni

303 1011 503 1057 tempore
525 1007 696 1057 ingens,
715 1011 806 1044 tum
828 1007 1015 1044 maxime
1037 1007 1237 1056 proximo
1261 1006 1569 1057 Redemptoris
1590 1006 1784 1045 aduentu
1805 1006 1935 1045 ardor

305 1082 371 1115 est
393 1077 626 1116 adhibitus.
650 1077 940 1116 Xenodochia
961 1078 1141 1128 singulis
1163 1077 1318 1115 diebus
1354 1078 1567 1129 cujusque
1601 1078 1934 1117 haebdomadae

304 1147 501 1187 uisuntur
535 1149 554 1167 ‘³‘

560 1179 568 1196 ‚
607 1154 651 1186 et
685 1149 953 1188 infirmorum
994 1149 1298 1188 confessiones
1337 1148 1518 1188 audiunt
1557 1151 1725 1197 Patres,
1770 1162 1936 1201 eosque

306 1220 603 1258 consolantur.
637 1221 735 1258 Hoc
764 1221 904 1272 ipsum
932 1221 979 1259 fit
999 1221 1041 1258 in
1062 1220 1115 1269 ijs
1138 1220 1209 1270 qui
1229 1219 1272 1258 in
1292 1221 1466 1271 publica
1488 1221 1690 1260 custodia
1710 1233 1936 1259 asseruan-

303 1297 386 1340 tur,
411 1305 595 1343 quorum
618 1299 686 1332 est
706 1305 940 1332 numerosa
961 1294 1101 1339 turba,
1126 1292 1245 1343 quod
1273 1292 1403 1342 hujus
1436 1298 1671 1343 praeturae
1703 1293 1810 1331 ditio
1845 1293 1934 1331 late

304 1369 468 1414 pateat.
493 1365 761 1403 Decantatur
782 1365 865 1403 illis
887 1378 1010 1403 sacra
1031 1364 1231 1403 doctrina
1252 1363 1408 1402 diebus
1429 1364 1611 1403 feriatis.
1643 1365 1871 1403 Habentur
1894 1371 1937 1403 et

305 1435 418 1486 apud
452 1436 549 1474 illos
585 1437 838 1484 conciones,
875 1437 1030 1487 quibus
1066 1437 1171 1475 fecit
1207 1437 1376 1474 initium
1405 1437 1472 1474 Pr.
1512 1437 1877 1477 Nr.7Franciscus
1910 1438 1933 1476 ¹.

304 1508 429 1557 Quae
453 1507 597 1546 omnia
616 1508 903 1547 libentissimo
926 1508 1068 1547 animo
1105 1509 1348 1559 suscipiunt
1384 1513 1427 1546 et
1462 1508 1690 1547 nobiscum
1728 1513 1934 1559 expostu-

304 1579 408 1626 lant,
441 1580 475 1617 si
496 1579 669 1631 quando
693 1581 755 1618 ire
777 1580 1120 1628 intermittimus;
1143 1579 1262 1631 quod
1283 1580 1324 1618 in
1346 1580 1417 1618 illa
1437 1580 1660 1618 hominum
1683 1577 1934 1618 conditione

302 1664 440 1702 prope
462 1651 715 1690 miraculum
739 1652 807 1691 sit.

354 1733 391 1770 3.
452 1723 518 1761 Ad
549 1724 839 1762 confessionis
869 1731 999 1775 atque
1037 1723 1326 1762 eucharistiae
1359 1727 1632 1764 sacramenta
1662 1735 1927 1761 concurren-

303 1795 409 1833 tium
430 1794 472 1832 in
494 1795 587 1833 dies
606 1796 764 1834 crescit
785 1809 1008 1834 numerus.
1038 1796 1161 1834 Haud
1183 1796 1361 1834 dubium
1383 1796 1485 1847 quin
1516 1795 1661 1834 multis
1693 1794 1931 1833 sacerdoti-

304 1867 384 1904 bus
407 1867 654 1905 exhibitura
684 1873 804 1905 esset
834 1869 1061 1919 negotium
1093 1868 1243 1918 populi
1274 1869 1536 1919 frequentia,
1568 1868 1649 1905 nisi
1680 1872 1936 1905 arcerentur

304 1940 453 1977 sacelli
488 1952 637 1990 parum
673 1940 844 1990 capacis
879 1941 1107 1991 angustijs.
1147 1940 1446 1978 Concionatur
1476 1952 1553 1991 per
1586 1939 1782 1978 diuersas
1813 1940 1931 1977 urbis

304 2010 431 2059 hujus
466 2011 668 2048 basilicas
710 2012 778 2049 Pr.
816 2012 1059 2050 Santander
1081 2017 1108 2058 ²,
1146 2012 1275 2061 hujus
1307 2012 1482 2062 collegij
1522 2017 1686 2059 rector;
1721 2011 1775 2049 ad
1805 2023 1934 2063 quem

303 2086 448 2120 tantus
483 2083 529 2120 fit
560 2082 707 2134 populi
739 2096 978 2121 concursus
1009 2089 1185 2135 tamque
1217 2091 1284 2123 est
1316 2085 1531 2131 0010113115,
1565 2085 1742 2122 summis
1773 2084 1935 2134 pariter

303 2159 434 2203 atque
456 2154 626 2201 infimis,
662 2155 756 2203 ejus
787 2155 987 2193 doctrina
1015 2162 1212 2206 accepta,
1247 2162 1292 2194 ut
1322 2169 1478 2207 magna
1510 2156 1564 2194 sit
1594 2157 1636 2194 in
1669 2156 1785 2194 omni
1814 2156 1932 2203 loco,

303 2226 375 2263 ubi
398 2227 467 2263 ille
491 2226 791 2271 concionatur,
816 2227 1039 2265 hominum
1062 2228 1341 2278 constipatio,
1366 2241 1450 2266 nec
1471 2228 1635 2278 templa
1655 2232 1820 2266 tantam
1843 2233 1930 2264 tur-

302 2298 399 2335 bam
422 2298 590 2348 possint
612 2310 785 2348 capere,
811 2311 907 2336 cum
930 2312 1015 2337 non
1038 2299 1141 2337 alias
1164 2300 1301 2338 maior
1324 2300 1378 2337 sit
1403 2300 1767 2337 concionatorum
1791 2299 1930 2348 copia.

356 2381 394 2418 4.
455 2370 735 2407 Conueniunt
758 2370 798 2407 111
820 2376 1013 2408 nostram
1036 2372 1230 2409 scholam
1252 2371 1376 2422 pueri
1398 2370 1452 2408 ad
1475 2375 1651 2408 centum
1683 2375 1727 2408 et
1765 2370 1930 2420 viginti,

303 2439 357 2478 de
381 2440 535 2490 quibus
558 2446 623 2477 cst
645 2441 799 2490 ingens
823 2442 1088 2491 expectatio.
1114 2442 1223 2479 Sunt
1246 2442 1360 2480 enim
1391 2441 1444 2479 ad
1479 2454 1608 2479 vnum
1632 2453 1784 2479 omnes
1808 2453 1932 2491 egre-

302 2512 373 2562 gia
393 2512 521 2549 animi
544 2512 704 2558 indole,
729 2510 800 2561 qui
822 2512 861 2549 in
886 2512 1105 2550 literarum
1125 2513 1294 2561 studijs,
1319 2525 1402 2550 nec
1424 2513 1604 2563 segnius
1626 2511 1814 2558 virtutis,
1835 2524 1931 2549 cum

303 2597 469 2621 summa
503 2589 731 2634 parentum
767 2585 931 2622 laetitia
966 2598 1148 2635 magnos
1182 2585 1346 2623 faciunt
1382 2596 1657 2635 progressus.
1697 2583 1933 2621 Orationes

303 2659 425 2693 certe
455 2655 559 2703 (non
591 2655 682 2692 sine
715 2655 900 2693 maxima
929 2657 1118 2694 omnium
1141 2657 1427 2695 admiratione
1451 2656 1523 2705 qui
1545 2655 1750 2703 literarijs
1772 2655 1932 2692 nostris

304 2727 695 2765 exercitationibus
716 2727 949 2777 intersunt)
973 2728 1163 2766 carmine
1199 2734 1242 2765 ct
1266 2729 1408 2765 soluta
1432 2727 1631 2764 oratione
1664 2731 1931 2775 componunt

351 2871 371 2891 a
419 2872 695 2910 Praecedens
713 2883 752 2909 v.
773 2877 910 2917 supra
929 2882 1121 2909 versum.

354 3021 362 3040 ¹
415 3019 525 3056 Stus.
546 3019 788 3056 Franciscus
810 3017 973 3062 Bor-gia.

351 3081 364 3099 ²
415 3080 459 3117 P.
482 3078 712 3117 Ludovicus
731 3078 974 3114 Santander.
