2038 3400
380 219 449 257 460
841 222 1062 262 LITTERAE
1093 225 1448 271 QUADRlMES'lRES

332 335 432 361 suas
464 325 757 363 conscientias
788 328 1007 376 permulti,
1040 342 1151 378 quos
1182 335 1283 367 ante
1315 335 1485 380 tempus
1516 332 1601 369 hoc
1632 332 1785 370 Patres
1820 333 1956 372 nostri

333 408 476 445 neque
500 395 700 434 uiderant
726 410 870 448 neque
901 399 1171 439 audiuerant.
1207 401 1270 439 Ac
1301 407 1421 440 tanta
1451 401 1719 441 confidentia
1748 403 1802 441 ad
1822 404 1959 455 pedes

334 468 615 506 sacerdotum
645 478 929 509 accesserunt
956 479 1221 517 nostrorum,
1247 479 1293 510 ut
1322 486 1409 511 non
1441 474 1736 513 dubitauerint
1759 476 1959 514 occultis-

334 539 441 577 sima
461 540 630 578 animae
652 553 758 579 suae
779 542 883 592 (quo
907 544 1168 581 sacramenti
1190 544 1373 595 gratiam
1396 551 1773 595 consequerentur
1794 547 1959 585 foelici-

335 612 434 660 ter),
460 612 590 649 etiam
612 625 724 662 quae
739 612 869 664 forte
891 614 1037 665 plures
1060 616 1115 653 ob
1139 628 1292 654 causas
1314 617 1408 665 alijs
1435 630 1653 668 nunquam
1676 619 1767 656 ausi
1789 619 1960 657 fuerant

334 682 598 733 significare,
623 683 810 735 aperire.
834 686 952 724 Inter
987 700 1097 738 quos
1120 689 1327 738 magister
1359 688 1532 739 quidam
1562 690 1805 728 liberalium
1836 690 1960 729 disci-

333 754 544 804 plinarum
565 755 705 794 fassus
729 758 792 795 est
813 758 982 796 cuidam
1005 758 1225 797 sacerdoti
1248 772 1301 797 ex
1323 760 1499 807 nostris,
1525 773 1572 799 se
1593 762 1676 800 iam
1698 775 1775 812 per
1797 763 1961 814 aliquot

332 839 484 873 annos,
518 828 578 864 uti
601 827 680 865 sub
709 834 890 880 utraque
923 832 1071 880 specie
1103 832 1461 879 communicaret,
1493 838 1594 871 octo
1622 846 1826 883 passuum
1848 833 1963 872 milia

333 898 508 936 solitum
529 898 663 938 fuisse
685 900 905 950 proficisci
928 907 960 947 a,
985 902 1056 952 qui
1078 914 1192 940 nunc
1214 902 1388 941 demum
1411 904 1550 954 gratia
1571 905 1668 952 Dei,
1692 905 1961 943 animaduer-

333 981 381 1007 so
405 982 456 1007 ac
477 968 676 1010 abiurato
701 983 865 1019 errore,
892 973 1049 1013 Christi
1069 973 1199 1024 JESV
1221 987 1404 1025 gregem
1427 976 1636 1026 sequitur.
1657 977 1963 1015 Vniuersitatis

334 1041 517 1080 studiosi
552 1055 640 1081 non
674 1044 802 1094 pauci
838 1045 1131 1083 conscientias
1168 1059 1267 1083 suas
1303 1046 1355 1084 ad
1395 1052 1646 1086 nostrorum
1683 1048 1961 1086 sacerdotum

331 1113 468 1163 pedes
490 1115 698 1165 prostrati
719 1116 1012 1154 sacratissimo
1032 1118 1331 1166 poenitentiae
1355 1124 1629 1157 sacramento
1650 1126 1960 1167 exonerantes,

334 1186 573 1224 alacriores
594 1187 753 1238 (gratia
783 1188 849 1226 Xi.
883 1201 960 1239 per
996 1194 1316 1226 sacramentum
1345 1190 1568 1241 suscepta)
1590 1195 1635 1228 ut
1658 1191 1676 1215 b
1708 1191 1823 1229 uitae
1855 1192 1963 1229 chri-

334 1257 501 1295 stianae
535 1258 887 1310 perfectionique
924 1261 1062 1298 multo
1099 1273 1226 1311 quam
1263 1266 1393 1299 antea
1427 1260 1678 1312 diligentius
1717 1262 1960 1313 inuigilent,

335 1342 534 1377 euasere,
568 1342 619 1369 ac
650 1343 704 1369 ex
736 1331 1009 1370 sanctissimo
1035 1333 1250 1371 ecclesiae
1274 1334 1472 1371 instituto
1496 1333 1549 1371 ad
1572 1334 1745 1383 Dominj
1769 1347 1962 1373 mensam

331 1399 615 1449 accedentes,
640 1403 1066 1454 sacratissimumque
1090 1417 1247 1455 corpus
1269 1404 1534 1443 dominicum
1566 1404 1800 1444 christiana
1828 1406 1962 1456 pieta-

333 1478 377 1510 te
399 1473 683 1524 accipientes,
723 1474 1074 1514 confirmatiores
1096 1476 1209 1525 (Deo
1234 1477 1343 1525 laus)
1372 1490 1468 1514 cum
1495 1477 1673 1527 reliquis
1695 1484 1712 1502 0
1739 1476 1960 1523 omnibus,

333 1546 404 1596 qui
427 1546 446 1570 d
467 1546 823 1597 frequentissime
846 1547 887 1585 in
910 1548 995 1586 hoc
1016 1548 1192 1598 pietatis
1215 1561 1347 1586 uerae
1370 1561 1421 1586 ac
1442 1548 1668 1599 religionis
1704 1549 1963 1587 christianae

336 1618 549 1656 exercitio
587 1625 617 1660 θ,
655 1631 764 1657 nam
805 1618 1041 1669 utriusque
1079 1632 1211 1658 sexus
1250 1632 1389 1669 neque
1427 1619 1650 1671 uulgaris
1689 1620 1964 1659 conditionis

335 1690 515 1727 tantum
528 1688 666 1740 fuere
687 1688 838 1741 socijs,
864 1689 1017 1729 domus
1040 1704 1140 1728 suas
1171 1691 1274 1729 laeti
1306 1691 1625 1741 repetiuerant.
1658 1691 1741 1730 Hic
1776 1692 1829 1730 de
1865 1705 1963 1730 nos-

333 1762 410 1799 tris
433 1762 708 1800 scholasticis
743 1762 847 1800 nihil
883 1763 1053 1813 loquor,
1078 1775 1262 1812 quorum
1293 1763 1445 1801 itidem
1466 1749 1597 1813 aliqui
1620 1764 1836 1802 haeresim
1868 1776 1964 1802 cum

334 1838 456 1871 tanto
479 1833 640 1885 gaudio
663 1833 969 1880 deseruerunt,
997 1840 1041 1871 ut
1070 1846 1154 1885 ego
1177 1835 1271 1885 ipse
1303 1834 1560 1882 audiuerim,
1593 1848 1681 1872 non
1711 1835 1803 1873 sine
1834 1835 1965 1873 animi

335 1907 565 1956 uoluptate
586 1919 610 1944 a
631 1905 835 1957 quodam,
860 1919 906 1943 se
938 1905 1018 1943 nisi
1040 1906 1235 1944 uenisset
1257 1906 1310 1944 ad
1332 1907 1506 1945 scholas
1527 1912 1716 1954 nostras,
1740 1907 1780 1944 in
1814 1920 1961 1945 errore

334 1978 591 2016 moriturum
621 1977 771 2024 fuisse3
804 1990 868 2023 ac,
903 1983 948 2015 ut
979 1978 1127 2028 paucis
1159 1979 1292 2016 multa
1323 1977 1736 2029 compraehendam‚
1771 1984 1836 2016 tot
1866 1984 1963 2016 sunt

334 2049 541 2096 confessi,
567 2055 612 2087 ut
634 2049 738 2087 totis
759 2048 841 2087 illis
859 2047 1013 2087 diebus
1037 2050 1107 2087 uix
1131 2051 1345 2088 tantillum
1367 2051 1578 2100 temporis
1596 2050 1788 2100 spacium
1812 2051 1964 2088 Patres

335 2119 388 2159 ad
406 2120 650 2159 audiendos
667 2120 938 2158 domesticos
955 2121 1203 2168 habuerint3
1232 2122 1243 2145 f
1265 2121 1508 2159 confessuri
1524 2122 1670 2172 plures
1691 2128 1727 2168 g,
1752 2121 1787 2159 si
1803 2135 1880 2173 per
1894 2135 1962 2160 co-

336 2194 449 2243 piam
472 2192 753 2232 sacerdotum
785 2193 995 2231 licuisset.
1023 2194 1169 2242 Quare
1193 2194 1262 2232 hic
1290 2206 1396 2231 uere
1428 2193 1577 2232 dicere
1608 2206 1839 2244 possumus
1860 2194 1963 2232 illud

336 2265 616 2304 dominicum:
659 2264 813 2302 Messis
855 2264 1029 2314 quidem
1067 2265 1214 2311 multa,
1255 2265 1439 2315 operarij
1482 2277 1589 2303 uero
1626 2265 1767 2315 pauci3
1809 2271 1962 2315 rogate

336 2337 466 2388 igitur
497 2336 729 2374 Dominum
767 2336 936 2382 messis,
974 2341 1018 2373 ut
1054 2337 1198 2374 mittat
1234 2337 1459 2387 operarios
1494 2336 1537 2374 in
1559 2349 1747 2374 messem
1784 2349 1903 2374 suam
1938 2340 1960 2374 ¹.

337 2407 467 2457 Quod
489 2407 543 2445 ad
575 2407 813 2445 conciones
835 2408 1006 2453 attinet,
1032 2408 1169 2445 uerbo
1203 2407 1447 2457 expediam.
1475 2408 1557 2445 Per
1589 2412 1726 2445 totam
1748 2413 1963 2445 aestatem

335 2492 541 2517 numerus
563 2478 810 2516 auditorum
834 2479 875 2516 in
906 2480 1070 2529 templo
1107 2485 1258 2517 nostro
1282 2479 1432 2529 augeri
1456 2479 1574 2516 uisus
1598 2484 1664 2517 est
1686 2477 1739 2516 ad
1774 2480 1963 2517 natalem

335 2563 473 2601 usque
498 2550 686 2599 Dominj‚
711 2551 771 2588 ita
792 2556 838 2587 ut
859 2550 952 2600 ipso
971 2550 1042 2587 die
1058 2556 1227 2597 sancto,
1249 2554 1367 2588 tanta
1384 2550 1615 2588 multitudo
1635 2550 1780 2597 fuerit,
1804 2558 1964 2601 quanta

334 2621 376 2660 in
397 2622 524 2660 nullis
541 2622 753 2659 hactenus
772 2622 819 2659 R.
842 2621 980 2659 Patris
1000 2621 1218 2659 Lamberti
1235 2624 1247 2643 ²
1263 2621 1549 2660 concionibus
1565 2620 1755 2659 adfuisse
1775 2621 1866 2659 uisa
1879 2627 1961 2661 est.

383 2756 401 2774 a
455 2747 590 2785 Prius
610 2747 779 2794 profisci.
835 2746 899 2772 —b
921 2751 963 2783 ut
982 2751 1121 2792 snpra
1140 2757 1248 2783 vers.
1302 2754 1366 2772 ——c
1391 2746 1598 2791 vtriusque
1623 2758 1744 2782 sexus
1775 2759 1849 2782 nce
1881 2749 1962 2784 vul-

334 2809 445 2855 garis
464 2814 619 2845 tantum
634 2806 883 2843 conditionis.
941 2806 1006 2831 —d
1039 2806 1216 2843 Videtur
1230 2806 1399 2843 emend.
1418 2816 1469 2843 ex
1482 2817 1594 2852 quos.
1650 2812 1713 2830 —e
1735 2813 1962 2844 versantur.

336 2868 394 2893 ——f
426 2873 478 2905 et.
532 2874 602 2900 —g
623 2870 751 2903 erant.

386 2991 393 3009 ¹
448 2986 892 3031 MA11-Tn.‚1X,37-38.

385 3048 397 3067 ²
447 3047 492 3084 P.
514 3046 759 3083 Lambertus
777 3044 905 3082 Auer.
