2038 3400
512 224 796 262 419.—PRAGA
823 224 842 260 4
871 223 1132 261 SEPTEMBRIS
1160 221 1250 258 1560
1578 219 1646 255 815

71 329 302 378 judeorum
325 329 455 367 etiam
478 329 711 379 praecipue
743 328 980 366 declarant.
1016 328 1140 373 Nam,
1168 331 1214 363 ut
1249 324 1303 362 de
1334 324 1437 360 solis
1467 322 1611 371 judeis
1635 322 1691 358 lo-

76 413 195 449 quar,
219 399 392 450 quando
416 400 621 437 sereniss.
646 398 849 449 principis
872 397 1074 436 mandato
1098 397 1231 434 libros
1254 407 1406 432 omnes
1435 393 1692 430 haebraicos

75 471 128 509 ad
150 484 228 509 nos
250 471 424 509 deferre
446 471 715 516 iuberentur,
739 482 824 520 quo
861 470 913 506 ab
936 469 1031 515 illis,
1056 468 1211 518 quibus
1234 470 1405 503 scatere
1429 463 1628 501 dicuntur
1653 464 1692 499 in

77 542 296 581 Christum
332 541 578 588 Dominum,
616 542 657 577 in
680 541 730 578 D.
768 541 991 590 Virginem
1029 544 1072 576 et
1106 539 1148 575 in
1184 535 1442 575 christianos
1478 534 1692 580 homines,

79 613 359 663 blasphemijs
380 613 450 650 hic
470 618 776 662 purgarentur3
797 610 917 660 judei
939 610 1167 661 plurimum
1188 608 1329 659 ganisi
1360 607 1529 656 sibique
1552 611 1695 656 gratu-

78 684 149 721 lati
173 689 287 730 sunt,
307 683 424 734 quod
446 683 541 720 libri
558 683 684 720 nobis
701 683 859 733 potius,
879 694 1005 732 quain
1024 681 1117 730 alijs
1135 678 1382 730 corrigendi
1402 677 1694 715 traderentur.

78 753 200 792 Vnde
223 754 533 791 molestissime
563 754 755 791 tulerunt
786 752 903 803 quod
924 765 1004 789 nos
1025 765 1049 789 a
1070 757 1191 789 tanto
1223 749 1546 801 purgandorum
1570 747 1697 785 libro-

76 839 170 864 rum
193 839 342 872 onere,
367 831 573 876 quantum
595 838 682 863 non
705 825 935 862 uidebatur
965 836 1095 874 posse
1128 821 1364 873 collegium
1396 824 1593 858 nostrum
1614 819 1696 857 iam

78 897 237 944 subire,
256 897 460 935 sereniss.
479 896 682 947 principis
700 908 918 934 consensu
936 902 954 919 ³
975 894 1321 932 liberauerimus.
1340 892 1507 931 Omitto
1524 891 1594 929 hic
1609 891 1699 941 plu-

78 967 284 1005 rimorum
305 967 514 1005 nobilium
536 967 797 1005 hussitarum
820 966 1083 1016 singularem
1107 977 1212 1016 erga
1232 977 1312 1002 nos
1333 963 1547 1008 fauorem,
1571 973 1699 1012 quem

78 1039 271 1077 nonnulli
292 1039 334 1076 in
356 1051 410 1077 eo
433 1038 749 1084 demonstrant,
774 1049 884 1087 quos
905 1050 986 1075 nos
1007 1036 1059 1074 ad
1081 1035 1260 1088 prandia
1280 1036 1351 1074 uel
1368 1033 1593 1072 familiaria
1614 1033 1700 1070 col-

79 1110 225 1160 loquia
245 1122 551 1160 nonnunquam
574 1114 752 1155 uocent,
776 1108 845 1157 alij
870 1121 977 1146 uero
1000 1108 1074 1157 (ex
1096 1107 1251 1157 quibus
1271 1106 1516 1157 primatem,
1549 1110 1596 1141 ut
1626 1116 1700 1140 uo-

81 1186 194 1228 cant,
220 1179 408 1219 ciuitatis
442 1180 668 1230 pragensis
702 1180 951 1217 nominasse
973 1179 1078 1216 satis
1107 1178 1233 1228 puto)
1255 1189 1302 1215 se
1323 1177 1444 1227 ipsos
1472 1175 1699 1224 omniaque

80 1264 157 1289 sua
177 1251 303 1289 nobis
323 1250 562 1289 liberaliter
586 1250 787 1297 offerant,
813 1255 857 1287 et
878 1261 989 1300 quae
1011 1249 1200 1300 petimus
1220 1261 1298 1299 pro
1331 1260 1408 1285 sua
1428 1247 1634 1285 facultate
1657 1245 1702 1282 li-

80 1323 235 1360 benter
254 1327 495 1373 praestent.
519 1323 584 1361 De
608 1321 923 1360 catholicorum
945 1326 1091 1359 autem
1115 1333 1220 1371 erga
1240 1332 1320 1357 nos
1342 1319 1495 1357 fauore
1516 1317 1619 1355 nihil
1641 1322 1702 1354 at-

80 1393 188 1433 tinet
211 1394 420 1441 seribere,
445 1406 542 1432 cum
564 1395 607 1433 S.
632 1393 682 1432 C.
707 1393 763 1432 M.
789 1399 832 1431 et
854 1393 1059 1431 sereniss.
1084 1392 1321 1443 principem
1343 1396 1539 1429 nostrum
1561 1390 1625 1438 (ut
1648 1388 1702 1425 de

81 1465 176 1514 alijs
210 1466 399 1513 taceam)
435 1466 517 1503 iam
551 1478 638 1503 non
672 1464 868 1502 fautores
899 1469 1066 1502 tantum
1099 1464 1169 1501 uel
1200 1468 1424 1513 patronos,
1449 1461 1527 1499 sed
1556 1464 1704 1510 patres

83 1537 212 1574 etiarn
235 1537 525 1587 experiamur.
550 1535 658 1574 Illud
680 1548 776 1574 cum
799 1535 919 1582 alias,
942 1539 1034 1572 tum
1055 1546 1193 1585 nuper
1214 1533 1445 1584 perspicue
1463 1531 1702 1569 declarauit

82 1608 287 1646 sereniss.
320 1607 537 1658 princeps,
570 1606 742 1658 quando
774 1606 1043 1644 familiariter
1081 1610 1125 1643 et
1147 1605 1220 1643 diu
1243 1617 1339 1643 cum
1362 1605 1414 1641 R.
1445 1605 1492 1642 P.
1529 1603 1704 1641 Prouin-

84 1679 178 1717 ciali
215 1678 269 1716 de
305 1679 435 1716 rebus
469 1677 630 1716 nostris
667 1677 889 1716 conferret
916 1677 950 1724 b,
984 1682 1034 1731 et
1062 1689 1173 1727 quae
1205 1676 1451 1714 contulerat
1473 1681 1504 1721 0,
1537 1674 1628 1724 ipsa
1658 1686 1703 1710 re

82 1754 238 1800 postea
259 1749 278 1774 <1
306 1749 539 1800 diligenter
568 1753 816 1799 exequutus
838 1755 871 1796 e;
890 1748 1096 1799 quodque
1116 1760 1213 1785 eum
1230 1746 1459 1797 postridie,
1479 1750 1704 1795 quantum·
1737 1762 1740 1766 ¹

84 1821 189 1859 libet
210 1820 477 1872 grauissimis
501 1825 739 1871 occupatus
759 1820 968 1871 negotijs,
1004 1831 1080 1857 sua
1114 1824 1277 1869 sponte'
1302 1822 1535 1856 reuocaret
1565 1815 1618 1853 ad
1640 1827 1703 1861 se,

87 1904 137 1930 ac
158 1891 409 1943 diligentius
445 1903 542 1929 curn
572 1892 666 1941 ipso
697 1890 750 1929 de
783 1890 913 1929 rebus
943 1889 1200 1941 quibusdam
1224 1888 1538 1927 secretioribus
1566 1887 1577 1911 f
1610 1899 1704 1937 per-

85 1968 309 2001 tractaret.

137 2045 175 2083 7.
234 2035 395 2072 Verum
416 2034 530 2072 inter
551 2034 661 2072 haec
684 2034 827 2072 omnia
856 2032 1089 2084 diligenter
1119 2033 1397 2071 nihilominus
1428 2037 1605 2069 nostrae
1642 2043 1705 2068 sa-

85 2105 184 2144 lutis
204 2105 481 2143 aduersarius
503 2105 726 2156 aduigilat‚
745 2105 832 2142 imo
854 2110 1062 2155 quantum
1097 2109 1245 2155 potest
1266 2116 1343 2154 per
1366 2116 1469 2141 suos
1490 2110 1526 2149 Ξ,
1551 2103 1706 2152 quibus

85 2177 274 2215 abundat
299 2177 524 2222 Bohemia,
549 2176 775 2223 satellites,
801 2176 961 2215 Christi
983 2174 1079 2213 Dni.
1104 2187 1287 2226 regnum
1310 2175 1554 2212 disturbare
1575 2186 1627 2211 ac
1647 2173 1706 2211 di-

87 2249 282 2286 minuere
318 2248 491 2298 satagit.
517 2247 703 2297 Quidam
734 2248 847 2285 enirn
880 2247 1210 2298 loquacissimus
1240 2246 1457 2296 parochus
1491 2246 1707 2283 bohemus

86 2319 199 2370 apud
220 2319 264 2357 S.
289 2318 525 2356 Henricum
547 2318 758 2369 gloriatur
781 2331 827 2356 se
850 2318 1024 2356 circiter
1048 2328 1123 2366 500
1145 2318 1387 2356 catholicos
1413 2318 1499 2355 hoc
1520 2329 1630 2354 anno
1654 2317 1706 2353 ab

89 2390 335 2429 orthodoxa
355 2390 570 2441 religione
592 2390 645 2427 ad
663 2390 930 2428 haereticam
948 2389 1175 2440 perfidiam
1194 2388 1439 2426 seduxisse.
1461 2389 1557 2426 Hoc
1580 2388 1613 2425 si
1635 2399 1707 2424 ue-

87 2475 180 2499 rum
204 2467 285 2508 est,
308 2461 426 2512 quod
449 2461 567 2498 Deus
589 2464 773 2507 auertat,
798 2467 921 2498 certe
942 2460 1069 2498 nobis
1090 2473 1177 2498 non
1195 2459 1372 2498 dolendi
1395 2459 1543 2506 modo,
1563 2458 1641 2497 sed
1665 2464 1707 2495 et

88 2538 240 2570 contra
259 2531 425 2569 nitendi
447 2532 660 2581 (quamuis
682 2532 896 2569 uoluntati
918 2531 1101 2569 facultas
1125 2531 1178 2568 sit
1199 2531 1352 2580 impar)
1374 2530 1562 2568 maxima
1587 2542 1708 2579 prae-

87 2604 217 2642 betur
239 2603 428 2649 occasio,
453 2615 538 2653 quo
562 2607 605 2640 et
627 2608 775 2652 raptae
799 2603 959 2641 Christi
981 2615 1088 2640 oues
1106 2615 1185 2639 suo
1204 2602 1390 2639 Domino
1407 2601 1706 2646 restituantur,

89 2680 146 2721 et,
171 2687 280 2725 quae
303 2675 345 2712 in
365 2675 458 2725 ipso
482 2675 624 2712 adhuc
647 2674 749 2711 ouili
770 2673 951 2724 degunt,
977 2679 1313 2719 conseruentur3
1346 2679 1405 2718 et,
1430 2685 1539 2723 quae
1564 2672 1708 2710 multis

135 2848 154 2867 a
204 2848 356 2884 Praec.
377 2858 414 2884 v.
438 2849 483 2883 in
503 2857 642 2892 marg.
665 2847 759 2883 ead.
785 2857 936 2883 mann.
990 2848 1054 2872 —b
1094 2847 1273 2883 Videtur
1298 2846 1467 2882 emend.
1499 2857 1548 2882 ex
1575 2850 1707 2881 eontu-

90 2908 195 2944 lerit.
249 2915 311 2932 -0
334 2906 522 2944 obscure
551 2910 797 2943 exaratum.
853 2907 919 2931 —d
945 2912 1084 2952 postea
1116 2913 1255 2952 supra
1285 2917 1394 2942 vers.
1429 2905 1524 2941 ead.
1555 2916 1707 2950 manu,

89 2966 212 3003 delet.
233 2967 296 3003 sit.
350 2974 413 2991 κθ
438 2966 625 3003 Obscure
643 2969 888 3002 exaratum.
943 2966 1000 2990 ——f
1028 2966 1119 3012 Seq.
1142 2966 1223 3001 del.
1245 2976 1283 3002 v.
1305 2965 1420 3010 qnod
1440 2964 1523 3007 lege·
1548 2965 1707 3011 nequit.

92 3033 159 3057 -Ψ
179 3025 291 3062 2υυ.
313 3031 454 3071 praec,
475 3030 611 3071 supra
631 3036 739 3062 vers.
