<?xml version="1.0" encoding="UTF-8"?>
<!DOCTYPE html PUBLIC "-//W3C//DTD XHTML 1.0 Transitional//EN"
    "http://www.w3.org/TR/xhtml1/DTD/xhtml1-transitional.dtd">
<html xmlns="http://www.w3.org/1999/xhtml" xml:lang="en" lang="en">
 <head>
  <title>
</title>
<meta http-equiv="Content-Type" content="text/html;charset=utf-8" />
  <meta name='ocr-system' content='tesseract 3.04.00' />
  <meta name='ocr-capabilities' content='ocr_page ocr_carea ocr_par ocr_line ocrx_word'/>
</head>
<body>
  <div class='ocr_page' id='page_1' title='image "./litteraequadrime18lain_0191.png"; bbox 0 0 2038 3400; ppageno 0'>
   <div class='ocr_carea' id='block_1_1' title="bbox 642 221 1745 270">
    <p class='ocr_par' dir='ltr' id='par_1_1' title="bbox 642 221 1745 270">
     <span class='ocr_line' id='line_1_1' title="bbox 642 221 1745 270; baseline 0.001 -10"><span class='ocrx_word' id='word_1_1' title='bbox 642 221 1027 261; x_wconf 69' lang='lat' dir='ltr'>257.—V1xDoBONA</span> <span class='ocrx_word' id='word_1_2' title='bbox 1061 222 1073 259; x_wconf 88' lang='lat' dir='ltr'>l</span> <span class='ocrx_word' id='word_1_3' title='bbox 1106 222 1213 270; x_wconf 79' lang='lat' dir='ltr'><strong>MAJI</strong></span> <span class='ocrx_word' id='word_1_4' title='bbox 1243 222 1332 259; x_wconf 74' lang='lat'>1559</span> <span class='ocrx_word' id='word_1_5' title='bbox 1681 223 1745 262; x_wconf 83' lang='lat'>173</span> 
     </span>
    </p>
   </div>
   <div class='ocr_carea' id='block_1_2' title="bbox 244 321 1796 508">
    <p class='ocr_par' dir='ltr' id='par_1_2' title="bbox 244 321 1796 508">
     <span class='ocr_line' id='line_1_2' title="bbox 244 321 1789 376; baseline -0.001 -13"><span class='ocrx_word' id='word_1_6' title='bbox 244 324 385 376; x_wconf 82' lang='lat' dir='ltr'>fama</span> <span class='ocrx_word' id='word_1_7' title='bbox 404 321 551 363; x_wconf 74' lang='lat' dir='ltr'>variis</span> <span class='ocrx_word' id='word_1_8' title='bbox 571 323 782 374; x_wconf 74' lang='lat' dir='ltr'>exemplis</span> <span class='ocrx_word' id='word_1_9' title='bbox 808 323 1274 362; x_wconf 53' lang='lat' dir='ltr'>demonstratum—11.</span> <span class='ocrx_word' id='word_1_10' title='bbox 1300 323 1535 375; x_wconf 72' lang='lat' dir='ltr'>Religiosa</span> <span class='ocrx_word' id='word_1_11' title='bbox 1562 326 1789 363; x_wconf 68' lang='lat' dir='ltr'>comoedia</span> 
     </span>
     <span class='ocr_line' id='line_1_3' title="bbox 252 388 1796 441; baseline -0.001 -13"><span class='ocrx_word' id='word_1_12' title='bbox 252 402 424 441; x_wconf 80' lang='lat' dir='ltr'>magno</span> <span class='ocrx_word' id='word_1_13' title='bbox 446 389 684 428; x_wconf 72' lang='lat' dir='ltr'>hominnm</span> <span class='ocrx_word' id='word_1_14' title='bbox 705 401 930 428; x_wconf 74' lang='lat' dir='ltr'><em>concursu</em></span> <span class='ocrx_word' id='word_1_15' title='bbox 951 391 991 428; x_wconf 76' lang='lat' dir='ltr'>et</span> <span class='ocrx_word' id='word_1_16' title='bbox 1022 389 1246 438; x_wconf 73' lang='lat' dir='ltr'>applausu</span> <span class='ocrx_word' id='word_1_17' title='bbox 1278 389 1343 426; x_wconf 76' lang='lat' dir='ltr'>bis</span> <span class='ocrx_word' id='word_1_18' title='bbox 1375 388 1551 439; x_wconf 70' lang='lat' dir='ltr'>agitur.</span> <span class='ocrx_word' id='word_1_19' title='bbox 1587 390 1796 440; x_wconf 70' lang='lat' dir='ltr'>Episcopi</span> 
     </span>
     <span class='ocr_line' id='line_1_4' title="bbox 251 454 1044 508; baseline -0.001 -14"><span class='ocrx_word' id='word_1_20' title='bbox 251 455 508 508; x_wconf 73' lang='lat' dir='ltr'><em>hungarici</em></span> <span class='ocrx_word' id='word_1_21' title='bbox 527 468 644 507; x_wconf 79' lang='lat' dir='ltr'>erga</span> <span class='ocrx_word' id='word_1_22' title='bbox 663 455 810 494; x_wconf 78' lang='lat' dir='ltr'>socios</span> <span class='ocrx_word' id='word_1_23' title='bbox 832 454 1044 494; x_wconf 76' lang='lat' dir='ltr'><em>benevoli.</em></span> 
     </span>
    </p>
   </div>
   <div class='ocr_carea' id='block_1_3' title="bbox 169 578 1807 2346">
    <p class='ocr_par' dir='ltr' id='par_1_3' title="bbox 169 578 1806 1975">
     <span class='ocr_line' id='line_1_5' title="bbox 230 578 1797 631; baseline -0.001 -13"><span class='ocrx_word' id='word_1_24' title='bbox 230 592 264 618; x_wconf 84' lang='grc' dir='ltr'>Ι.</span> <span class='ocrx_word' id='word_1_25' title='bbox 323 583 350 631; x_wconf 85' lang='lat'><strong>†</strong></span> <span class='ocrx_word' id='word_1_26' title='bbox 375 581 466 630; x_wconf 90' lang='lat' dir='ltr'>Jhs.</span> <span class='ocrx_word' id='word_1_27' title='bbox 500 581 703 618; x_wconf 88' lang='lat' dir='ltr'>Breuiter</span> <span class='ocrx_word' id='word_1_28' title='bbox 733 579 788 618; x_wconf 91' lang='lat' dir='ltr'>de</span> <span class='ocrx_word' id='word_1_29' title='bbox 819 579 883 617; x_wconf 92' lang='lat' dir='ltr'>his</span> <span class='ocrx_word' id='word_1_30' title='bbox 914 592 1025 631; x_wconf 90' lang='lat' dir='ltr'>quae</span> <span class='ocrx_word' id='word_1_31' title='bbox 1057 579 1202 617; x_wconf 88' lang='lat' dir='ltr'>diuina</span> <span class='ocrx_word' id='word_1_32' title='bbox 1236 579 1408 617; x_wconf 83' lang='lat' dir='ltr'>bonitas</span> <span class='ocrx_word' id='word_1_33' title='bbox 1438 592 1515 629; x_wconf 91' lang='lat' dir='ltr'>per</span> <span class='ocrx_word' id='word_1_34' title='bbox 1551 578 1652 616; x_wconf 86' lang='lat' dir='ltr'>uilia</span> <span class='ocrx_word' id='word_1_35' title='bbox 1686 580 1797 617; x_wconf 82' lang='lat' dir='ltr'>haec</span> 
     </span>
     <span class='ocr_line' id='line_1_6' title="bbox 173 650 1798 702; baseline 0 -14"><span class='ocrx_word' id='word_1_36' title='bbox 173 652 461 689; x_wconf 89' lang='lat' dir='ltr'>instrumenta</span> <span class='ocrx_word' id='word_1_37' title='bbox 479 664 556 689; x_wconf 88' lang='lat' dir='ltr'>sua</span> <span class='ocrx_word' id='word_1_38' title='bbox 578 652 750 702; x_wconf 86' lang='lat' dir='ltr'>operari</span> <span class='ocrx_word' id='word_1_39' title='bbox 771 651 948 702; x_wconf 82' lang='lat' dir='ltr'>dignata</span> <span class='ocrx_word' id='word_1_40' title='bbox 975 656 1056 698; x_wconf 88' lang='lat' dir='ltr'>est,</span> <span class='ocrx_word' id='word_1_41' title='bbox 1087 651 1340 701; x_wconf 87' lang='lat' dir='ltr'>scripturus,</span> <span class='ocrx_word' id='word_1_42' title='bbox 1366 650 1473 687; x_wconf 83' lang='lat' dir='ltr'>Rde.</span> <span class='ocrx_word' id='word_1_43' title='bbox 1499 651 1539 687; x_wconf 84' lang='lat' dir='ltr'>in</span> <span class='ocrx_word' id='word_1_44' title='bbox 1564 651 1694 688; x_wconf 84' lang='lat' dir='ltr'>Chro.</span> <span class='ocrx_word' id='word_1_45' title='bbox 1723 652 1798 688; x_wconf 83' lang='lat' dir='ltr'>Pa-</span> 
     </span>
     <span class='ocr_line' id='line_1_7' title="bbox 171 721 1799 772; baseline 0 -12"><span class='ocrx_word' id='word_1_46' title='bbox 171 727 255 769; x_wconf 89' lang='lat' dir='ltr'>ter,</span> <span class='ocrx_word' id='word_1_47' title='bbox 279 735 303 760; x_wconf 91' lang='lat' dir='ltr'>a</span> <span class='ocrx_word' id='word_1_48' title='bbox 325 722 617 772; x_wconf 82' lang='lat' dir='ltr'>spiritualibus</span> <span class='ocrx_word' id='word_1_49' title='bbox 641 722 864 771; x_wconf 85' lang='lat' dir='ltr'>exercitijs</span> <span class='ocrx_word' id='word_1_50' title='bbox 885 722 1052 760; x_wconf 89' lang='lat' dir='ltr'>initium</span> <span class='ocrx_word' id='word_1_51' title='bbox 1083 735 1264 760; x_wconf 86' lang='lat' dir='ltr'>sumam.</span> <span class='ocrx_word' id='word_1_52' title='bbox 1302 721 1392 769; x_wconf 56' lang='lat' dir='ltr'>[Ait</span> <span class='ocrx_word' id='word_1_53' title='bbox 1423 734 1579 760; x_wconf 79' lang='lat' dir='ltr'>omnes</span> <span class='ocrx_word' id='word_1_54' title='bbox 1609 721 1799 760; x_wconf 72' lang='lat' dir='ltr'>virtutes</span> 
     </span>
     <span class='ocr_line' id='line_1_8' title="bbox 174 792 1797 845; baseline -0.002 -13"><span class='ocrx_word' id='word_1_55' title='bbox 174 794 228 832; x_wconf 81' lang='lat' dir='ltr'>ab</span> <span class='ocrx_word' id='word_1_56' title='bbox 251 793 457 832; x_wconf 73' lang='lat' dir='ltr'>omnibus</span> <span class='ocrx_word' id='word_1_57' title='bbox 479 793 680 832; x_wconf 72' lang='lat' dir='ltr'>exerceri</span> <span class='ocrx_word' id='word_1_58' title='bbox 700 792 980 845; x_wconf 50' lang='lat' dir='ltr'>diligenter}</span> <span class='ocrx_word' id='word_1_59' title='bbox 1004 793 1103 832; x_wconf 91' lang='lat' dir='ltr'>Non</span> <span class='ocrx_word' id='word_1_60' title='bbox 1124 805 1274 843; x_wconf 88' lang='lat' dir='ltr'>parum</span> <span class='ocrx_word' id='word_1_61' title='bbox 1303 797 1450 830; x_wconf 86' lang='lat' dir='ltr'>autem</span> <span class='ocrx_word' id='word_1_62' title='bbox 1482 793 1534 830; x_wconf 81' lang='lat' dir='ltr'>ad</span> <span class='ocrx_word' id='word_1_63' title='bbox 1567 794 1677 830; x_wconf 87' lang='lat' dir='ltr'>hanc</span> <span class='ocrx_word' id='word_1_64' title='bbox 1707 805 1797 829; x_wconf 89' lang='lat' dir='ltr'>rem</span> 
     </span>
     <span class='ocr_line' id='line_1_9' title="bbox 171 863 1798 904; baseline -0.001 -1"><span class='ocrx_word' id='word_1_65' title='bbox 171 865 334 903; x_wconf 90' lang='lat' dir='ltr'>iuuisse</span> <span class='ocrx_word' id='word_1_66' title='bbox 367 865 571 903; x_wconf 85' lang='lat' dir='ltr'>existimo</span> <span class='ocrx_word' id='word_1_67' title='bbox 605 865 792 904; x_wconf 73' lang='lat' dir='ltr'>diuinas</span> <span class='ocrx_word' id='word_1_68' title='bbox 824 865 934 904; x_wconf 79' lang='lat' dir='ltr'>illas</span> <span class='ocrx_word' id='word_1_69' title='bbox 964 863 1057 904; x_wconf 82' lang='lat' dir='ltr'>Rdi.</span> <span class='ocrx_word' id='word_1_70' title='bbox 1094 865 1200 903; x_wconf 78' lang='lat' dir='ltr'>Fris.</span> <span class='ocrx_word' id='word_1_71' title='bbox 1234 865 1312 902; x_wconf 88' lang='lat' dir='ltr'>nri.</span> <span class='ocrx_word' id='word_1_72' title='bbox 1348 870 1524 902; x_wconf 83' lang='lat' dir='ltr'>sanctae</span> <span class='ocrx_word' id='word_1_73' title='bbox 1560 865 1798 902; x_wconf 75' lang='lat' dir='ltr'>memoriae</span> 
     </span>
     <span class='ocr_line' id='line_1_10' title="bbox 172 935 1797 987; baseline -0.002 -13"><span class='ocrx_word' id='word_1_74' title='bbox 172 936 325 987; x_wconf 85' lang='lat' dir='ltr'>Ignatij</span> <span class='ocrx_word' id='word_1_75' title='bbox 351 935 666 975; x_wconf 72' lang='lat' dir='ltr'>meditationes</span> <span class='ocrx_word' id='word_1_76' title='bbox 685 938 718 983; x_wconf 58' lang='lat' dir='ltr'>a,</span> <span class='ocrx_word' id='word_1_77' title='bbox 738 936 892 986; x_wconf 88' lang='lat' dir='ltr'>quibus</span> <span class='ocrx_word' id='word_1_78' title='bbox 909 937 995 974; x_wconf 91' lang='lat' dir='ltr'>hoc</span> <span class='ocrx_word' id='word_1_79' title='bbox 1017 942 1196 974; x_wconf 86' lang='lat' dir='ltr'>sanctae</span> <span class='ocrx_word' id='word_1_80' title='bbox 1215 935 1578 985; x_wconf 77' lang='lat' dir='ltr'>quadragesimae</span> <span class='ocrx_word' id='word_1_81' title='bbox 1597 942 1797 985; x_wconf 87' lang='lat' dir='ltr'>tempore</span> 
     </span>
     <span class='ocr_line' id='line_1_11' title="bbox 175 1006 1800 1058; baseline -0.002 -12"><span class='ocrx_word' id='word_1_82' title='bbox 175 1008 423 1058; x_wconf 83' lang='lat' dir='ltr'>complures</span> <span class='ocrx_word' id='word_1_83' title='bbox 460 1020 514 1045; x_wconf 83' lang='lat' dir='ltr'>ex</span> <span class='ocrx_word' id='word_1_84' title='bbox 549 1008 769 1055; x_wconf 81' lang='lat' dir='ltr'>fratribus,</span> <span class='ocrx_word' id='word_1_85' title='bbox 807 1008 902 1056; x_wconf 86' lang='lat' dir='ltr'>alijs</span> <span class='ocrx_word' id='word_1_86' title='bbox 936 1007 1109 1045; x_wconf 82' lang='lat' dir='ltr'>interim</span> <span class='ocrx_word' id='word_1_87' title='bbox 1142 1007 1504 1057; x_wconf 71' lang='lat' dir='ltr'>occupationibus</span> <span class='ocrx_word' id='word_1_88' title='bbox 1539 1006 1593 1043; x_wconf 87' lang='lat' dir='ltr'>ad</span> <span class='ocrx_word' id='word_1_89' title='bbox 1629 1012 1800 1055; x_wconf 87' lang='lat' dir='ltr'>tempus</span> 
     </span>
     <span class='ocr_line' id='line_1_12' title="bbox 170 1076 1799 1130; baseline -0.002 -13"><span class='ocrx_word' id='word_1_90' title='bbox 170 1079 440 1130; x_wconf 83' lang='lat' dir='ltr'>postpositis,</span> <span class='ocrx_word' id='word_1_91' title='bbox 478 1079 666 1116; x_wconf 87' lang='lat' dir='ltr'>libenter</span> <span class='ocrx_word' id='word_1_92' title='bbox 704 1083 746 1116; x_wconf 91' lang='lat' dir='ltr'>et</span> <span class='ocrx_word' id='word_1_93' title='bbox 782 1078 1015 1130; x_wconf 81' lang='lat' dir='ltr'>diligenter</span> <span class='ocrx_word' id='word_1_94' title='bbox 1052 1083 1276 1117; x_wconf 83' lang='lat' dir='ltr'>vacarunt.</span> <span class='ocrx_word' id='word_1_95' title='bbox 1320 1078 1373 1115; x_wconf 89' lang='lat' dir='ltr'>Et</span> <span class='ocrx_word' id='word_1_96' title='bbox 1409 1090 1505 1115; x_wconf 90' lang='lat' dir='ltr'>cum</span> <span class='ocrx_word' id='word_1_97' title='bbox 1545 1078 1707 1128; x_wconf 85' lang='lat' dir='ltr'>alioqui</span> <span class='ocrx_word' id='word_1_98' title='bbox 1746 1076 1799 1115; x_wconf 88' lang='lat' dir='ltr'>ad</span> 
     </span>
     <span class='ocr_line' id='line_1_13' title="bbox 169 1149 1802 1201; baseline -0.001 -14"><span class='ocrx_word' id='word_1_99' title='bbox 169 1150 394 1200; x_wconf 87' lang='lat' dir='ltr'>proximos</span> <span class='ocrx_word' id='word_1_100' title='bbox 416 1149 632 1188; x_wconf 88' lang='lat' dir='ltr'>iuuandos</span> <span class='ocrx_word' id='word_1_101' title='bbox 652 1150 862 1201; x_wconf 84' lang='lat' dir='ltr'>propensi</span> <span class='ocrx_word' id='word_1_102' title='bbox 884 1150 982 1197; x_wconf 89' lang='lat' dir='ltr'>sint,</span> <span class='ocrx_word' id='word_1_103' title='bbox 1006 1151 1128 1188; x_wconf 89' lang='lat' dir='ltr'>hisce</span> <span class='ocrx_word' id='word_1_104' title='bbox 1150 1155 1297 1188; x_wconf 84' lang='lat' dir='ltr'>tamen</span> <span class='ocrx_word' id='word_1_105' title='bbox 1320 1149 1476 1187; x_wconf 86' lang='lat' dir='ltr'>diebus</span> <span class='ocrx_word' id='word_1_106' title='bbox 1499 1149 1717 1200; x_wconf 83' lang='lat' dir='ltr'>singulare</span> <span class='ocrx_word' id='word_1_107' title='bbox 1749 1149 1802 1186; x_wconf 88' lang='lat' dir='ltr'>ad</span> 
     </span>
     <span class='ocr_line' id='line_1_14' title="bbox 170 1220 1801 1272; baseline -0.001 -14"><span class='ocrx_word' id='word_1_108' title='bbox 170 1222 282 1259; x_wconf 89' lang='lat' dir='ltr'>hanc</span> <span class='ocrx_word' id='word_1_109' title='bbox 312 1234 404 1259; x_wconf 92' lang='lat' dir='ltr'>rem</span> <span class='ocrx_word' id='word_1_110' title='bbox 435 1221 625 1260; x_wconf 88' lang='lat' dir='ltr'>studium</span> <span class='ocrx_word' id='word_1_111' title='bbox 657 1222 951 1269; x_wconf 88' lang='lat' dir='ltr'>contulerunt,</span> <span class='ocrx_word' id='word_1_112' title='bbox 985 1221 1104 1260; x_wconf 88' lang='lat' dir='ltr'>uaria</span> <span class='ocrx_word' id='word_1_113' title='bbox 1135 1221 1428 1272; x_wconf 85' lang='lat' dir='ltr'>disquirentes</span> <span class='ocrx_word' id='word_1_114' title='bbox 1459 1221 1617 1268; x_wconf 88' lang='lat' dir='ltr'>media,</span> <span class='ocrx_word' id='word_1_115' title='bbox 1647 1220 1801 1271; x_wconf 85' lang='lat' dir='ltr'>quibus</span> 
     </span>
     <span class='ocr_line' id='line_1_15' title="bbox 172 1292 1800 1344; baseline -0.001 -13"><span class='ocrx_word' id='word_1_116' title='bbox 172 1306 275 1331; x_wconf 91' lang='lat' dir='ltr'>suos</span> <span class='ocrx_word' id='word_1_117' title='bbox 304 1294 462 1344; x_wconf 80' lang='lat' dir='ltr'>singuli</span> <span class='ocrx_word' id='word_1_118' title='bbox 490 1294 725 1344; x_wconf 86' lang='lat' dir='ltr'>pisciculos</span> <span class='ocrx_word' id='word_1_119' title='bbox 755 1293 858 1332; x_wconf 91' lang='lat' dir='ltr'>dolo</span> <span class='ocrx_word' id='word_1_120' title='bbox 890 1294 1007 1332; x_wconf 91' lang='lat' dir='ltr'>bono</span> <span class='ocrx_word' id='word_1_121' title='bbox 1038 1294 1227 1341; x_wconf 86' lang='lat' dir='ltr'>irretire,</span> <span class='ocrx_word' id='word_1_122' title='bbox 1262 1299 1306 1331; x_wconf 88' lang='lat' dir='ltr'>et</span> <span class='ocrx_word' id='word_1_123' title='bbox 1332 1294 1521 1331; x_wconf 88' lang='lat' dir='ltr'>Domino</span> <span class='ocrx_word' id='word_1_124' title='bbox 1551 1294 1593 1330; x_wconf 92' lang='lat' dir='ltr'>in</span> <span class='ocrx_word' id='word_1_125' title='bbox 1617 1292 1800 1330; x_wconf 88' lang='lat' dir='ltr'>odorem</span> 
     </span>
     <span class='ocr_line' id='line_1_16' title="bbox 172 1365 1802 1417; baseline 0 -15"><span class='ocrx_word' id='word_1_126' title='bbox 172 1365 398 1404; x_wconf 86' lang='lat' dir='ltr'>suauitatis</span> <span class='ocrx_word' id='word_1_127' title='bbox 421 1366 583 1404; x_wconf 89' lang='lat' dir='ltr'>offerre</span> <span class='ocrx_word' id='word_1_128' title='bbox 604 1372 801 1417; x_wconf 89' lang='lat' dir='ltr'>possent.</span> <span class='ocrx_word' id='word_1_129' title='bbox 825 1365 1005 1404; x_wconf 86' lang='lat' dir='ltr'>Adiuuit</span> <span class='ocrx_word' id='word_1_130' title='bbox 1034 1370 1181 1404; x_wconf 87' lang='lat' dir='ltr'>autern</span> <span class='ocrx_word' id='word_1_131' title='bbox 1209 1378 1290 1403; x_wconf 90' lang='lat' dir='ltr'>nos</span> <span class='ocrx_word' id='word_1_132' title='bbox 1321 1366 1364 1403; x_wconf 94' lang='lat' dir='ltr'>in</span> <span class='ocrx_word' id='word_1_133' title='bbox 1394 1367 1480 1404; x_wconf 90' lang='lat' dir='ltr'>hoc</span> <span class='ocrx_word' id='word_1_134' title='bbox 1510 1370 1802 1403; x_wconf 76' lang='lat' dir='ltr'>sacrosancto</span> 
     </span>
     <span class='ocr_line' id='line_1_17' title="bbox 170 1436 1804 1488; baseline 0 -15"><span class='ocrx_word' id='word_1_135' title='bbox 170 1438 352 1488; x_wconf 89' lang='lat' dir='ltr'>negotio</span> <span class='ocrx_word' id='word_1_136' title='bbox 383 1437 592 1488; x_wconf 85' lang='lat' dir='ltr'>imprimis</span> <span class='ocrx_word' id='word_1_137' title='bbox 624 1439 671 1476; x_wconf 81' lang='lat' dir='ltr'>R.</span> <span class='ocrx_word' id='word_1_138' title='bbox 706 1439 752 1475; x_wconf 82' lang='lat' dir='ltr'>P.</span> <span class='ocrx_word' id='word_1_139' title='bbox 786 1443 933 1476; x_wconf 91' lang='lat' dir='ltr'>rector</span> <span class='ocrx_word' id='word_1_140' title='bbox 955 1438 1164 1485; x_wconf 83' lang='lat' dir='ltr'>Victoria,</span> <span class='ocrx_word' id='word_1_141' title='bbox 1189 1438 1261 1488; x_wconf 90' lang='lat' dir='ltr'>qui</span> <span class='ocrx_word' id='word_1_142' title='bbox 1284 1450 1380 1476; x_wconf 90' lang='lat' dir='ltr'>cum</span> <span class='ocrx_word' id='word_1_143' title='bbox 1404 1438 1692 1475; x_wconf 88' lang='lat' dir='ltr'>uehementer</span> <span class='ocrx_word' id='word_1_144' title='bbox 1715 1436 1804 1474; x_wconf 86' lang='lat' dir='ltr'>ani-</span> 
     </span>
     <span class='ocr_line' id='line_1_18' title="bbox 172 1507 1805 1559; baseline -0.001 -13"><span class='ocrx_word' id='word_1_145' title='bbox 172 1521 337 1546; x_wconf 88' lang='lat' dir='ltr'>marum</span> <span class='ocrx_word' id='word_1_146' title='bbox 359 1509 545 1547; x_wconf 86' lang='lat' dir='ltr'>salutem</span> <span class='ocrx_word' id='word_1_147' title='bbox 567 1508 699 1556; x_wconf 83' lang='lat' dir='ltr'>sitiat,</span> <span class='ocrx_word' id='word_1_148' title='bbox 724 1509 880 1547; x_wconf 85' lang='lat' dir='ltr'>modos</span> <span class='ocrx_word' id='word_1_149' title='bbox 903 1509 1028 1548; x_wconf 87' lang='lat' dir='ltr'>nobis</span> <span class='ocrx_word' id='word_1_150' title='bbox 1057 1507 1156 1547; x_wconf 87' lang='lat' dir='ltr'>huic</span> <span class='ocrx_word' id='word_1_151' title='bbox 1183 1515 1361 1547; x_wconf 88' lang='lat' dir='ltr'>sanctae</span> <span class='ocrx_word' id='word_1_152' title='bbox 1394 1508 1626 1559; x_wconf 83' lang='lat' dir='ltr'>piscationi</span> <span class='ocrx_word' id='word_1_153' title='bbox 1657 1508 1805 1545; x_wconf 81' lang='lat' dir='ltr'>varios</span> 
     </span>
     <span class='ocr_line' id='line_1_19' title="bbox 173 1580 1801 1630; baseline -0.001 -14"><span class='ocrx_word' id='word_1_154' title='bbox 173 1586 217 1616; x_wconf 89' lang='lat' dir='ltr'>et</span> <span class='ocrx_word' id='word_1_155' title='bbox 249 1592 458 1630; x_wconf 85' lang='lat' dir='ltr'>perquam</span> <span class='ocrx_word' id='word_1_156' title='bbox 497 1580 811 1618; x_wconf 87' lang='lat' dir='ltr'>accommodos</span> <span class='ocrx_word' id='word_1_157' title='bbox 850 1580 1146 1630; x_wconf 86' lang='lat' dir='ltr'>praescripsit.</span> <span class='ocrx_word' id='word_1_158' title='bbox 1184 1581 1309 1618; x_wconf 87' lang='lat' dir='ltr'>Faxit</span> <span class='ocrx_word' id='word_1_159' title='bbox 1346 1580 1467 1619; x_wconf 69' lang='lat' dir='ltr'>Deus</span> <span class='ocrx_word' id='word_1_160' title='bbox 1503 1580 1716 1617; x_wconf 87' lang='lat' dir='ltr'>Dominus</span> <span class='ocrx_word' id='word_1_161' title='bbox 1756 1583 1801 1616; x_wconf 89' lang='lat' dir='ltr'>ut</span> 
     </span>
     <span class='ocr_line' id='line_1_20' title="bbox 171 1649 1806 1702; baseline 0.001 -15"><span class='ocrx_word' id='word_1_162' title='bbox 171 1650 262 1700; x_wconf 84' lang='lat' dir='ltr'>pari</span> <span class='ocrx_word' id='word_1_163' title='bbox 291 1663 371 1688; x_wconf 91' lang='lat' dir='ltr'>nos</span> <span class='ocrx_word' id='word_1_164' title='bbox 401 1649 626 1701; x_wconf 87' lang='lat' dir='ltr'>diligentia</span> <span class='ocrx_word' id='word_1_165' title='bbox 656 1656 700 1689; x_wconf 89' lang='lat' dir='ltr'>et</span> <span class='ocrx_word' id='word_1_166' title='bbox 735 1651 948 1689; x_wconf 86' lang='lat' dir='ltr'>charitate</span> <span class='ocrx_word' id='word_1_167' title='bbox 986 1651 1155 1702; x_wconf 90' lang='lat' dir='ltr'>singula</span> <span class='ocrx_word' id='word_1_168' title='bbox 1191 1663 1480 1701; x_wconf 86' lang='lat' dir='ltr'>exequamur,</span> <span class='ocrx_word' id='word_1_169' title='bbox 1515 1651 1806 1700; x_wconf 78' lang='lat' dir='ltr'>quemadmo-</span> 
     </span>
     <span class='ocr_line' id='line_1_21' title="bbox 173 1721 1805 1773; baseline 0 -15"><span class='ocrx_word' id='word_1_170' title='bbox 173 1723 280 1759; x_wconf 71' lang='lat' dir='ltr'>dum</span> <span class='ocrx_word' id='word_1_171' title='bbox 301 1722 321 1747; x_wconf 62' lang='grc' dir='ltr'>ὓ</span> <span class='ocrx_word' id='word_1_172' title='bbox 340 1722 466 1760; x_wconf 90' lang='lat' dir='ltr'>nobis</span> <span class='ocrx_word' id='word_1_173' title='bbox 488 1723 541 1760; x_wconf 88' lang='lat' dir='ltr'>ab</span> <span class='ocrx_word' id='word_1_174' title='bbox 562 1723 635 1760; x_wconf 91' lang='lat' dir='ltr'>illo</span> <span class='ocrx_word' id='word_1_175' title='bbox 659 1727 759 1760; x_wconf 89' lang='lat' dir='ltr'>sunt</span> <span class='ocrx_word' id='word_1_176' title='bbox 780 1721 1065 1773; x_wconf 87' lang='lat' dir='ltr'>praescripta.</span> <span class='ocrx_word' id='word_1_177' title='bbox 1090 1723 1166 1760; x_wconf 91' lang='lat' dir='ltr'>Illa</span> <span class='ocrx_word' id='word_1_178' title='bbox 1188 1735 1294 1761; x_wconf 84' lang='lat' dir='ltr'>uero</span> <span class='ocrx_word' id='word_1_179' title='bbox 1319 1723 1532 1760; x_wconf 79' lang='lat' dir='ltr'>exercitia</span> <span class='ocrx_word' id='word_1_180' title='bbox 1552 1734 1663 1772; x_wconf 86' lang='lat' dir='ltr'>quae</span> <span class='ocrx_word' id='word_1_181' title='bbox 1687 1734 1805 1760; x_wconf 89' lang='lat' dir='ltr'>com-</span> 
     </span>
     <span class='ocr_line' id='line_1_22' title="bbox 174 1793 1806 1841; baseline 0.001 -11"><span class='ocrx_word' id='word_1_182' title='bbox 174 1795 318 1832; x_wconf 88' lang='lat' dir='ltr'>munia</span> <span class='ocrx_word' id='word_1_183' title='bbox 347 1793 561 1832; x_wconf 88' lang='lat' dir='ltr'>Societati</span> <span class='ocrx_word' id='word_1_184' title='bbox 589 1801 767 1833; x_wconf 84' lang='lat' dir='ltr'>nostrae</span> <span class='ocrx_word' id='word_1_185' title='bbox 798 1800 915 1841; x_wconf 86' lang='lat' dir='ltr'>sunt,</span> <span class='ocrx_word' id='word_1_186' title='bbox 954 1794 1245 1832; x_wconf 89' lang='lat' dir='ltr'>concionandi</span> <span class='ocrx_word' id='word_1_187' title='bbox 1277 1794 1500 1841; x_wconf 88' lang='lat' dir='ltr'>videlicet,</span> <span class='ocrx_word' id='word_1_188' title='bbox 1533 1800 1806 1832; x_wconf 86' lang='lat' dir='ltr'>sacramenta</span> 
     </span>
     <span class='ocr_line' id='line_1_23' title="bbox 173 1864 1805 1916; baseline 0.001 -14"><span class='ocrx_word' id='word_1_189' title='bbox 173 1865 515 1913; x_wconf 84' lang='lat' dir='ltr'>administrandi,</span> <span class='ocrx_word' id='word_1_190' title='bbox 548 1865 737 1904; x_wconf 90' lang='lat' dir='ltr'>docendi</span> <span class='ocrx_word' id='word_1_191' title='bbox 773 1870 816 1903; x_wconf 90' lang='lat' dir='ltr'>et</span> <span class='ocrx_word' id='word_1_192' title='bbox 851 1864 893 1903; x_wconf 90' lang='lat' dir='ltr'>id</span> <span class='ocrx_word' id='word_1_193' title='bbox 928 1878 1067 1916; x_wconf 87' lang='lat' dir='ltr'>genus</span> <span class='ocrx_word' id='word_1_194' title='bbox 1102 1866 1197 1912; x_wconf 88' lang='lat' dir='ltr'>alia,</span> <span class='ocrx_word' id='word_1_195' title='bbox 1233 1866 1395 1915; x_wconf 88' lang='lat' dir='ltr'>optime</span> <span class='ocrx_word' id='word_1_196' title='bbox 1428 1866 1509 1903; x_wconf 88' lang='lat' dir='ltr'>Dei</span> <span class='ocrx_word' id='word_1_197' title='bbox 1539 1866 1679 1916; x_wconf 90' lang='lat' dir='ltr'>gratia</span> <span class='ocrx_word' id='word_1_198' title='bbox 1709 1878 1805 1903; x_wconf 89' lang='lat' dir='ltr'>suc-</span> 
     </span>
     <span class='ocr_line' id='line_1_24' title="bbox 175 1936 353 1975; baseline 0.011 -2"><span class='ocrx_word' id='word_1_199' title='bbox 175 1936 353 1975; x_wconf 89' lang='lat' dir='ltr'>cedunt.</span> 
     </span>
    </p>

    <p class='ocr_par' dir='ltr' id='par_1_4' title="bbox 173 2007 1807 2346">
     <span class='ocr_line' id='line_1_25' title="bbox 227 2007 1806 2059; baseline -0.001 -14"><span class='ocrx_word' id='word_1_200' title='bbox 227 2018 264 2046; x_wconf 87' lang='lat'>2.</span> <span class='ocrx_word' id='word_1_201' title='bbox 325 2009 574 2047; x_wconf 90' lang='lat' dir='ltr'>Conciones</span> <span class='ocrx_word' id='word_1_202' title='bbox 613 2009 734 2047; x_wconf 88' lang='lat' dir='ltr'>hisce</span> <span class='ocrx_word' id='word_1_203' title='bbox 770 2016 786 2034; x_wconf 74' lang='lat'>‘³</span> <span class='ocrx_word' id='word_1_204' title='bbox 820 2009 1097 2059; x_wconf 87' lang='lat' dir='ltr'>paschalibus</span> <span class='ocrx_word' id='word_1_205' title='bbox 1139 2007 1263 2045; x_wconf 87' lang='lat' dir='ltr'>festis</span> <span class='ocrx_word' id='word_1_206' title='bbox 1304 2009 1552 2059; x_wconf 84' lang='lat' dir='ltr'>complures</span> <span class='ocrx_word' id='word_1_207' title='bbox 1594 2008 1725 2056; x_wconf 89' lang='lat' dir='ltr'>uarijs</span> <span class='ocrx_word' id='word_1_208' title='bbox 1765 2008 1806 2045; x_wconf 86' lang='lat' dir='ltr'>in</span> 
     </span>
     <span class='ocr_line' id='line_1_26' title="bbox 173 2080 1807 2130; baseline 0 -14"><span class='ocrx_word' id='word_1_209' title='bbox 173 2080 347 2130; x_wconf 89' lang='lat' dir='ltr'>templis</span> <span class='ocrx_word' id='word_1_210' title='bbox 386 2092 410 2118; x_wconf 89' lang='lat' dir='ltr'>a</span> <span class='ocrx_word' id='word_1_211' title='bbox 449 2080 634 2118; x_wconf 86' lang='lat' dir='ltr'>diuersis</span> <span class='ocrx_word' id='word_1_212' title='bbox 674 2080 872 2118; x_wconf 88' lang='lat' dir='ltr'>Patribus</span> <span class='ocrx_word' id='word_1_213' title='bbox 915 2085 958 2118; x_wconf 91' lang='lat' dir='ltr'>et</span> <span class='ocrx_word' id='word_1_214' title='bbox 997 2081 1204 2120; x_wconf 84' lang='lat' dir='ltr'>fratribus</span> <span class='ocrx_word' id='word_1_215' title='bbox 1244 2081 1418 2118; x_wconf 88' lang='lat' dir='ltr'>habitae</span> <span class='ocrx_word' id='word_1_216' title='bbox 1460 2084 1572 2118; x_wconf 88' lang='lat' dir='ltr'>sunt.</span> <span class='ocrx_word' id='word_1_217' title='bbox 1615 2080 1724 2117; x_wconf 88' lang='lat' dir='ltr'>Nam</span> <span class='ocrx_word' id='word_1_218' title='bbox 1761 2085 1807 2116; x_wconf 90' lang='lat' dir='ltr'>et</span> 
     </span>
     <span class='ocr_line' id='line_1_27' title="bbox 178 2150 1805 2204; baseline 0.001 -16"><span class='ocrx_word' id='word_1_219' title='bbox 178 2150 308 2189; x_wconf 86' lang='lat' dir='ltr'>Rdus.</span> <span class='ocrx_word' id='word_1_220' title='bbox 335 2152 380 2188; x_wconf 87' lang='lat' dir='ltr'>P.</span> <span class='ocrx_word' id='word_1_221' title='bbox 406 2152 589 2191; x_wconf 88' lang='lat' dir='ltr'>Carolus</span> <span class='ocrx_word' id='word_1_222' title='bbox 619 2151 644 2199; x_wconf 86' lang='lat'>¹,</span> <span class='ocrx_word' id='word_1_223' title='bbox 674 2152 778 2190; x_wconf 91' lang='lat' dir='ltr'>licet</span> <span class='ocrx_word' id='word_1_224' title='bbox 809 2153 953 2190; x_wconf 89' lang='lat' dir='ltr'>multis</span> <span class='ocrx_word' id='word_1_225' title='bbox 984 2153 1100 2191; x_wconf 92' lang='lat' dir='ltr'>domi</span> <span class='ocrx_word' id='word_1_226' title='bbox 1130 2153 1324 2204; x_wconf 83' lang='lat' dir='ltr'>forisque</span> <span class='ocrx_word' id='word_1_227' title='bbox 1356 2152 1548 2203; x_wconf 89' lang='lat' dir='ltr'>negotijs</span> <span class='ocrx_word' id='word_1_228' title='bbox 1579 2150 1805 2202; x_wconf 85' lang='lat' dir='ltr'>praepedi-</span> 
     </span>
     <span class='ocr_line' id='line_1_28' title="bbox 176 2223 1806 2274; baseline 0.001 -15"><span class='ocrx_word' id='word_1_229' title='bbox 176 2227 259 2268; x_wconf 88' lang='lat' dir='ltr'>tus,</span> <span class='ocrx_word' id='word_1_230' title='bbox 285 2223 571 2260; x_wconf 91' lang='lat' dir='ltr'>concionatus</span> <span class='ocrx_word' id='word_1_231' title='bbox 594 2228 675 2270; x_wconf 91' lang='lat' dir='ltr'>est,</span> <span class='ocrx_word' id='word_1_232' title='bbox 707 2229 751 2261; x_wconf 92' lang='lat' dir='ltr'>et</span> <span class='ocrx_word' id='word_1_233' title='bbox 786 2225 854 2261; x_wconf 82' lang='lat' dir='ltr'>Pr.</span> <span class='ocrx_word' id='word_1_234' title='bbox 889 2224 1125 2274; x_wconf 89' lang='lat' dir='ltr'>Dionysius</span> <span class='ocrx_word' id='word_1_235' title='bbox 1155 2224 1183 2271; x_wconf 76' lang='lat'>²3</span> <span class='ocrx_word' id='word_1_236' title='bbox 1216 2231 1306 2262; x_wconf 90' lang='lat' dir='ltr'>tum</span> <span class='ocrx_word' id='word_1_237' title='bbox 1344 2237 1397 2261; x_wconf 83' lang='lat' dir='ltr'>ex</span> <span class='ocrx_word' id='word_1_238' title='bbox 1428 2224 1632 2261; x_wconf 87' lang='lat' dir='ltr'>fratribus</span> <span class='ocrx_word' id='word_1_239' title='bbox 1665 2223 1806 2261; x_wconf 88' lang='lat' dir='ltr'>Thad-</span> 
     </span>
     <span class='ocr_line' id='line_1_29' title="bbox 176 2293 1802 2346; baseline 0.001 -16"><span class='ocrx_word' id='word_1_240' title='bbox 176 2293 312 2331; x_wconf 87' lang='lat' dir='ltr'>daeus</span> <span class='ocrx_word' id='word_1_241' title='bbox 333 2295 345 2314; x_wconf 86' lang='lat'>³</span> <span class='ocrx_word' id='word_1_242' title='bbox 368 2306 465 2332; x_wconf 87' lang='lat' dir='ltr'>cum</span> <span class='ocrx_word' id='word_1_243' title='bbox 483 2294 750 2346; x_wconf 85' lang='lat' dir='ltr'>Wolfgango</span> <span class='ocrx_word' id='word_1_244' title='bbox 770 2296 996 2346; x_wconf 87' lang='lat' dir='ltr'>Piringero</span> <span class='ocrx_word' id='word_1_245' title='bbox 1018 2299 1031 2318; x_wconf 82' lang='lat'><strong>⁴</strong></span> <span class='ocrx_word' id='word_1_246' title='bbox 1047 2297 1300 2345; x_wconf 87' lang='lat' dir='ltr'>neutiquam</span> <span class='ocrx_word' id='word_1_247' title='bbox 1320 2296 1489 2334; x_wconf 86' lang='lat' dir='ltr'>otiosus</span> <span class='ocrx_word' id='word_1_248' title='bbox 1506 2295 1600 2341; x_wconf 83' lang='lat' dir='ltr'>fuit,</span> <span class='ocrx_word' id='word_1_249' title='bbox 1621 2308 1802 2345; x_wconf 80' lang='lat' dir='ltr'>quorum</span> 
     </span>
    </p>
   </div>
   <div class='ocr_carea' id='block_1_4' title="bbox 222 2379 433 2382">
    <p class='ocr_par' dir='ltr' id='par_1_5' title="bbox 222 2379 433 2382">
     <span class='ocr_line' id='line_1_30' title="bbox 222 2379 433 2382; baseline 0 0"><span class='ocrx_word' id='word_1_250' title='bbox 222 2379 433 2382; x_wconf 95' lang='lat' dir='ltr'> </span> 
     </span>
    </p>
   </div>
   <div class='ocr_carea' id='block_1_5' title="bbox 223 2423 1539 2474">
    <p class='ocr_par' dir='ltr' id='par_1_6' title="bbox 223 2423 1539 2474">
     <span class='ocr_line' id='line_1_31' title="bbox 223 2423 1539 2474; baseline 0.001 -14"><span class='ocrx_word' id='word_1_251' title='bbox 223 2423 243 2442; x_wconf 85' lang='lat' dir='ltr'>a</span> <span class='ocrx_word' id='word_1_252' title='bbox 291 2423 522 2470; x_wconf 87' lang='lat' dir='ltr'>spiritualia</span> <span class='ocrx_word' id='word_1_253' title='bbox 540 2425 656 2462; x_wconf 78' lang='lat' dir='ltr'>iila...</span> <span class='ocrx_word' id='word_1_254' title='bbox 679 2426 891 2463; x_wconf 80' lang='lat' dir='ltr'>exercitia.</span> <span class='ocrx_word' id='word_1_255' title='bbox 950 2428 1014 2452; x_wconf 81' lang='lat' dir='ltr'>-b</span> <span class='ocrx_word' id='word_1_256' title='bbox 1035 2425 1159 2474; x_wconf 84' lang='lat' dir='ltr'>quae.</span> <span class='ocrx_word' id='word_1_257' title='bbox 1219 2447 1247 2452; x_wconf 90' lang='lat'><em>—</em></span> <span class='ocrx_word' id='word_1_258' title='bbox 1266 2435 1281 2452; x_wconf 80' lang='lat'><em>0</em></span> <span class='ocrx_word' id='word_1_259' title='bbox 1303 2426 1439 2464; x_wconf 82' lang='lat' dir='ltr'>hiscae</span> <span class='ocrx_word' id='word_1_260' title='bbox 1460 2438 1539 2463; x_wconf 82' lang='lat' dir='ltr'>ms.</span> 
     </span>
    </p>
   </div>
   <div class='ocr_carea' id='block_1_6' title="bbox 178 2556 1805 3083">
    <p class='ocr_par' dir='ltr' id='par_1_7' title="bbox 226 2556 679 2595">
     <span class='ocr_line' id='line_1_32' title="bbox 226 2556 679 2595; baseline 0 -2"><span class='ocrx_word' id='word_1_261' title='bbox 226 2558 234 2576; x_wconf 91' lang='lat'>¹</span> <span class='ocrx_word' id='word_1_262' title='bbox 287 2556 330 2593; x_wconf 90' lang='grc' dir='ltr'>Ρ.</span> <span class='ocrx_word' id='word_1_263' title='bbox 352 2557 528 2594; x_wconf 83' lang='lat' dir='ltr'>Carolus</span> <span class='ocrx_word' id='word_1_264' title='bbox 547 2557 679 2595; x_wconf 90' lang='lat' dir='ltr'>Grim.</span> 
     </span>
    </p>

    <p class='ocr_par' dir='ltr' id='par_1_8' title="bbox 178 2614 1805 2838">
     <span class='ocr_line' id='line_1_33' title="bbox 225 2614 1803 2665; baseline 0.002 -14"><span class='ocrx_word' id='word_1_265' title='bbox 225 2616 237 2635; x_wconf 77' lang='lat'><strong>²</strong></span> <span class='ocrx_word' id='word_1_266' title='bbox 288 2614 497 2662; x_wconf 87' lang='lat' dir='ltr'>Epistolae</span> <span class='ocrx_word' id='word_1_267' title='bbox 516 2622 666 2653; x_wconf 85' lang='lat' dir='ltr'>auctor.</span> <span class='ocrx_word' id='word_1_268' title='bbox 686 2617 730 2653; x_wconf 91' lang='lat' dir='ltr'>In</span> <span class='ocrx_word' id='word_1_269' title='bbox 745 2617 860 2654; x_wconf 84' lang='lat' dir='ltr'>brevi</span> <span class='ocrx_word' id='word_1_270' title='bbox 874 2619 1062 2665; x_wconf 85' lang='lat' dir='ltr'>catalogo</span> <span class='ocrx_word' id='word_1_271' title='bbox 1077 2631 1196 2665; x_wconf 88' lang='lat' dir='ltr'>quem</span> <span class='ocrx_word' id='word_1_272' title='bbox 1212 2618 1257 2656; x_wconf 83' lang='lat' dir='ltr'>P.</span> <span class='ocrx_word' id='word_1_273' title='bbox 1276 2618 1461 2656; x_wconf 86' lang='lat' dir='ltr'>Victoria</span> <span class='ocrx_word' id='word_1_274' title='bbox 1477 2618 1622 2655; x_wconf 90' lang='lat' dir='ltr'>litteris</span> <span class='ocrx_word' id='word_1_275' title='bbox 1636 2617 1682 2654; x_wconf 80' lang='lat'>22</span> <span class='ocrx_word' id='word_1_276' title='bbox 1698 2617 1803 2654; x_wconf 84' lang='lat' dir='ltr'>Mar-</span> 
     </span>
     <span class='ocr_line' id='line_1_34' title="bbox 178 2674 1803 2724; baseline 0.001 -14"><span class='ocrx_word' id='word_1_277' title='bbox 178 2675 219 2711; x_wconf 89' lang='lat' dir='ltr'>tii</span> <span class='ocrx_word' id='word_1_278' title='bbox 243 2674 332 2711; x_wconf 79' lang='lat'>1559</span> <span class='ocrx_word' id='word_1_279' title='bbox 349 2675 544 2723; x_wconf 79' lang='lat' dir='ltr'>adjunxit,</span> <span class='ocrx_word' id='word_1_280' title='bbox 565 2688 658 2712; x_wconf 89' lang='lat' dir='ltr'>eum</span> <span class='ocrx_word' id='word_1_281' title='bbox 677 2677 784 2713; x_wconf 86' lang='lat' dir='ltr'>inter</span> <span class='ocrx_word' id='word_1_282' title='bbox 802 2677 1034 2724; x_wconf 88' lang='lat' dir='ltr'>theologiae</span> <span class='ocrx_word' id='word_1_283' title='bbox 1053 2679 1258 2715; x_wconf 85' lang='lat' dir='ltr'>auditores</span> <span class='ocrx_word' id='word_1_284' title='bbox 1277 2679 1462 2721; x_wconf 83' lang='lat' dir='ltr'>collocat,</span> <span class='ocrx_word' id='word_1_285' title='bbox 1491 2683 1530 2714; x_wconf 89' lang='lat' dir='ltr'>et</span> <span class='ocrx_word' id='word_1_286' title='bbox 1556 2677 1655 2713; x_wconf 89' lang='lat' dir='ltr'>haec</span> <span class='ocrx_word' id='word_1_287' title='bbox 1683 2676 1803 2713; x_wconf 84' lang='lat' dir='ltr'>addit:</span> 
     </span>
     <span class='ocr_line' id='line_1_35' title="bbox 181 2733 1805 2781; baseline 0.001 -11"><span class='ocrx_word' id='word_1_288' title='bbox 181 2734 422 2781; x_wconf 77' lang='lat' dir='ltr'>«Dionysius</span> <span class='ocrx_word' id='word_1_289' title='bbox 441 2733 674 2772; x_wconf 85' lang='lat' dir='ltr'>Germanus</span> <span class='ocrx_word' id='word_1_290' title='bbox 699 2736 888 2774; x_wconf 87' lang='lat' dir='ltr'>sacerdos</span> <span class='ocrx_word' id='word_1_291' title='bbox 924 2737 1182 2774; x_wconf 87' lang='lat' dir='ltr'>concionator</span> <span class='ocrx_word' id='word_1_292' title='bbox 1213 2737 1408 2774; x_wconf 86' lang='lat' dir='ltr'>facundus</span> <span class='ocrx_word' id='word_1_293' title='bbox 1444 2743 1588 2773; x_wconf 88' lang='lat' dir='ltr'>natura</span> <span class='ocrx_word' id='word_1_294' title='bbox 1619 2748 1727 2772; x_wconf 75' lang='lat' dir='ltr'>sua.»</span> <span class='ocrx_word' id='word_1_295' title='bbox 1762 2735 1805 2771; x_wconf 90' lang='lat' dir='ltr'>In</span> 
     </span>
     <span class='ocr_line' id='line_1_36' title="bbox 178 2793 758 2838; baseline 0 -7"><span class='ocrx_word' id='word_1_296' title='bbox 178 2795 265 2831; x_wconf 87' lang='lat' dir='ltr'>cod.</span> <span class='ocrx_word' id='word_1_297' title='bbox 288 2793 431 2831; x_wconf 78' lang='lat' dir='ltr'>Germ.</span> <span class='ocrx_word' id='word_1_298' title='bbox 453 2793 542 2838; x_wconf 80' lang='lat'>131,</span> <span class='ocrx_word' id='word_1_299' title='bbox 563 2793 758 2832; x_wconf 67' lang='lat' dir='ltr'>{01.238v.</span> 
     </span>
    </p>

    <p class='ocr_par' dir='ltr' id='par_1_9' title="bbox 178 2853 1803 2959">
     <span class='ocr_line' id='line_1_37' title="bbox 225 2853 1803 2902; baseline 0.001 -13"><span class='ocrx_word' id='word_1_300' title='bbox 225 2854 238 2873; x_wconf 83' lang='lat'>³</span> <span class='ocrx_word' id='word_1_301' title='bbox 288 2853 533 2890; x_wconf 86' lang='lat' dir='ltr'>Thaddaeus</span> <span class='ocrx_word' id='word_1_302' title='bbox 550 2853 689 2899; x_wconf 86' lang='lat' dir='ltr'>Italus,</span> <span class='ocrx_word' id='word_1_303' title='bbox 719 2855 950 2902; x_wconf 88' lang='lat' dir='ltr'>theologiae</span> <span class='ocrx_word' id='word_1_304' title='bbox 981 2856 1150 2893; x_wconf 86' lang='lat' dir='ltr'>auditor.</span> <span class='ocrx_word' id='word_1_305' title='bbox 1176 2855 1273 2892; x_wconf 91' lang='lat' dir='ltr'>Ibid.</span> <span class='ocrx_word' id='word_1_306' title='bbox 1305 2855 1349 2892; x_wconf 91' lang='lat' dir='ltr'>In</span> <span class='ocrx_word' id='word_1_307' title='bbox 1378 2856 1456 2892; x_wconf 90' lang='lat' dir='ltr'>alio</span> <span class='ocrx_word' id='word_1_308' title='bbox 1488 2856 1609 2892; x_wconf 86' lang='lat' dir='ltr'>catal.</span> <span class='ocrx_word' id='word_1_309' title='bbox 1642 2854 1803 2899; x_wconf 84' lang='lat' dir='ltr'>(ibidem</span> 
     </span>
     <span class='ocr_line' id='line_1_38' title="bbox 178 2911 1392 2959; baseline 0.001 -11"><span class='ocrx_word' id='word_1_310' title='bbox 178 2913 203 2949; x_wconf 83' lang='lat' dir='ltr'>f.</span> <span class='ocrx_word' id='word_1_311' title='bbox 222 2913 306 2958; x_wconf 84' lang='lat'>215)</span> <span class='ocrx_word' id='word_1_312' title='bbox 323 2913 469 2949; x_wconf 89' lang='lat' dir='ltr'>dicitur</span> <span class='ocrx_word' id='word_1_313' title='bbox 487 2911 677 2950; x_wconf 85' lang='lat' dir='ltr'>Taddeus</span> <span class='ocrx_word' id='word_1_314' title='bbox 698 2913 814 2951; x_wconf 84' lang='lat' dir='ltr'>Maro</span> <span class='ocrx_word' id='word_1_315' title='bbox 833 2915 1030 2959; x_wconf 80' lang='lat' dir='ltr'>senensis,</span> <span class='ocrx_word' id='word_1_316' title='bbox 1051 2921 1170 2952; x_wconf 86' lang='lat' dir='ltr'>natus</span> <span class='ocrx_word' id='word_1_317' title='bbox 1190 2928 1316 2952; x_wconf 90' lang='lat' dir='ltr'>annos</span> <span class='ocrx_word' id='word_1_318' title='bbox 1334 2914 1392 2951; x_wconf 79' lang='lat'>26.</span> 
     </span>
    </p>

    <p class='ocr_par' dir='ltr' id='par_1_10' title="bbox 179 2972 1802 3083">
     <span class='ocr_line' id='line_1_39' title="bbox 225 2972 1802 3020; baseline 0.001 -12"><span class='ocrx_word' id='word_1_319' title='bbox 225 2973 239 2992; x_wconf 84' lang='lat'><strong>⁴</strong></span> <span class='ocrx_word' id='word_1_320' title='bbox 289 2972 353 3008; x_wconf 89' lang='lat' dir='ltr'>De</span> <span class='ocrx_word' id='word_1_321' title='bbox 372 2985 450 3019; x_wconf 91' lang='lat' dir='ltr'>quo</span> <span class='ocrx_word' id='word_1_322' title='bbox 468 2973 569 3010; x_wconf 87' lang='lat' dir='ltr'>haec</span> <span class='ocrx_word' id='word_1_323' title='bbox 587 2972 748 3010; x_wconf 87' lang='lat' dir='ltr'>ibidem:</span> <span class='ocrx_word' id='word_1_324' title='bbox 773 2972 1042 3020; x_wconf 70' lang='lat' dir='ltr'>«Wolfangus</span> <span class='ocrx_word' id='word_1_325' title='bbox 1062 2974 1252 3020; x_wconf 82' lang='lat' dir='ltr'>Piringer</span> <span class='ocrx_word' id='word_1_326' title='bbox 1270 2974 1503 3011; x_wconf 87' lang='lat' dir='ltr'>Germanus</span> <span class='ocrx_word' id='word_1_327' title='bbox 1524 2980 1583 3010; x_wconf 81' lang='lat' dir='ltr'>est</span> <span class='ocrx_word' id='word_1_328' title='bbox 1604 2973 1643 3009; x_wconf 87' lang='lat' dir='ltr'>in</span> <span class='ocrx_word' id='word_1_329' title='bbox 1663 2974 1802 3015; x_wconf 86' lang='lat' dir='ltr'>sacris;</span> 
     </span>
     <span class='ocr_line' id='line_1_40' title="bbox 179 3032 1561 3083; baseline -0.001 -15"><span class='ocrx_word' id='word_1_330' title='bbox 179 3032 281 3079; x_wconf 86' lang='lat' dir='ltr'>legit</span> <span class='ocrx_word' id='word_1_331' title='bbox 299 3032 609 3077; x_wconf 86' lang='lat' dir='ltr'>grammaticam</span> <span class='ocrx_word' id='word_1_332' title='bbox 627 3045 818 3079; x_wconf 88' lang='lat' dir='ltr'>graecam</span> <span class='ocrx_word' id='word_1_333' title='bbox 838 3038 878 3070; x_wconf 89' lang='lat' dir='ltr'>et</span> <span class='ocrx_word' id='word_1_334' title='bbox 897 3033 994 3070; x_wconf 88' lang='lat' dir='ltr'>Isoc.</span> <span class='ocrx_word' id='word_1_335' title='bbox 1015 3033 1148 3070; x_wconf 84' lang='lat' dir='ltr'>Bonus</span> <span class='ocrx_word' id='word_1_336' title='bbox 1167 3040 1303 3070; x_wconf 88' lang='lat' dir='ltr'>orator</span> <span class='ocrx_word' id='word_1_337' title='bbox 1321 3039 1361 3070; x_wconf 85' lang='lat' dir='ltr'>et</span> <span class='ocrx_word' id='word_1_338' title='bbox 1376 3033 1561 3083; x_wconf 83' lang='lat' dir='ltr'>poe[ta].›</span> 
     </span>
    </p>
   </div>
  </div>
 </body>
</html>
