2038 3400
374 215 444 253 386
849 217 1070 254 LITTERAE
1098 216 1453 262 QUADmMEsrREs

326 331 419 355 rum
442 318 574 366 uitae,
595 331 680 369 quo
706 318 858 357 ordine
879 319 925 356 fit
950 331 1100 357 eorum
1123 319 1287 357 mentio
1311 319 1365 356 ab
1388 319 1590 365 ecclesia,
1611 319 1865 357 recitentur.
1886 316 1952 354 Ad

326 401 445 439 quas,
467 401 563 427 cum
587 389 800 440 discipuli,
824 396 915 428 tum
939 390 1068 428 etiam
1091 389 1171 427 uiri
1193 390 1315 427 multi
1334 390 1615 428 conueniunt.

383 471 443 499 10.
505 461 694 512 Collegij
718 462 845 499 huius
868 467 1005 499 status
1023 461 1064 498 in
1088 461 1242 499 melius
1266 461 1440 499 omnino
1470 462 1512 499 in
1533 460 1627 499 dies
1650 466 1950 512 promouetur.

324 532 502 571 Summa
522 533 594 570 illa
610 532 859 574 humiditas,
884 544 995 582 quae
1018 545 1073 569 ne
1096 533 1305 583 templum
1327 538 1525 570 nostrum
1547 532 1684 583 magis
1708 532 1953 570 celebrare-

325 609 408 651 tur,
447 604 677 642 uidebatur
713 603 941 654 impedire,
973 603 1143 641 sublata
1179 609 1260 651 est,
1295 616 1392 642 cum
1428 605 1637 654 templum
1674 608 1955 642 consternen-

327 674 428 713 dum
447 682 465 700 a
484 675 745 713 curauimus.
771 675 1009 712 Extructus
1033 680 1099 712 est
1131 675 1150 699 ἶ)
1172 681 1406 725 praeterea
1428 675 1602 722 chorus,
1626 680 1749 713 recte
1768 686 1887 722 sane,
1914 679 1956 711 et

329 758 425 784 cum
450 758 501 784 ea
524 747 693 784 ratione
714 745 768 784 ab
790 745 1034 784 architecto
1059 745 1247 796 quodam
1278 747 1477 797 egregio,
1502 746 1765 784 amicissimo
1787 751 1955 793 nostro,

324 830 408 868 qua
431 817 618 856 maxime
643 823 687 855 et
708 818 919 868 templum
942 818 1081 868 ipsum
1104 816 1357 865 adornetur,
1385 824 1427 855 et
1449 818 1576 856 nobis
1610 831 1696 855 non
1724 830 1874 868 parum
1897 817 1955 855 af-

322 889 487 927 feratur
509 888 744 928 commodi.
771 888 1001 928 Conducta
1024 895 1090 927 est
1111 895 1343 940 praeterea
1365 889 1448 927 alia
1478 888 1633 927 domus
1666 888 1855 940 collegio
1884 888 1955 925 ad-

321 973 450 1007 nexa,
475 973 587 1011 quae
610 960 664 999 ad
686 961 847 999 multo-¹¹
871 962 910 1000 ei
926 962 1204 1000 necessarios
1222 974 1324 999 usus
1343 961 1553 1000 deseruit.
1575 961 1680 999 Eam
1698 973 1806 999 vero
1825 961 1955 998 etiam

323 1031 498 1082 collegij
525 1031 711 1069 futuram
735 1033 821 1070 cito
845 1045 1085 1082 speramus.

372 1114 431 1141 11.
471 1104 599 1141 ΚΒΜ
618 1103 883 1142 forliuiensis
907 1104 1139 1155 episcopus
1156 1104 1199 1142 in
1216 1104 1354 1142 semel
1377 1109 1582 1153 suscepta
1600 1116 1705 1154 erga
1722 1103 1956 1153 collegium

322 1175 407 1213 hoc
445 1183 488 1212 et
524 1175 774 1213 uniuersam
810 1175 1082 1214 Societatem
1118 1175 1434 1213 beneuolentia
1465 1175 1648 1225 egregie
1683 1180 1954 1224 perseuerat.

323 1246 454 1296 Quod
478 1252 521 1284 et
538 1247 683 1285 multis
706 1247 846 1285 modis
865 1247 1075 1286 declarat.
1096 1248 1206 1285 Nam
1226 1247 1487 1285 beneficium
1506 1246 1725 1297 quoddam
1743 1247 1824 1296 (sic
1842 1246 1955 1284 enim

321 1319 501 1368 uocant)
519 1318 636 1369 quod
659 1319 862 1369 applicari
888 1318 1109 1358 Societati
1129 1328 1147 1345 0
1167 1325 1355 1369 poterat,
1374 1319 1455 1357 sibi
1476 1319 1529 1356 ab
1553 1330 1606 1356 eo
1630 1318 1702 1368 qui
1722 1317 1792 1355 hic
1812 1317 1956 1367 proxi-

321 1403 391 1428 mo
406 1403 518 1428 anno
532 1390 586 1428 ad
598 1391 907 1441 probationem
925 1392 966 1428 in
980 1391 1253 1429 Societatem
1272 1390 1486 1428 admissus
1503 1390 1523 1414 d
1542 1394 1608 1428 est
1621 1390 1914 1427 renuntiatum
1934 1393 1957 1435 ¹,

320 1462 509 1513 collegio
541 1462 642 1501 huic
671 1463 919 1513 applicanit,
960 1468 1002 1500 et
1034 1464 1118 1501 alio
1151 1462 1205 1500 de
1229 1462 1317 1500 suis
1338 1462 1557 1500 beneficio
1582 1462 1675 1499 eius
1698 1461 1956 1512 consangui-

319 1546 427 1572 neos
445 1541 462 1559 e
499 1536 770 1585 compensari
795 1535 946 1573 uoluit.
970 1535 1021 1573 Id
1044 1547 1152 1574 uero
1177 1533 1439 1573 beneficium
1461 1535 1521 1572 est
1542 1533 1780 1579 eiusmodi,
1805 1535 1854 1571 ut
1877 1546 1956 1571 an-

323 1604 408 1643 nui
429 1605 525 1645 eins
547 1605 740 1658 fructus
761 1606 853 1645 sint
884 1606 1069 1646 circiter
1091 1618 1139 1658 70
1171 1607 1305 1646 aurei
1324 1607 1516 1646 nummi.
1558 1608 1797 1644 Praeterea
1825 1605 1956 1643 etiam

319 1677 576 1728 diligentem
601 1691 778 1728 operam
802 1678 938 1726 dedit,
963 1683 1008 1717 ut
1025 1679 1290 1730 permutatio
1314 1679 1529 1730 quaedam
1552 1679 1695 1725 fieret,
1719 1690 1803 1728 qua
1824 1677 1957 1715 bene-

324 1749 469 1788 ficium
506 1750 636 1797 aliud,
662 1751 785 1788 cuius
820 1749 1017 1788 redditus
1053 1751 1183 1789 annui
1205 1751 1381 1789 ducenti
1415 1750 1536 1788 aurei
1569 1754 1731 1796 essent,
1765 1749 1955 1799 collegio

322 1820 651 1872 adiungeretur.
688 1821 819 1870 Quod
859 1835 1117 1873 quamquam
1139 1822 1289 1873 perfici
1313 1835 1398 1860 non
1421 1822 1579 1872 potuit,
1611 1821 1781 1872 prolixa
1811 1826 1957 1858 tamen

320 1893 413 1931 eius
435 1894 637 1932 uoluntas
660 1895 871 1945 apparuit.
898 1895 1086 1933 Omnino
1108 1895 1150 1932 in
1172 1896 1258 1933 hoc
1278 1895 1504 1941 incumbit,
1536 1898 1581 1932 ut
1613 1892 1848 1944 collegium
1870 1893 1956 1930 hoc

321 1965 401 2002 sibi
438 1966 810 2013 constituendum,
845 1972 976 2017 atque
1000 1966 1216 2005 reditibus
1236 1968 1276 2006 et
1292 1966 1582 2018 prouentibus
1606 1964 1847 2003 ornandum
1868 1965 1954 2015 pla-

319 2049 373 2074 ne
397 2042 573 2075 statuat.
601 2037 732 2086 Quod
754 2038 835 2075 nisi
857 2038 940 2075 alia
970 2039 1140 2076 ratione
1163 2038 1259 2075 fieri
1280 2037 1435 2088 possit,
1459 2036 1790 2075 tabernaculum
1821 2035 1956 2086 quod-

319 2108 432 2156 dam,
470 2109 678 2160 singulari
719 2109 907 2159 quodam
947 2110 1132 2148 artificio
1173 2110 1481 2157 fabrefactum,
1524 2121 1629 2147 auro
1681 2108 1955 2159 gemmisque

320 2180 615 2231 praefulgenS,
640 2181 775 2231 precij
800 2181 1021 2219 minimum
1044 2181 1176 2218 duum
1194 2181 1357 2219 milium
1379 2193 1629 2227 aureorum,
1655 2179 1735 2218 sibi
1762 2178 1955 2217 uenden-

318 2251 418 2289 dum
440 2251 657 2298 decreuit3
680 2258 812 2303 atque
836 2253 966 2290 etiam
988 2252 1093 2290 illud
1115 2252 1227 2299 istic,
1252 2258 1299 2290 ut
1317 2251 1530 2299 audimus,
1550 2251 1665 2301 apud
1682 2250 1954 2289 Societatem

317 2322 535 2373 deposuit.
559 2323 678 2361 Rflus
703 2324 794 2361 eius
816 2323 1060 2370 coadiutor‚
1080 2324 1254 2374 saepius
1273 2323 1508 2374 collegium
1527 2320 1774 2369 inuisendo,
1796 2327 1838 2359 et
1856 2333 1953 2359 nos-

318 2394 394 2432 tris
418 2394 662 2432 commodis
684 2394 882 2433 studiose
912 2395 1214 2446 procurandis,
1239 2395 1428 2433 animum
1458 2407 1582 2432 suum
1614 2393 1788 2432 abunde
1811 2393 1953 2431 decla-

317 2471 395 2503 rat.
422 2464 507 2514 Qui
531 2467 661 2504 etiam
685 2467 830 2517 coepit
853 2466 967 2517 apud
988 2480 1068 2506 nos
1091 2472 1251 2505 octauo
1274 2479 1448 2517 quoque
1472 2466 1542 2504 die
1566 2466 1781 2505 confiteri.

375 2547 434 2574 12.
497 2537 581 2585 Qui
616 2537 687 2575 hic
721 2544 820 2576 sunt
853 2550 1020 2585 omnes,
1060 2537 1363 2576 concreditum
1404 2537 1485 2575 sibi
1517 2538 1728 2575 talentum
1761 2536 1914 2575 sedulo
1943 2536 1956 2560 f

318 2613 545 2654 exercent,
573 2613 615 2645 et
639 2620 736 2646 curn
759 2609 800 2646 in
822 2609 994 2656 litteris,
1019 2615 1109 2647 tum
1132 2610 1174 2647 in
1196 2609 1347 2659 spiritu
1380 2614 1424 2647 et
1444 2609 1622 2659 pietatis
1645 2607 1801 2657 studijs
1822 2608 1949 2658 pluri-

362 2757 382 2777 a
431 2757 597 2794 tabulis.
669 2759 733 2783 —b
756 2764 816 2794 est
836 2758 942 2795 add.
965 2760 1011 2795 in
1030 2768 1170 2804 marg.
1237 2765 1302 2783 ——0
1337 2757 1527 2804 collegio.
1594 2758 1660 2782 —d
1683 2756 1867 2794 Emend.
1903 2767 1952 2793 ex

316 2818 473 2854 missus.
540 2824 603 2843 —e
625 2817 939 2864 consanguineis
958 2818 1163 2854 damnum.
1229 2818 1286 2842 —f
1317 2817 1470 2854 Pmec.
1489 2829 1528 2854 v.
1550 2817 1656 2854 add.
1678 2821 1814 2863 supra
1831 2827 1945 2853 vers.

363 2966 373 2987 ¹
426 2965 513 3012 Agi
534 2965 693 3001 videtur
712 2965 760 3002 de
780 2965 946 3002 Vanino
967 2965 1134 3002 Vanini.
1156 2965 1264 3003 Vide
1288 2965 1442 3003 Laz'm'z'
1460 2966 1669 3009 Monam..
1691 2964 1766 3008 IV.
1799 2965 1877 3010 1503
1909 2969 1949 3002 et

315 3037 453 3073 supra,
474 3038 511 3072 p.
536 3024 615 3069 183,
636 3031 773 3062 annot.
798 3025 827 3061 1.
