2038 3400
357 236 427 274 472
834 237 1054 275 LITTERAE
1086 239 1178 283 QuA
1185 248 1442 275 DR1MESTRES

309 351 413 378 sane
445 340 679 379 maximum
710 354 789 378 nos
822 341 903 379 Dei
934 341 1196 379 beneficium
1230 353 1327 379 6556
1360 341 1516 379 merito
1536 340 1751 388 duximus,
1777 354 1873 379 cum
1901 342 1946 379 16

310 411 467 449 abhinc
499 411 680 449 miliario
711 412 966 462 germanico
1000 424 1149 450 sacros
1182 411 1371 458 ordines,
1406 418 1450 450 et
1480 425 1758 462 nonunquam
1788 412 1947 450 frustra

311 488 466 531 petere
491 494 714 533 cogamur,
735 482 853 530 quod
876 481 1066 521 diocesis
1088 483 1316 533 pragensis
1339 482 1547 533 episcopo
1572 488 1733 521 careat.
1759 483 1842 520 Hic
1872 483 1946 534 igi-

313 558 381 590 tur
402 553 613 604 primitias
632 552 704 591 diu
722 554 992 605 multumque
1012 554 1286 592 desideratas
1307 552 1348 591 in
1370 553 1484 592 festo
1503 554 1546 592 S.
1569 555 1808 593 Clementis
1833 555 1838 573 ¹
1860 556 1945 604 (cui

313 624 443 662 etiam
466 630 665 662 nostrum
687 625 897 676 templum
921 631 987 663 est
1010 624 1280 673 dedicatum)
1304 624 1561 671 celebrauit,
1592 626 1947 664 communicanti-

313 697 408 743 bus,
434 696 526 734 laus
549 698 660 743 Deo,
686 697 834 734 multis
855 702 1033 735 nostrae
1058 697 1236 734 scholae
1260 695 1482 735 studiosis.
1509 696 1695 746 Quidam
1719 697 1848 735 etiam
1877 710 1948 735 ue-

313 768 453 805 terani
476 768 671 805 hus-sitae
696 768 776 806 Dei
799 769 941 819 gratia
973 768 1176 806 conuersi
1208 772 1307 805 sunt
1338 767 1391 805 ad
1421 767 1553 805 fidem
1586 768 1860 816 catholicam,
1895 781 1948 806 ex

313 839 468 889 quibus
491 840 554 876 uir
576 839 750 890 quidam
769 852 982 877 annorum
1004 839 1118 877 forte
1143 839 1436 889 septuaginta,
1460 852 1677 890 nunquam
1704 839 1847 878 fuerat
1873 853 1950 891 per

313 916 451 949 totam
487 911 620 949 uitam
654 911 899 958 confessus3
933 916 976 949 et
1008 909 1221 961 quaedam
1255 909 1385 948 etiam
1408 911 1560 948 mulier
1582 911 1757 949 ultimae
1782 912 1950 950 confes-

315 983 449 1020 sionis
484 988 586 1020 ante
623 983 783 1020 multos
820 995 957 1020 annos
992 982 1136 1020 factae
1174 982 1424 1020 meminisse
1463 981 1567 1019 nihil
1602 987 1791 1032 poterat.
1831 982 1951 1020 Multi

314 1054 445 1092 etiam
482 1054 687 1092 catholici
718 1054 821 1091 alias
854 1066 1002 1104 saepe,
1038 1053 1115 1091 sed
1148 1053 1336 1091 maxime
1370 1053 1412 1090 in
1435 1052 1680 1091 dominicae
1711 1054 1951 1092 natiuitatis

313 1125 445 1173 festo,
465 1124 579 1176 apud
596 1138 676 1164 nos
700 1125 891 1163 confessi
914 1131 1014 1163 sunt
1034 1131 1077 1162 et
1100 1125 1490 1163 communicarunt.
1517 1125 1602 1175 Qui
1621 1125 1641 1143 a
1662 1137 1769 1163 uero
1794 1138 1848 1163 ex
1871 1125 1951 1163 illis

314 1197 404 1235 itali
439 1197 630 1243 fuerunt,
671 1202 715 1234 ut
750 1209 774 1234 a
810 1196 1082 1234 confessario
1119 1195 1408 1242 docebantur,
1448 1196 1728 1234 christianum
1764 1196 1867 1235 illud
1902 1209 1952 1234 ac

316 1274 515 1306 sanctum
538 1267 763 1307 charitatis
787 1280 893 1319 erga
914 1268 1139 1318 proximos
1162 1267 1221 1304 ita
1252 1266 1486 1318 diligenter
1520 1268 1710 1306 officium
1742 1280 1952 1307 exercue-

316 1346 430 1388 runt,
470 1346 516 1379 ut
551 1341 619 1389 alij
658 1352 831 1391 semper
868 1340 977 1378 alios
1014 1352 1163 1378 secum
1203 1338 1256 1377 ad
1297 1339 1623 1379 confessionem
1664 1339 1949 1380 adducerent.

316 1411 452 1450 Iidem
474 1411 563 1450 itali
584 1412 671 1449 hoc
692 1417 894 1462 tempore
917 1424 1002 1462 quo
1026 1412 1226 1449 laborare
1250 1423 1336 1449 non
1358 1417 1541 1462 possunt
1562 1418 1742 1463 propter
1759 1413 1955 1464 ingentia

316 1483 494 1535 frigora,
514 1497 595 1521 nos
617 1489 789 1534 rogant,
815 1489 860 1520 ut
882 1483 924 1521 in
947 1483 1143 1521 scholam
1165 1489 1360 1521 nostram
1379 1483 1651 1534 excipiantur
1668 1497 1719 1522 ac
1736 1485 1888 1535 legere
1911 1490 1955 1522 et

319 1556 513 1594 scribere
536 1553 722 1602 discant3
741 1554 859 1605 quod
880 1554 961 1593 illis
982 1568 1069 1592 non
1087 1554 1374 1605 denegamus,
1398 1554 1572 1605 quando
1594 1557 1955 1606 praeceptoribus

318 1627 528 1674 debitam,
554 1632 599 1664 ut
622 1632 744 1665 certe
767 1626 946 1673 faciunt,
973 1625 1286 1673 obedientiam,
1319 1632 1558 1676 praestant.
1593 1627 1755 1665 Verum
1790 1628 1955 1678 praeci-

317 1712 401 1750 pua
432 1712 536 1737 cura
569 1704 720 1737 nostra
757 1703 823 1735 est
860 1704 905 1735 ut
941 1698 1037 1735 illos
1068 1698 1109 1735 in
1141 1696 1293 1748 spiritu
1324 1697 1539 1736 iuuemus
1571 1698 1781 1748 Discipuli
1801 1699 1953 1745 nostri,

318 1771 507 1809 maxime
531 1770 603 1821 qui
625 1775 724 1808 sunt
746 1768 909 1819 primae
934 1770 1098 1816 elassis,
1124 1775 1168 1806 et
1187 1770 1470 1807 conuictores
1501 1770 1653 1817 nostri,
1692 1770 1956 1809 confitentur

321 1849 481 1881 octauo
504 1855 678 1893 quoque
703 1841 789 1888 die,
816 1846 858 1878 et
880 1841 922 1878 in
947 1840 1145 1879 omnibus
1168 1841 1367 1880 modeste
1391 1842 1495 1880 satis
1518 1853 1566 1879 56
1593 1847 1768 1893 gerunt,
1802 1847 1954 1881 totam-

318 1926 402 1965 que
434 1926 581 1952 curam
613 1913 734 1952 chori
767 1918 810 1952 et
843 1920 996 1951 cantus
1028 1914 1068 1950 in
1101 1925 1148 1950 se
1180 1911 1412 1963 recipiunt,
1437 1913 1506 1951 cui
1528 1913 1659 1951 etiam
1681 1925 1837 1964 magna
1859 1927 1955 1952 cum

320 1984 593 2023 iucunditate
615 1984 764 2035 populi
786 1983 1074 2022 satisfaciunt.

375 2067 412 2095 2.
473 2057 689 2094 Proximis
707 2056 862 2094 diebus
881 2056 1042 2094 obnixe
1066 2056 1251 2106 rogabat
1274 2055 1324 2092 D.
1351 2055 1635 2106 Praepositus
1657 2056 1684 2103 ²,
1710 2062 1755 2094 ut
1777 2056 1817 2094 ei
1835 2055 1956 2094 dare-

320 2144 414 2168 mus
435 2129 653 2181 quendam
676 2143 731 2167 ex
753 2129 974 2176 fratribus,
998 2130 1069 2179 qui
1090 2130 1132 2167 in
1154 2128 1237 2166 alio
1261 2127 1449 2178 quodam
1481 2128 1645 2179 templo
1682 2128 1725 2166 S.
1760 2128 1955 2167 Thomae

323 2200 533 2251 deinceps
565 2200 919 2247 concionaretur,
952 2200 1070 2250 quod
1101 2200 1142 2238 id
1172 2200 1367 2238 nonnulli
1401 2204 1624 2250 peterent3
1661 2200 1729 2237 cui
1769 2200 1957 2239 libenter

321 2273 488 2310 assensi
510 2286 674 2319 sumus,
699 2271 986 2322 dedimusque
1020 2284 1119 2309 eum
1150 2284 1279 2322 quem
1309 2271 1506 2322 petebat,
1538 2271 1737 2308 nimirum
1770 2271 1824 2310 M.
1861 2271 1957 2310 Ste-

325 2345 514 2396 phanum
536 2343 564 2391 3,
584 2344 655 2393 qui
679 2343 720 2381 in
742 2344 908 2394 templo
930 2349 1082 2381 nostro
1107 2343 1358 2381 concionari
1380 2343 1480 2380 loco
1505 2343 1559 2380 M.
1585 2343 1835 2380 Wenceslai
1856 2343 1868 2362 ⁴
1891 2356 1957 2381 50·

320 2417 453 2454 lebat.
480 2415 658 2453 Interim
682 2420 829 2453 tamen
851 2428 938 2453 non
969 2419 1112 2452 cessat
1142 2414 1185 2452 in
1217 2414 1380 2464 templo
1413 2417 1564 2451 nostro
1597 2413 1753 2451 concio
1789 2426 1957 2465 germa-

320 2488 418 2527 nica
449 2492 494 2525 et
528 2487 663 2524 lectio
696 2486 997 2525 catechistica.
1033 2487 1083 2523 D.
1119 2485 1336 2524 Henricus
1366 2483 1378 2503 ⁵
1410 2485 1451 2522 in
1481 2483 1592 2523 arcis
1623 2485 1786 2536 templo
1811 2498 1956 2523 coram

371 2625 390 2644 a
443 2623 521 2661 Cui
542 2633 621 2659 ms.

371 2763 380 2783 ¹
433 2761 514 2798 Die
531 2760 578 2797 23
598 2754 856 2797 Novembris.

371 2822 383 2841 ²
434 2820 640 2858 Henricus
659 2817 910 2856 Scribonius.

371 2881 384 2901 ³
435 2880 668 2928 Stephanus
688 2878 890 2921 Liberius.
914 2878 963 2915 de
983 2891 1062 2925 quo
1081 2878 1173 2916 vide
1192 2892 1287 2926 pag.
1307 2879 1389 2917 304.

370 2941 383 2961 ⁴
434 2940 708 2978 wenceslaus
757 2938 960 2976 sturmius
1008 2939 1180 2976 Romam
1225 2945 1428 2977 evocatus.
1477 2937 1546 2975 Cf.
1599 2936 1954 2986 BRAUNSBERGER,

324 3000 375 3038 B.
398 2999 449 3037 P.
476 3000 642 3037 Canisiz‘
657 2999 794 3045 epist„
816 2996 867 3040 II,
887 2997 969 3041 513,
989 2997 1071 3035 557.

370 3059 384 3081 ⁵
436 3059 480 3099 P.
503 3058 705 3099 Henricus
725 3056 979 3096 Blissemius.
