2038 3400
354 249 425 287 956
822 247 1037 283 LlTTERAE
1064 246 1420 291 QUADmMESTREs

310 353 472 391 animas
508 364 706 403 pascere,
745 364 828 388 non
866 361 1094 387 crumenas
1129 349 1327 399 implere.
1366 349 1430 386 De
1463 350 1652 401 collegio
1692 351 1808 389 aliud
1837 351 1931 390 fore

312 430 484 473 tempus
520 422 812 470 consultandj.
851 420 1017 459 Concio
1054 433 1227 470 quoque
1250 419 1412 458 ibidem
1442 420 1575 459 latine
1610 421 1757 460 habita
1792 428 1860 460 est
1879 422 1933 460 ad

311 495 545 533 canonicos
567 500 611 532 et
634 495 810 535 clerum.
835 492 904 529 vbi
937 491 1229 541 corruptelam
1252 503 1396 529 rerum
1420 491 1755 544 officiorumque
1792 495 1932 532 eccle-

310 566 584 604 siasticorum
621 566 911 603 uehementer
947 564 1076 600 Pater
1106 562 1178 600 ille
1214 562 1512 613 reprehendit,
1537 570 1581 603 et
1605 577 1702 603 cum
1725 566 1932 604 nonnullo

308 639 547 676 animorum
572 638 888 675 emolumento.
915 637 1010 673 Deo
1031 635 1137 673 laus.

361 709 396 747 5.
456 709 543 747 Sed
576 714 619 746 et
655 707 852 758 Appamij
893 709 1019 745 Pater
1050 712 1203 746 noster
1236 707 1480 746 Peletarius
1514 707 1733 758 frequenti
1765 710 1935 760 synodo

307 782 457 819 habuit
481 780 757 827 orati[o]nem
780 786 798 803 ³
819 778 872 816 ad
890 778 1069 826 clerum,
1091 779 1341 830 elegantem
1358 791 1408 816 ac
1425 778 1590 826 utilem,
1610 792 1737 829 quam
1753 793 1841 819 non
1862 780 1936 819 de-

308 856 482 894 fuerunt
506 856 577 906 qui
601 853 759 893 excudi
780 853 894 904 typis
914 851 1176 902 publiceque
1198 850 1383 901 proponj
1416 851 1596 889 vellent.
1620 851 1720 889 Non
1740 851 1830 902 it[a]
1853 853 1935 903 pri-

308 928 406 965 dem
430 927 649 973 Tolosam,
673 926 829 963 vrbem
850 924 870 948 b
890 922 1150 973 Aquitaniae
1182 922 1529 970 celeberrimam,
1564 935 1609 960 se
1642 923 1827 961 contulit
1857 925 1935 962 Pa-

309 1005 374 1036 ter
396 998 466 1036 ille
490 998 604 1036 idem
627 1003 789 1043 rector,
816 996 886 1033 ubi
910 1008 1005 1033 cum
1030 994 1167 1032 semel
1198 997 1328 1044 atque
1351 994 1509 1031 iterum
1538 994 1693 1032 fuisset
1725 995 1934 1044 cfon]cio-

308 1074 448 1116 natus,
475 1070 738 1118 tandemque
762 1066 995 1118 aliquoties
1016 1065 1258 1104 accersitus
1280 1065 1603 1103 solennioribus
1630 1065 1785 1104 diebus
1806 1079 1930 1118 roga-

308 1146 377 1179 tus
413 1146 494 1188 est,
532 1146 579 1178 vt
609 1148 625 1165 0
651 1139 921 1191 prouinciam
953 1138 1199 1188 susciperet
1228 1137 1339 1175 hanc
1369 1137 1503 1187 ipsam
1532 1138 1742 1188 proximis
1773 1139 1933 1176 aduen-

309 1220 376 1251 tus
398 1219 441 1251 et
463 1210 824 1263 quadragesimae
846 1209 1002 1248 diebus
1023 1209 1065 1247 in
1086 1208 1275 1260 quodam
1311 1209 1475 1259 templo
1512 1209 1695 1258 celebrj,
1733 1215 1778 1248 et
1816 1211 1933 1260 quod

308 1286 432 1324 bonis
454 1298 627 1336 semper
650 1282 1038 1322 concionatoribus
1057 1280 1212 1332 patuit.
1238 1280 1285 1319 Id
1306 1292 1413 1319 uero
1433 1293 1487 1319 eo
1510 1281 1530 1305 ‘1
1558 1281 1766 1320 libentius
1784 1282 1933 1320 admit-

309 1357 487 1395 tendum
509 1357 604 1403 fuit,
628 1356 746 1407 quod
767 1355 949 1406 amplius
971 1354 1071 1392 inde
1092 1353 1230 1404 frugis
1260 1366 1310 1392 ac
1342 1354 1627 1391 emolumenti
1649 1354 1934 1405 imposterum

308 1433 584 1481 expectetur.
608 1428 737 1467 Varie
760 1440 784 1466 a
804 1426 1023 1465 nonnullis
1044 1425 1148 1464 uiris
1180 1425 1353 1476 optimis
1383 1430 1529 1463 actum
1562 1430 1630 1463 est
1660 1425 1715 1464 de
1746 1432 1938 1465 statuen-

307 1503 362 1542 do
384 1501 546 1540 ibidem
568 1500 780 1539 Societati
799 1499 1006 1550 collegio;
1025 1496 1273 1536 videbimus
1294 1509 1424 1548 quem
1448 1502 1655 1536 euentum
1677 1510 1747 1536 res
1768 1497 1935 1536 habitu-

309 1587 356 1612 ra
377 1573 446 1612 sit.
472 1574 711 1624 Pergratae
733 1577 833 1609 sunt
855 1583 959 1608 sane
981 1569 1141 1620 ubique
1165 1571 1340 1607 Parrum
1372 1576 1389 1594 ‘³
1419 1575 1669 1608 nostrorum
1691 1570 1817 1608 bonis
1849 1584 1936 1608 om-

308 1645 435 1683 nibus
457 1644 712 1691 conciones,
736 1643 858 1681 malis
879 1655 988 1680 vero
1012 1646 1056 1680 et
1077 1642 1145 1691 ijs,
1169 1641 1242 1691 qui
1271 1641 1403 1679 fidem
1433 1647 1665 1693 negarunt,
1698 1642 1934 1681 infensissi-

308 1729 419 1755 mae.
457 1717 502 1754 In
536 1716 618 1754 hac
653 1727 757 1753 sane
791 1715 1009 1765 palaestra
1044 1713 1267 1764 egregiam
1298 1713 1476 1751 nauauit
1506 1714 1719 1751 hactenus
1756 1726 1933 1765 operam

310 1789 358 1826 R.
384 1790 430 1826 P.
456 1787 716 1833 Peletarius,
741 1786 864 1824 cuius
885 1786 1127 1824 absentiam
1150 1784 1323 1823 interim
1342 1784 1451 1823 alius
1470 1797 1494 1823 e
1515 1786 1677 1823 nostris
1699 1786 1932 1837 supplebit,

311 1860 412 1899 dum
435 1861 625 1899 Tolosae
648 1859 909 1898 diuersatur.

363 1930 405 1970 6.
467 1931 597 1981 Quod
619 1931 672 1969 ad
694 1929 862 1981 reliqua
883 1935 927 1968 et
949 1930 1194 1968 domestica
1226 1929 1409 1980 negotia
1429 1929 1601 1976 attinet,
1631 1929 1686 1968 de
1708 1930 1935 1980 spirituali-

310 2004 389 2042 bus
410 2004 581 2054 loquor,
604 2015 691 2040 non
713 2002 857 2040 habeo
888 2001 991 2052 quid
1021 2001 1179 2048 dicam,
1203 2000 1343 2039 omnis
1372 2014 1518 2052 pugna
1538 2006 1689 2039 nostra
1715 2001 1822 2040 foris
1852 2008 1934 2049 est,

310 2075 413 2113 nihil
435 2080 481 2113 ut
503 2075 715 2126 reliquum
748 2074 802 2112 sit
822 2074 950 2112 nobis
984 2073 1197 2124 temporis
1228 2071 1588 2124 suggestionibus
1619 2073 1933 2122 auscultandis,

309 2159 420 2198 quae
444 2145 596 2185 otiosis
617 2145 867 2184 hominibus
891 2150 934 2183 et
955 2145 1121 2195 pacatis
1143 2158 1167 2182 a
1188 2146 1349 2184 Satana
1368 2144 1541 2182 immitti
1579 2145 1738 2182 solent.
1764 2145 1935 2184 Consti-

310 2218 504 2257 tutiones
524 2218 762 2256 Societatis
783 2221 961 2256 nostrae
992 2217 1265 2268 plaerasque,
1290 2229 1377 2254 non
1400 2217 1671 2267 cogitatione
1695 2217 1850 2264 solum,
1873 2217 1935 2255 vti

310 2291 359 2328 fit
384 2289 631 2341 aliquando,
656 2302 704 2327 se
727 2295 771 2327 et
793 2300 840 2326 re
862 2289 953 2340 ipsa
975 2288 1311 2339 comprobamus
1334 2287 1632 2326 sanctissimas
1666 2300 1718 2325 ac
1747 2287 1758 2311 f
1784 2287 1936 2326 rectis-

310 2362 454 2399 simas.
478 2362 532 2399 Et
554 2360 751 2411 quamuis
771 2372 950 2410 perraro
973 2360 1189 2397 humanae
1208 2357 1536 2397 consolationes
1552 2371 1633 2396 nos
1649 2359 1933 2405 inflamment,

309 2433 487 2471 reiectis
509 2432 623 2471 enim
645 2433 686 2470 in
707 2432 819 2470 hanc
854 2437 1095 2469 extremam
1117 2430 1303 2469 Galliam
1339 2431 1411 2468 uix
1434 2430 1489 2468 de
1520 2430 1747 2469 Societate
1778 2427 1937 2482 aliquid

309 2505 458 2543 audire
481 2502 754 2549 conceditur3
777 2516 863 2541 non
886 2502 1013 2541 deest
1034 2506 1181 2540 tamen
1204 2502 1366 2540 nostris
1403 2502 1604 2540 omnibus
1635 2502 1810 2553 spiritus
1832 2515 1935 2541 vnc-

309 2576 460 2623 tionis,
484 2576 554 2626 qui
574 2575 801 2613 confirmat
824 2573 1155 2625 consolidatque
1179 2574 1363 2612 animos.
1386 2574 1529 2624 Quem
1550 2586 1637 2611 non
1655 2571 1820 2611 meritis
1840 2586 1938 2612 nos-

307 2647 400 2694 tris,
425 2647 502 2686 sed
519 2648 622 2697 jesu
647 2646 807 2685 Christi
828 2646 1036 2696 imprimis
1069 2645 1308 2692 beneficio,
1346 2651 1437 2683 tum
1458 2657 1567 2683 vero
1590 2645 1690 2692 tuis,
1716 2646 1936 2684 Reueren-

311 2719 365 2757 de
388 2720 533 2765 Pater,
559 2723 602 2756 et
626 2719 801 2756 Patrum
824 2711 1121 2755 assistentium
1156 2717 1429 2768 aliorumque
1463 2716 1653 2754 omnium
1688 2720 1938 2754 nostrorum

310 2788 531 2841 suffragijs
552 2787 851 2836 sanctissimis,
891 2788 1154 2828 obtinemus.
1181 2789 1324 2838 Quem
1352 2788 1388 2827 si
1408 2793 1623 2839 perpetuo
1660 2794 1800 2837 eaque
1835 2800 1936 2826 con-

353 2953 372 2972 a
414 2952 616 2989 Abscissa
638 2951 791 2987 charta
811 2950 855 2986 in
865 2949 964 2995 fine
981 2960 1134 2986 versus
1152 2950 1222 2987 hic
1237 2953 1275 2987 et
1295 2949 1374 2996 inf.
1428 2950 1495 2974 —b
1516 2948 1656 2985 vrbem
1671 2952 1811 2994 supra
1824 2959 1935 2987 vers.

308 3021 373 3039 -ο
410 3017 451 3047 vt
486 3014 623 3057 supra
659 3020 769 3046 vers.
824 3009 892 3035 —d
928 3021 976 3046 eo
1007 3013 1145 3055 supra
1175 3019 1285 3046 vers.
1353 3030 1384 3034 -
1401 3016 1419 3035 e
1455 3008 1624 3046 Patrum
1657 3010 1795 3054 supra
1825 3018 1934 3046 vers.

311 3073 367 3098 -ί
394 3082 441 3108 ac
461 3074 599 3116 supra
618 3080 728 3107 vers.
1264 3068 1266 3070 ’
1304 3074 1305 3077 ’
1804 3077 1808 3082 ·
