2038 3400
583 244 925 283 377.—LAURET0
955 246 997 282 12
1026 246 1131 294 MAJi
1160 249 1250 285 1560
1613 251 1682 288 647

104 348 350 399 turpissima
375 348 517 386 fuerat
541 348 595 386 ob
618 346 746 398 idque
768 360 845 397 per
868 349 1027 385 multos
1049 362 1184 387 annos
1207 351 1528 389 confessionem
1551 352 1726 391 distule-

104 420 186 469 rat)
208 419 447 457 sceleribus
468 431 515 456 se
536 419 693 457 iterum
716 425 917 469 tanquam
941 433 1012 457 sus
1035 421 1074 457 in
1099 421 1330 459 volutabro
1355 423 1429 459 luti
1453 422 1724 471 inuoluissvt,

105 503 211 529 6666
232 504 348 529 nouo
373 496 415 528 et
444 490 649 542 singulari
680 492 761 529 Dei
792 504 971 529 munere
1003 492 1104 529 illud
1139 493 1176 529 in
1209 493 1342 530 corde
1375 506 1451 530 suo
1484 495 1616 532 audit:
1653 497 1724 542 tili,

105 563 336 600 Lauretum
362 574 513 613 perge,
549 567 591 600 et
614 562 730 612 quod
752 562 915 600 vouisti
937 563 1031 599 Deo
1063 576 1116 600 ne
1141 564 1324 600 moreris
1355 564 1557 602 reddero.
1585 566 1726 603 Adim-

102 634 205 683 plet,
230 634 425 684 quamuis
459 638 682 684 peccator,
718 634 799 671 Dei
828 634 1006 671 iussum.
1031 634 1119 671 Sed
1150 648 1280 672 vnum
1305 641 1396 672 erat
1433 637 1546 685 quod
1586 638 1727 686 operis

102 705 303 742 meritum
336 705 510 743 omnino
544 704 826 755 impediebat,
861 706 1096 743 obstinatio
1129 707 1297 743 scilicet
1328 707 1369 743 in
1400 708 1607 756 peccatis,
1642 709 1726 745 Sed

103 781 146 813 et
180 776 291 813 hanc
320 776 504 814 mirabili
524 777 689 825 pietate
713 774 753 813 ei
782 776 960 813 abstulit
992 778 1124 823 Deus,
1158 777 1338 821 meritis,
1364 783 1409 813 vt
1446 778 1626 815 credere
1663 779 1726 815 fas·

104 852 184 894 est,
210 853 253 885 et
274 847 477 898 precibus
499 847 795 897 pientissimae
818 847 980 885 Matris.
1006 847 1115 884 Nam
1136 848 1262 884 nouis
1286 848 1645 885 illustrationibus
1673 849 1727 886 de

101 918 218 956 vitae
243 918 550 956 emendatione
573 931 597 956 a
620 917 805 956 Domino
829 918 1045 964 visitatur,
1068 904 1159 968 ipse
1185 931 1290 955 vero
1314 924 1514 969 tanquam
1554 920 1728 957 rebellis

102 990 230 1028 surda
252 1002 356 1028 aure
393 990 536 1028 omnia
568 990 814 1040 preteriens
844 990 930 1027 1106
967 988 1125 1039 oppido
1163 991 1382 1028 excedere
1414 991 1648 1034 1iitebatur3
1686 997 1729 1029 et

101 1075 247 1100 rursus
282 1074 306 1100 a
340 1061 491 1112 spiritu
522 1062 603 1100 Dei
637 1062 679 1099 in
700 1063 909 1112 templum
945 1061 1171 1112 agebatur,
1209 1062 1251 1099 in
1286 1074 1370 1112 quo
1407 1074 1489 1099 nec
1511 1063 1727 1100 consessa-

100 1132 260 1171 riorum
296 1138 520 1184 aspectum
551 1145 694 1184 neque
717 1131 1014 1171 conscientiae
1039 1145 1141 1170 suae
1166 1132 1383 1170 stimulum
1405 1137 1578 1182 poterat
1601 1134 1725 1172 susti-

100 1217 221 1251 nere,
241 1205 319 1243 sed
340 1211 558 1255 tamquam
580 1217 730 1243 amens
750 1204 901 1253 templi
923 1209 1183 1242 structuram
1216 1209 1259 1241 et
1290 1204 1472 1241 tabellas
1503 1205 1728 1243 miraculo-

101 1289 193 1313 rum
227 1276 494 1321 intuebatur,
532 1280 589 1322 et,
628 1275 743 1325 quod
765 1274 959 1313 mirabile
982 1275 1101 1313 dictu
1123 1280 1204 1321 est,
1231 1274 1371 1313 victus
1394 1275 1623 1325 aliquoties
1654 1276 1727 1314 im-

100 1347 309 1396 patientia
327 1351 369 1384 et
391 1347 536 1397 grauis
556 1347 812 1384 tentationis
834 1347 998 1397 impetu
1022 1358 1075 1383 ex
1108 1347 1271 1395 templo
1305 1345 1532 1384 discedere
1564 1347 1727 1385 niteba-

100 1423 183 1465 tur,
209 1424 253 1456 et
270 1418 487 1456 interdum
505 1418 579 1456 vbi
596 1423 746 1456 essent
767 1418 886 1456 fores
906 1418 1057 1468 templi
1079 1431 1165 1455 non
1184 1417 1560 1467 deprehendebat,
1584 1419 1625 1456 in
1642 1433 1727 1470 quo

102 1489 369 1540 deplorando
393 1489 631 1527 certamine
654 1489 797 1527 triduo
823 1494 1095 1535 consumato,
1121 1488 1221 1526 dum
1244 1490 1413 1526 missam
1436 1488 1477 1526 in
1509 1503 1632 1528 sacro
1664 1504 1727 1528 sa-

102 1561 214 1599 cello
249 1561 434 1607 audiret,
473 1573 630 1599 vocem
664 1560 987 1611 quodammodo
1025 1560 1273 1598 sensibilem
1308 1560 1426 1597 visus
1464 1567 1529 1598 est
1560 1561 1725 1608 audire,

100 1644 211 1683 quae
247 1645 345 1671 eum
380 1633 553 1670 iuberet
584 1632 799 1670 confiteri.
839 1632 996 1682 Sicque
1032 1631 1207 1669 tandem
1244 1631 1386 1668 victus
1422 1632 1475 1669 ad
1512 1645 1641 1671 vnum
1675 1646 1727 1671 ex

102 1703 301 1741 Patribus
332 1703 553 1750 conuenit,
592 1704 658 1741 cui
691 1716 847 1754 magna
869 1715 966 1741 cum
988 1703 1307 1752 lachrymarum
1336 1707 1539 1743 vbertate
1563 1710 1605 1742 et
1636 1705 1728 1743 aliis

100 1787 233 1812 verae
261 1775 529 1824 penitentiae
562 1774 710 1825 signis,
743 1780 927 1825 peccata
948 1787 1025 1812 sua
1047 1781 1272 1826 totamque
1291 1775 1353 1814 rei
1382 1777 1540 1815 seriem
1575 1789 1728 1826 propa-

101 1846 220 1883 lauit.

158 1921 217 1949 12.
279 1910 465 1961 Quidam
488 1911 618 1950 etiam
640 1911 847 1949 Nicolaus
869 1913 1079 1962 panonius
1098 1914 1305 1960 Catanae,
1332 1913 1521 1951 ciuitatis
1538 1912 1726 1958 Siciliae,

99 1983 264 2033 impetu
287 1982 509 2021 cuiusdam
542 1983 640 2033 equi
663 1982 927 2029 confractus,
961 1989 1004 2021 et
1036 1984 1212 2022 brachio
1237 1986 1411 2022 omnino
1444 1985 1726 2029 comminuto.

100 2053 142 2091 in
177 2054 339 2091 lectulo
372 2066 449 2092 suo
472 2054 596 2092 breui
627 2054 862 2092 moriturus
885 2055 1072 2102 iacebat,
1098 2069 1195 2093 cum
1217 2057 1270 2093 ab
1292 2057 1431 2093 amico
1455 2056 1641 2106 quodam
1670 2056 1728 2092 in-

102 2125 269 2172 uisitur,
309 2131 354 2162 et
386 2130 434 2163 vt
469 2126 618 2163 salutis
655 2138 759 2164 suae
790 2139 936 2164 curam
971 2127 1249 2166 beatissimae
1283 2128 1448 2178 Virgini
1478 2129 1728 2165 lauretanae

103 2196 396 2243 commiteret,
420 2196 547 2235 facile
566 2197 874 2247 persuadetur3
898 2199 1021 2235 vouit
1044 2199 1191 2248 itaque
1215 2211 1262 2236 se
1286 2212 1369 2236 vna
1391 2212 1487 2236 cum
1510 2199 1647 2236 amico
1671 2198 1729 2235 in-

101 2268 292 2306 uisurum
322 2268 434 2306 hanc
465 2280 631 2306 sacram
654 2269 901 2315 ecclesiam,
936 2270 970 2306 si
1002 2270 1041 2307 ei
1070 2270 1160 2307 vita
1191 2270 1529 2315 concederetur,
1563 2276 1605 2307 et
1628 2282 1726 2306 mox

102 2351 254 2377 somno
279 2339 526 2389 corripitur,
550 2351 736 2389 cumque
759 2339 871 2378 dulci
905 2353 1065 2391 sopore
1089 2346 1288 2391 tanquam
1322 2342 1361 2378 in
1396 2342 1613 2391 piissimae
1644 2352 1728 2377 ma-

102 2410 178 2448 tris
208 2411 377 2461 gremio
401 2410 755 2460 conquiesceret,
780 2411 888 2449 vidit
911 2423 957 2449 se
979 2425 1056 2462 per
1088 2424 1239 2450 manus
1261 2413 1426 2450 Beatae
1449 2411 1637 2462 Virginis
1666 2424 1724 2448 sa-

100 2481 283 2519 nitatem
322 2481 536 2532 recipere,
580 2487 624 2518 et
672 2482 882 2532 euigilans
922 2495 969 2521 se
1010 2484 1184 2521 omnino
1233 2496 1381 2521 sanum
1423 2482 1724 2533 deprehendit.

103 2550 242 2590 Huius
262 2565 371 2591 vero
395 2553 539 2591 socius
563 2551 693 2590 etiarn
724 2548 851 2590 nobis
886 2553 1034 2591 retulit
1069 2553 1201 2604 quod,
1234 2559 1465 2605 postquam
1486 2554 1597 2590 illius
1620 2565 1727 2590 uxor

101 2636 179 2674 per
200 2623 447 2674 quindecim
470 2623 564 2662 dies
595 2624 717 2675 graui
750 2624 995 2675 egritudine
1027 2625 1284 2673 laborasset,
1311 2631 1354 2663 et
1376 2626 1524 2663 insana
1555 2625 1726 2662 omnino

105 2694 266 2732 effecta
285 2693 454 2742 fuisset,
489 2695 647 2733 emissa
668 2694 721 2733 ad
752 2695 833 2733 Dei
855 2696 1113 2746 genitricem
1146 2697 1359 2742 oratione,
1391 2702 1522 2734 nocte
1545 2694 1726 2745 quadam

104 2765 334 2803 sanitatem
355 2763 565 2816 recaepit.
590 2765 699 2803 Sunt
722 2770 766 2803 et
787 2766 869 2803 alia
890 2766 1023 2803 multa
1044 2766 1169 2804 huius
1191 2767 1382 2817 generis,
1405 2778 1516 2817 quae
1533 2765 1727 2815 quotidie

102 2836 228 2874 nobis
249 2836 511 2883 referuntur,
536 2837 578 2874 in
600 2849 783 2886 quorum
801 2837 1098 2875 testimonium
1120 2838 1299 2875 votiuae
1323 2838 1510 2875 tabellae
1532 2836 1726 2886 quotidie

103 2907 144 2945 in
179 2908 265 2945 hoc
294 2908 457 2958 templo
489 2908 805 2958 relinquuntur,
829 2920 938 2958 quae
971 2913 1017 2945 ut
1047 2909 1240 2959 longum,
1274 2910 1333 2947 ita
1354 2909 1585 2946 molestum
1609 2912 1727 2945 esset

104 2990 355 3017 recensere.

163 3054 222 3091 13.
283 3044 510 3095 Reliquum
535 3050 615 3092 est,
641 3044 874 3083 admodum
896 3044 1003 3083 Rde.
1028 3046 1115 3093 Pr„
1139 3049 1186 3084 vt
1208 3045 1262 3083 de
1284 3045 1444 3084 nostris
1464 3043 1642 3095 priuatis
1663 3055 1728 3081 re-
