2038 3400
373 245 441 282 444
848 247 1068 284 LITTERAE
1097 248 1453 292 QUADR1MESTRES

326 347 437 385 velis
459 359 537 385 seu
570 349 767 386 manibus
790 350 830 386 in
866 350 1188 387 concauitatem
1221 350 1473 397 contractis,
1506 362 1727 400 aspersam
1758 351 1957 401 recipere

326 418 534 468 gaudent.
559 420 751 471 Suspiria
774 427 817 459 et
839 423 1047 472 gemitus,
1081 421 1253 472 quando
1277 422 1460 459 materia
1480 421 1631 459 incidit
1651 422 1954 469 lamentabilis,

325 490 573 538 audiuntur,
607 497 653 530 ut
683 493 726 530 in
760 493 916 531 italicis
952 494 1204 531 mulieribus
1237 492 1496 544 contingere
1528 494 1656 532 solet.
1687 495 1810 532 Haec
1841 499 1885 532 et
1916 493 1957 531 id

325 575 465 614 genus
485 564 581 611 alia,
610 570 655 601 ut
678 571 776 602 sunt
798 564 850 602 ad
873 566 1009 603 altare
1030 566 1072 602 in
1095 565 1271 602 summis
1301 564 1427 602 festis
1449 571 1493 602 et
1514 578 1594 615 pro
1628 566 1810 603 mortuis
1843 565 1957 603 obla—

327 634 470 672 tiones
501 634 759 685 frequentes
782 641 885 681 etc.,
919 636 1126 673 adiuuant
1147 648 1288 673 meam
1310 636 1662 674 incredulitatem
1687 638 1693 656 ¹
1730 648 1785 674 ne
1807 635 1860 675 de
1893 649 1958 674 re-

325 705 534 744 ductione
574 719 625 744 ac
666 707 806 744 salute
843 708 1061 745 communi
1100 707 1287 745 nationis
1323 708 1600 758 germanicae
1641 708 1958 745 conclamatum

326 790 425 816 esse
456 783 620 827 putem.
646 778 713 816 Me
747 778 958 829 siquidem
989 779 1208 816 interdum
1232 780 1271 816 in
1306 779 1388 817 hac
1418 792 1465 817 re
1485 780 1503 799 a
1524 779 1823 817 nutabundum
1852 779 1959 817 fecit

326 851 620 889 consideratio
644 852 787 901 magni
810 851 1033 889 cuiusdam
1057 864 1288 889 successus
1310 852 1634 890 haereticorum
1656 853 1698 890 in
1734 864 1810 889 sua
1830 852 1958 902 perfi-

325 922 394 960 dia
414 923 432 946 ¹³
456 928 499 960 et
522 923 782 961 seductione
801 923 952 960 mirum
975 924 1012 960 in
1030 923 1206 961 modum
1226 924 1563 973 proficientium,
1583 924 1843 974 praesertim
1861 936 1958 962 cum

324 995 439 1032 nulla
460 994 673 1041 viderem,
707 1000 780 1032 aut
815 995 940 1032 nimis
963 994 1085 1032 tarda
1114 996 1253 1045 parari
1285 995 1497 1033 aduersus
1528 1000 1691 1033 tantam
1722 996 1863 1033 labem
1894 1009 1958 1033 re-

324 1065 481 1103 media.
507 1065 596 1103 Sed
619 1079 766 1103 rursus
789 1078 885 1103 cum
909 1073 925 1090 e
947 1079 1001 1103 ex
1025 1065 1170 1103 diuina
1192 1067 1426 1104 clementia
1446 1067 1629 1104 istorum
1652 1067 1958 1118 magistrorum

326 1137 486 1174 erroris
507 1137 729 1187 patefacta
751 1137 804 1174 sit
828 1138 921 1175 orbi
945 1138 1191 1187 insipientia
1214 1143 1256 1175 et
1278 1137 1570 1189 ignominiosa
1591 1138 1718 1176 valde
1742 1138 1956 1184 confusio,

326 1213 369 1245 et
404 1208 600 1246 haeresis
631 1209 849 1247 haeresim
881 1209 1306 1247 irreconciliabiliter
1338 1216 1577 1261 oppugnet,
1612 1215 1655 1248 et
1690 1211 1813 1248 multi
1836 1222 1889 1248 ex
1907 1210 1959 1259 ijs

323 1279 395 1329 qui
418 1279 590 1317 seducti
612 1286 726 1327 sunt,
750 1280 851 1318 hinc
873 1280 925 1317 ad
948 1281 1294 1330 resipiscentiam
1318 1293 1365 1318 se
1388 1281 1634 1332 disponant3
1657 1294 1708 1319 ac
1728 1286 1961 1332 praeterea

324 1356 391 1388 tot
412 1351 588 1388 nomina
624 1364 776 1389 eorum
799 1351 871 1402 qui
902 1365 988 1389 non
1020 1350 1317 1390 adorauerunt
1338 1353 1573 1404 imaginem
1596 1354 1780 1400 bestiae,
1814 1365 1960 1403 super-

325 1424 408 1461 sint
426 1426 454 1470 '23
473 1423 567 1473 quis
584 1436 671 1461 non
689 1423 742 1461 de
762 1424 906 1461 diuina
923 1424 1120 1462 bonitate
1140 1424 1347 1471 confisus,
1364 1424 1417 1463 de
1436 1426 1567 1463 rebus
1585 1425 1847 1476 germanicis
1865 1437 1960 1476 spe-

325 1501 391 1532 ret
415 1494 595 1533 meliora
618 1499 660 1532 et
684 1495 894 1533 viciniora
912 1496 1058 1534 saluti?
1079 1497 1106 1533 ³.
1128 1496 1206 1533 His
1225 1496 1424 1534 omnibus
1446 1496 1619 1535 accedit
1646 1497 1763 1548 quod
1786 1502 1829 1534 et
1850 1497 1960 1547 prin-

325 1567 444 1618 cipes
466 1567 692 1618 vtriusque
715 1573 854 1604 status
876 1568 1027 1605 maiori
1047 1581 1161 1605 nunc
1182 1581 1309 1618 quam
1339 1569 1526 1606 antehac
1552 1581 1739 1618 vnquam
1771 1569 1961 1606 solicitu-

325 1638 423 1676 dine
447 1639 566 1689 tangi
587 1638 818 1676 videantur
839 1638 892 1676 ad
914 1639 1177 1676 inuenienda
1198 1652 1249 1677 ac
1269 1640 1458 1689 paranda
1481 1640 1794 1690 opportuniora
1820 1638 1962 1677 med³a

324 1724 507 1760 quorum
539 1723 621 1761 ope
652 1710 901 1748 incendium
937 1711 1224 1761 grassantium
1253 1712 1484 1749 haeresum
1516 1712 1811 1762 extinguatur.
1846 1712 1962 1749 Inter

325 1784 404 1820 hos
422 1782 559 1832 magis
575 1782 798 1819 accinctus
822 1782 994 1820 videtur
1018 1783 1162 1820 Rmus.
1187 1783 1543 1833 archiepiscopus
1566 1782 1904 1834 saltzburgensis
1931 1786 1958 1828 4,

324 1867 453 1905 quem
493 1854 613 1891 hisce
650 1853 804 1891 diebus
838 1859 1172 1903 percontantem
1213 1854 1266 1892 de
1304 1855 1472 1892 ratione
1514 1860 1557 1892 et
1594 1854 1750 1903 officijs
1784 1859 1960 1892 nostrae

325 1925 561 1965 Societatis
592 1924 645 1961 ad
676 1925 849 1973 plenum
882 1925 1085 1962 instruxit
1116 1931 1266 1963 noster
1297 1926 1368 1962 hic
1399 1926 1683 1963 cancellarius
1706 1925 1864 1963 Eckius
1884 1937 1961 1975 per

325 1999 509 2043 litteras3
543 2001 586 2034 et
622 2007 736 2032 nunc
768 2009 821 2032 ex
859 1995 952 2032 eius
988 1995 1007 2019 (ἰ
1039 1996 1145 2033 Rmi.
1189 2009 1401 2046 responso
1438 1997 1642 2047 intelligit
1677 1996 1742 2045 (ut
1777 1997 1962 2046 ipsemet

326 2069 427 2107 mihi
450 2069 532 2106 iam
553 2068 619 2105 bis
640 2067 849 2115 narrauit)
872 2066 1146 2117 designatum
1173 2082 1270 2106 esse
1293 2069 1375 2105 iam
1398 2069 1541 2106 locum
1563 2068 1724 2106 nostris
1745 2068 1787 2106 in
1816 2067 1960 2106 medio

327 2141 449 2191 quasi
485 2139 537 2189 (?)
576 2138 779 2184 ciuitatis,
819 2144 862 2176 et
898 2151 983 2175 non
1016 2139 1087 2175 ubi
1119 2139 1235 2189 prius
1272 2140 1311 2177 in
1346 2145 1468 2189 parte
1510 2139 1627 2177 vrbis
1657 2152 1682 2176 a
1715 2139 1962 2190 frequentia

329 2211 477 2263 populi
499 2210 636 2260 magis
660 2215 843 2247 semota.
868 2210 1070 2247 Arbitror
1097 2211 1140 2247 R.
1166 2211 1212 2248 P.
1234 2212 1284 2248 V.
1310 2210 1363 2248 de
1387 2210 1599 2249 mittenda
1620 2211 1721 2248 illuc
1741 2211 1921 2249 fratrum
1944 2217 1961 2235 e

326 2283 498 2322 colonia
519 2287 592 2319 aut
627 2282 710 2318 iam
748 2294 845 2318 esse
882 2280 1163 2323 admonitam,
1197 2288 1270 2319 aut
1292 2282 1418 2320 breui
1447 2282 1767 2320 admonendam
1805 2296 1960 2334 rogan-

326 2355 497 2393 damue.
520 2354 752 2391 Postremo
771 2351 889 2402 quod
907 2352 959 2389 ad
978 2353 1297 2391 institutionem
1319 2366 1556 2404 puerorum
1571 2354 1743 2399 attinet,
1762 2354 1805 2391 in
1827 2354 1960 2392 fundo

325 2427 452 2464 huius
488 2423 743 2471 monasterij
781 2429 957 2473 paratae
996 2430 1093 2460 sunt
1124 2438 1225 2462 aere
1264 2425 1367 2463 dicti
1398 2425 1602 2475 principis
1624 2425 1761 2462 nostri
1784 2426 1960 2464 scholae

326 2496 561 2536 admodum
585 2501 781 2541 ornatae,
806 2495 962 2544 quibus
984 2501 1127 2533 tamen
1151 2496 1311 2546 aliquid
1333 2496 1460 2534 deest
1483 2510 1537 2534 ex
1568 2501 1660 2534 arte
1691 2496 1799 2533 fabri
1830 2497 1962 2547 ligna-

328 2569 376 2618 rij
410 2567 722 2617 adijciendum3
755 2566 833 2604 sed
865 2580 961 2605 cum
983 2567 1235 2605 videremus
1256 2569 1309 2606 ab
1331 2568 1453 2606 initio
1476 2567 1692 2606 aduentus
1712 2573 1962 2606 nostrorum

374 2706 392 2724 ἃ·
443 2717 487 2741 re
506 2708 644 2749 supra
664 2713 774 2738 vers.
796 2701 881 2738 ead
901 2712 1053 2738 manu.
1133 2703 1198 2727 -b
1220 2702 1374 2739 Praec.
1395 2714 1433 2739 v.
1451 2706 1588 2749 supra
1608 2713 1717 2739 vers.
1788 2711 1850 2729 —0
1871 2715 1962 2740 cum

326 2771 465 2811 supra
484 2773 592 2800 vers.
616 2761 770 2799 eadem
791 2772 943 2798 manu.
1012 2762 1076 2786 -d
1099 2761 1294 2799 eiusdem.
1360 2769 1424 2788 —e
1449 2762 1602 2799 Praec.
1624 2773 1663 2799 v.
1685 2767 1822 2808 supra
1850 2773 1959 2800 vers.

380 2889 385 2906 ¹
441 2884 504 2922 Cf.
532 2883 687 2926 Mimo,
710 2880 857 2922 1X.23.

378 2948 390 2966 ²
442 2943 504 2981 Cf.
524 2943 672 2983 Apoc,
695 2940 789 2985 XX,
811 2941 843 2976 4.

377 3007 390 3026 ³
442 3003 508 3041 Cf.
530 3002 682 3046 HEBR„
708 3001 779 3044 Vi,
799 3001 835 3038 9.

377 3067 391 3086 ⁴
442 3062 621 3101 Michael
640 3074 663 3099 a
682 3060 924 3107 Kuenburg.
