2038 3400
373 296 444 334 612
864 295 1084 335 LITTERAE
1110 297 1469 343 QUADRIMESTRES

328 401 400 450 qui
423 413 478 438 ex
501 401 725 439 consortio
748 414 982 452 prauorum
1003 403 1226 441 hominum
1258 401 1419 454 aliquid
1450 403 1556 441 labis
1578 404 1620 441 in
1642 404 1835 442 moribus
1859 418 1960 444 con-

328 473 514 511 traxisse
536 473 651 511 haud
673 474 914 523 ignoretur.
940 474 987 513 Id
1011 475 1124 512 enim
1147 480 1215 512 est
1237 474 1545 526 compendium
1569 481 1612 512 et
1633 475 1800 514 fructus
1831 489 1959 526 quem

327 545 438 594 parit
466 544 549 583 iste
584 545 828 592 conuictus,
860 546 1044 597 primum
1076 551 1122 583 ut
1152 546 1401 584 huiusmodi
1432 546 1757 590 adolescentes,
1792 548 1959 586 sublata

329 617 445 654 omni
481 615 716 655 occasione
752 618 864 656 male
904 617 1097 665 viuendi,
1136 618 1248 668 apud
1284 631 1364 656 nos
1400 619 1521 656 uelut
1556 617 1825 658 defricentur
1859 620 1878 638 ’ὦ
1911 633 1961 658 ac

327 688 494 725 discant
516 689 681 726 rectius
703 687 879 727 viuendi
903 690 1133 735 rationem,
1158 690 1406 740 priusquam
1430 690 1696 741 contagione
1718 691 1845 729 huius
1868 705 1960 729 cor-

325 760 560 809 ruptissimj
585 761 750 798 saeculi
771 760 1081 811 deprauentur.
1109 762 1279 800 Deinde
1301 768 1349 800 ut
1370 764 1508 813 pueri,
1528 776 1656 813 quam
1678 763 1879 801 adferant
1898 764 1960 801 vi-

327 837 397 869 tae
429 833 740 880 innocentiam,
771 834 1004 880 retineant,
1032 839 1075 871 et
1097 834 1138 871 in
1160 847 1327 872 summa
1350 848 1503 873 omnes
1527 835 1804 873 christianam
1825 835 1960 886 pieta-

326 909 415 941 tem
438 916 536 941 cum
559 903 808 943 eruditione
846 906 1128 956 coniungant.
1163 906 1209 943 Id
1242 919 1345 944 sane
1378 907 1461 944 iarn
1491 920 1579 945 non
1609 908 1702 945 sine
1734 907 1861 956 animj
1895 907 1958 956 suj

324 975 491 1014 laetitia
520 976 806 1026 quorumdam
837 982 1044 1027 parentes
1077 979 1378 1028 experiuntur3
1415 992 1525 1029 quos
1558 979 1671 1016 enim
1708 979 1808 1017 alibi
1842 979 1960 1030 prius

323 1047 519 1086 habuere
550 1048 774 1099 prodigos,
799 1049 979 1096 inertes,
1005 1062 1054 1087 ac
1075 1049 1302 1100 naufragio
1327 1063 1430 1088 suae
1454 1051 1604 1088 salutis
1635 1051 1876 1101 proximos3
1900 1051 1960 1088 vi-

324 1119 429 1158 dent
450 1133 565 1158 nunc
587 1120 666 1158 sub
689 1121 891 1159 custodia
913 1122 1088 1159 salutari
1111 1122 1367 1160 melioribus
1389 1123 1546 1172 studijs
1569 1122 1770 1161 alacriter
1799 1124 1960 1161 incum-

324 1191 446 1229 bere.
481 1192 575 1230 Hac
606 1192 776 1230 ratione
809 1192 928 1230 ducti
959 1193 1039 1230 viri
1072 1193 1202 1230 etiam
1233 1193 1450 1243 principes
1473 1206 1576 1231 suos
1597 1194 1796 1231 alumnos
1817 1194 1858 1231 in
1880 1194 1961 1231 hac

325 1262 550 1301 academia
572 1263 805 1314 degentes,
830 1277 940 1314 quos
973 1265 1039 1301 vel
1068 1270 1191 1302 aetas
1221 1265 1491 1314 prouectior,
1525 1266 1596 1303 vel
1628 1265 1870 1303 studiorum
1901 1265 1961 1302 di-

325 1347 454 1373 uersa
484 1335 594 1373 ratio
627 1347 651 1373 a
680 1341 832 1373 nostro
864 1342 987 1374 arcet
1018 1336 1241 1384 conuictu,
1275 1349 1409 1386 saepe
1437 1348 1621 1374 numero
1652 1337 1813 1374 nostris
1845 1348 1960 1374 corn-

324 1404 532 1444 mendant
554 1411 598 1444 et
626 1419 778 1445 eorum
811 1408 1011 1458 regimini
1043 1408 1346 1458 quadantenus
1379 1409 1602 1446 subiectos
1636 1420 1733 1445 esse
1766 1409 1957 1458 cupiunt.

1327 1479 1352 1527 ¹,
1377 1479 1602 1517 auditores
1625 1479 1787 1516 habent
1809 1479 1851 1517 in
1873 1492 1960 1516 me-

323 1478 543 1529 Theologi
574 1478 713 1517 nostri
743 1479 815 1529 qui
845 1480 1019 1530 publice
1040 1480 1303 1530 profitentur

323 1549 462 1589 diocri
495 1564 694 1589 numero:
728 1551 800 1601 qui
832 1552 968 1589 maior
1000 1553 1150 1601 procul
1183 1551 1316 1589 dubio
1351 1552 1482 1598 foret,
1517 1550 1551 1588 si
1583 1551 1736 1589 sathan
1766 1550 1858 1600 ipse
1891 1550 1960 1588 hic

323 1634 499 1673 quoque
521 1634 608 1660 non
629 1622 812 1660 haberet
835 1636 939 1660 suos
962 1623 1197 1671 ministros,
1222 1636 1406 1673 quorum
1432 1623 1603 1661 technis
1625 1629 1757 1673 atque
1779 1622 1959 1673 figmen-

321 1695 376 1732 tis
399 1694 676 1733 calumniosis
699 1694 892 1731 nonnulli
918 1706 972 1732 ex
995 1694 1203 1733 studiosis
1226 1708 1250 1732 a
1281 1707 1412 1732 sanae
1436 1694 1662 1732 doctrinae
1696 1693 1840 1732 studio
1872 1706 1958 1731 non

322 1772 631 1814 auocarentur3
655 1779 739 1816 qua
769 1767 810 1805 in
842 1780 888 1805 re
911 1767 1051 1805 videri
1073 1767 1227 1805 uolunt
1249 1780 1296 1804 se
1321 1768 1581 1817 obsequium
1602 1771 1827 1817 praestare
1862 1767 1956 1804 Deo

328 1851 404 1876 sua
425 1838 587 1876 inuidia
609 1850 659 1875 ac
680 1838 842 1875 malitia
864 1838 985 1876 caeci
1008 1851 1058 1876 ac
1080 1838 1310 1889 deprauati
1330 1839 1532 1876 homines

377 1920 414 1947 2.
476 1910 514 1948 Is
546 1922 652 1947 uero
685 1910 754 1960 qui
779 1910 994 1947 lectiones
1018 1909 1178 1960 repetit
1200 1909 1409 1947 studiosis
1433 1908 1537 1947 noui
1560 1909 1736 1960 collegij
1761 1908 1787 1956 ²,
1813 1908 1957 1946 diuina

325 1994 408 2032 ope
430 1981 619 2029 adiutus,
643 1981 687 2019 id
710 1981 874 2028 effecit,
901 1987 946 2019 ut
968 1995 1055 2020 non
1078 1982 1218 2020 solum
1241 1981 1267 2031 ij
1292 1982 1333 2019 in
1356 1982 1443 2019 suis
1465 1980 1780 2031 philosophicis
1803 1981 1957 2030 studijs

322 2053 595 2092 foeliciorem
618 2066 901 2105 progressum
923 2054 1098 2101 faciant,
1120 2067 1274 2092 verum
1298 2055 1429 2092 etiam
1453 2058 1498 2090 ut
1521 2066 1620 2091 sese
1643 2054 1780 2104 magis
1802 2059 1958 2091 tracta-

321 2126 431 2163 biles
468 2126 694 2176 magisque
730 2127 977 2177 morigeros
1013 2126 1186 2177 regentj
1221 2139 1299 2164 suo
1336 2126 1354 2150 b
1386 2126 1638 2174 exhibeant,
1673 2125 1955 2175 quemadmo-

323 2197 423 2235 dum
441 2198 627 2247 ipsemet
646 2210 806 2248 regens
824 2199 977 2235 testari
995 2199 1126 2236 solet.
1148 2199 1226 2236 His
1243 2196 1403 2235 accidit
1420 2196 1538 2248 quod
1557 2197 1955 2243 exhortationibus,

322 2276 412 2307 tum
442 2270 641 2320 publicis,
674 2276 765 2309 tum
796 2271 976 2320 priuatis
1007 2271 1073 2308 sui
1094 2271 1348 2321 repetitoris
1372 2270 1567 2307 crebrius
1591 2269 1882 2307 confiteantur
1914 2275 1957 2306 et

323 2342 663 2389 communicent,
687 2343 759 2380 ubi
795 2343 899 2380 alias
935 2343 989 2381 ad
1024 2344 1135 2381 haec
1171 2348 1448 2380 sacramenta
1483 2341 1555 2379 vix
1592 2342 1633 2379 in
1669 2354 1781 2379 anno
1820 2341 1955 2378 semel

323 2418 506 2465 possent
528 2414 726 2464 perpelli.

375 2499 413 2535 3.
477 2486 728 2526 Conciones
752 2493 838 2524 tam
860 2487 1138 2538 germanicae
1162 2500 1289 2537 quam
1311 2487 1472 2525 latinae
1494 2487 1726 2533 habentur,
1752 2485 1863 2523 sicut
1886 2497 1956 2522 an-

322 2560 469 2607 tehac,
495 2558 724 2597 dominicis
746 2572 796 2596 ac
817 2559 941 2597 festis
964 2559 1133 2597 diebus.
1159 2560 1382 2609 Vtraeque
1414 2559 1533 2596 viros
1564 2558 1727 2596 habent
1760 2555 1957 2594 eruditos

322 2630 547 2669 auditores
564 2636 739 2681 praeter
756 2632 991 2680 populares
1010 2636 1055 2668 et
1072 2631 1436 2669 scholasticorum
1454 2643 1534 2668 seu
1551 2629 1848 2668 studiosorum
1866 2628 1955 2666 vul-

369 2782 388 2801 a
438 2781 663 2819 deficentur
683 2792 761 2819 ms.
809 2783 874 2807 ——b
896 2781 992 2819 Del.
1013 2795 1070 2819 se.

371 2942 379 2960 ¹
432 2939 702 2984 Theologiam
722 2937 1015 2984 profitebantur
1045 2937 1126 2974 ΡΡ.
1155 2938 1334 2985 Joannes
1366 2937 1661 2981 Couvillonius‚
1694 2936 1955 2973 Hermannus

322 3000 552 3046 Thymens,
574 3004 613 3035 et
635 2998 870 3044 Alphonsus
890 2997 1063 3034 Pisanus
1083 2997 1223 3042 (Pisa).

370 3060 382 3079 ²
437 3058 541 3094 Vide
561 3071 596 3105 p.
618 3057 704 3094 315.
729 3056 766 3093 Is
787 3061 873 3093 erat
892 3057 1070 3094 Hermes
1088 3056 1372 3094 Semieolanus
1402 3055 1662 3102 (Halbpaur).
1696 3054 1804 3092 Vide
1835 3054 1952 3092 infer.

322 3119 438 3166 epist.
460 3119 624 3165 ingolst.
649 3118 663 3154 1
686 3115 798 3163 Sept.
820 3117 941 3164 hujus
960 3117 1070 3153 anni.
