2038 3400
361 240 431 276 328
807 238 1036 275 ·L1'1·1·ERAE
1063 238 1427 283 QUADfflMESTRES

313 348 380 380 tur
401 341 455 380 de
477 343 633 390 salute,
659 343 840 381 multum
870 355 1005 393 egere
1042 341 1207 388 uident,
1246 347 1336 379 turn
1372 341 1559 379 maxime
1594 339 1945 379 animaduertnnt

313 413 444 451 etiarn
466 425 514 452 se
535 412 764 464 plurimum
787 414 942 461 iuuari;
964 426 1099 465 quare
1121 425 1278 463 magna
1299 424 1396 450 cum
1418 412 1548 450 animi
1578 411 1864 457 iucunditate,
1902 416 1945 448 et

313 485 578 523 confitentur
602 491 646 522 et
668 485 1005 524 communicant.
1044 486 1231 523 Tantum
1266 483 1308 522 in
1340 494 1392 521 ea
1425 495 1473 521 re
1506 482 1754 532 proficiunt,
1791 482 1863 533 qui
1892 481 1946 519 ad

312 560 510 594 nostrum
532 569 579 594 se
596 557 807 608 templum
831 557 1079 604 conferunt,
1105 561 1151 594 ut
1171 557 1319 606 plures
1348 567 1400 592 ea
1420 559 1603 605 peccata
1623 566 1735 604 quae
1757 567 1781 592 a
1801 553 1946 591 multis

311 628 432 666 annis
454 627 837 667 dissimulauerant
858 629 929 678 (ob
952 642 1065 679 quae
1087 627 1415 679 confessionem
1443 626 1679 666 instituere
1714 639 1820 673 non,
1856 624 1948 663 m'sz?

316 699 362 738 in
383 701 652 738 nostrorum
674 699 906 750 colloquia
928 699 1209 747 incidissent,
1247 700 1562 749 decreuerant)
1582 698 1681 745 iam,
1719 698 1815 735 Deo
1837 697 1944 743 laus,

313 783 471 822 magno
493 784 590 810 cum
610 771 755 810 fructu
779 776 822 809 et
844 772 1002 809 mentis
1024 770 1297 809 iucunditate
1318 771 1360 808 in
1378 769 1658 809 confessione
1689 773 1863 807 secreta
1883 781 1947 806 sa-

313 842 483 881 cerdoti
501 842 769 881 detexerint.
793 844 893 881 Non
910 844 1038 893 pauci
1056 843 1187 880 etiam
1205 842 1264 880 illi
1282 845 1396 889 sunt,
1415 843 1487 892 qui
1505 839 1651 879 diuina
1669 852 1768 891 ope,
1790 844 1832 878 et
1848 853 1946 878 nos-

312 921 476 953 trorum
510 926 659 965 opera,
694 914 752 952 ita
785 914 1112 953 confessionem
1143 926 1322 952 suorum
1344 913 1625 952 instituerunt
1646 916 1945 964 peccatorum,

313 991 359 1024 ut
395 985 557 1024 relictis
594 986 816 1024 erroribus
851 998 902 1024 ac
937 986 1112 1024 haeresi
1147 986 1357 1032 abiurata,
1396 985 1613 1023 catholice
1653 984 1694 1022 in
1733 982 1948 1021 catholica

313 1058 503 1096 ecclesia
524 1062 901 1096 sacramentorum
922 1058 1004 1096 Dei
1027 1065 1044 1082 a
1066 1058 1254 1096 fructum
1270 1055 1527 1108 percipiant.

357 1130 395 1168 8.
449 1129 630 1168 Multum
648 1129 889 1167 adiumenti
906 1129 1063 1177 adfert,
1081 1130 1384 1181 pietatemque
1401 1134 1635 1179 promouet
1653 1128 1946 1174 christianam,

311 1206 433 1239 recta
453 1200 557 1239 noui
579 1201 756 1252 collegij
794 1213 1035 1252 pauperum
1057 1200 1290 1248 institutio,
1315 1200 1370 1238 de
1392 1213 1478 1251 quo
1503 1205 1569 1238 est
1599 1212 1814 1251 persaepe
1834 1199 1949 1238 facta

310 1271 413 1310 alias
454 1271 636 1311 mentio.
661 1272 772 1310 Cum
796 1273 911 1310 enim
935 1272 1173 1310 sabbatinis
1210 1271 1365 1310 diebus
1395 1271 1571 1322 uesperi
1606 1271 1818 1321 statisque
1854 1270 1948 1320 alijs

310 1344 584 1396 temporibus
606 1344 838 1382 laetaniam
871 1344 925 1382 ad
958 1344 1305 1383 ecclesiasticam
1336 1344 1450 1382 illam
1481 1342 1803 1389 salutationem,
1837 1355 1948 1392 quae

314 1417 468 1455 «Salue
506 1416 681 1467 regina»
721 1415 893 1463 dicitur,
920 1414 1171 1462 decantant,
1196 1421 1428 1454 accurrunt
1450 1414 1589 1463 multi,
1615 1415 1949 1465 excitanturque

311 1487 366 1525 ad
388 1488 616 1538 pietatem,
641 1500 692 1526 ac
714 1492 950 1525 mouentur
973 1492 1019 1525 ut
1042 1487 1335 1525 uehementer
1356 1499 1466 1536 quos
1497 1485 1695 1538 diligunt,
1733 1499 1757 1524 a
1789 1486 1949 1524 nostris

310 1559 492 1607 institui,
515 1571 567 1598 ac
587 1571 772 1597 numero
792 1559 1088 1610 collegialium
1109 1563 1564 1610 praememoratorum
1586 1557 1788 1606 adscribi,
1810 1564 1853 1596 et
1876 1570 1948 1609 op-

309 1635 405 1670 tent
428 1637 473 1669 et
489 1631 699 1669 maiorem
724 1632 766 1669 in
787 1631 965 1670 modum
986 1643 1010 1669 a
1031 1631 1158 1669 nobis
1178 1630 1222 1669 id
1243 1635 1396 1681 petant
1416 1635 1547 1682 atque
1570 1629 1852 1669 contendant.

363 1715 405 1751 c).
470 1703 538 1741 Ad
559 1704 672 1741 haec
693 1715 832 1753 pauca
854 1715 1007 1741 eorum
1030 1715 1143 1754 quae
1165 1702 1221 1741 de
1245 1702 1470 1752 exercitijs
1499 1702 1695 1749 fratrum,
1728 1714 1824 1740 cum
1857 1714 1949 1740 cor-

311 1776 547 1826 poralibus,
569 1782 661 1814 tum
684 1775 980 1826 spiritualibus
1007 1775 1050 1813 in
1076 1775 1424 1826 praesentiarum
1456 1780 1706 1821 occurrunt,
1743 1773 1944 1812 referam.

311 1846 514 1898 Aspirant
535 1848 595 1886 illi
617 1853 741 1886 certe
765 1845 818 1885 ad
841 1847 1231 1897 pulcherrimarum
1254 1847 1618 1885 consecutionem
1641 1844 1865 1893 uirtutum,
1898 1857 1949 1883 ac

314 1925 359 1957 ut
381 1919 435 1957 ad
456 1918 744 1969 periectionis
766 1919 938 1970 apicem
968 1919 1204 1969 peruenire
1235 1918 1417 1969 possint,
1448 1918 1567 1956 miris
1597 1917 1738 1956 modis
1769 1921 1948 1956 conten-

310 1990 431 2038 dunt,
455 1991 656 2041 adeoque
676 1991 695 2016 b
725 1988 899 2040 seipsos
923 1991 1125 2029 omnibus
1146 1990 1189 2029 in
1211 1990 1343 2028 rebus
1365 1989 1560 2036 uincere,
1583 2001 1635 2028 ac
1655 1989 1764 2027 alios
1797 1989 1948 2027 iuuare

310 2062 520 2109 nituntur3
556 2062 737 2101 nullum
762 2064 807 2101 iit
830 2070 846 2088 Ο
878 2062 1229 2101 mortificationis
1260 2073 1400 2112 genus
1435 2060 1659 2112 refugiant
1687 2061 1720 2100 d.
1756 2062 1948 2100 Petierat

312 2133 358 2170 R.
385 2133 435 2171 P.
464 2132 743 2183 prouincialis
772 2147 850 2184 pro
874 2132 1132 2185 quibusdam
1154 2132 1299 2171 arduis
1320 2144 1371 2171 ac
1392 2130 1639 2171 difficilibus
1659 2132 1853 2183 negotijs
1876 2145 1948 2170 ex-

310 2203 539 2254 pediendis
569 2217 692 2243 sacra
722 2218 799 2256 per
836 2206 1002 2256 aliquot
1037 2204 1132 2243 dies
1171 2204 1399 2251 celebrari,
1432 2203 1643 2242 laetanias
1677 2204 1866 2251 recitari,
1905 2208 1948 2242 et

311 2288 457 2314 coram
481 2276 722 2315 venerabili
743 2279 1031 2316 Sacramento
1071 2276 1276 2328 precibus
1302 2277 1464 2314 nostris
1492 2274 1665 2314 diuinae
1688 2276 1946 2314 clementiae

310 2347 429 2386 fores
464 2348 638 2398 pulsari.
673 2348 719 2386 Id
752 2361 859 2387 uero
892 2362 989 2387 cum
1011 2348 1138 2387 nobis
1171 2353 1291 2386 esset
1325 2347 1617 2398 significatum
1652 2354 1685 2394 e,
1717 2346 1892 2385 fuerunt
1924 2359 1947 2384 e

310 2419 470 2457 nostris
492 2419 695 2469 permulti
719 2420 791 2470 qui
812 2419 1074 2471 disciplinas,
1098 2424 1145 2457 ut
1167 2424 1344 2466 uocant,
1367 2431 1419 2457 ac
1446 2419 1551 2456 alias
1586 2417 1948 2457 mortificationes

311 2503 364 2528 ex
400 2490 543 2528 animo
580 2491 806 2541 petebant,
846 2491 958 2530 adeo
996 2496 1042 2529 ut
1071 2491 1165 2529 fere
1200 2490 1380 2541 singulis
1411 2489 1567 2528 diebus
1589 2490 1780 2540 uesperi,
1804 2488 1949 2528 donec

312 2561 627 2612 praescriptum
658 2568 832 2612 tempus
863 2563 1091 2600 missarum
1123 2567 1166 2600 et
1202 2561 1487 2600 laetaniarum
1524 2566 1642 2599 esset
1663 2565 1944 2607 transactum,

315 2645 463 2673 coram
486 2633 727 2671 uenerabili
765 2633 1053 2672 Sacramento
1075 2634 1233 2671 fierent
1255 2632 1523 2683 disciplinae.
1548 2633 1737 2671 Vtuntur
1758 2632 1825 2680 (ut
1846 2644 1947 2670 cam

312 2706 420 2755 Xpo.
456 2703 654 2743 Domino
689 2703 735 2742 in
767 2717 853 2754 qao
887 2706 937 2744 de
973 2703 1326 2755 lucrifaciendis
1348 2703 1441 2742 Deo
1475 2702 1717 2741 animabus
1748 2701 1944 2754 agitur),

309 2776 500 2813 vitantur
523 2773 713 2824 inquam
736 2774 885 2813 officio
922 2776 1188 2826 piscatorum
1223 2773 1361 2813 nostri
1395 2774 1437 2812 in
1468 2773 1688 2812 dominico
1726 2773 1859 2812 fluuio
1896 2786 1948 2812 ac

308 2846 490 2897 seipsos,
522 2858 615 2885 non
647 2847 780 2885 modo
809 2845 1176 2885 exercitamentis
1211 2845 1484 2896 quibusdam
1518 2844 1856 2895 spiritualibus,
1880 2858 1945 2884 ve-

356 2996 376 3015 a
426 2995 507 3033 Dei
526 2997 573 3033 in
594 3006 733 3041 marg.
756 2999 871 3033 auct.
893 3005 1047 3032 manu.
1101 2996 1166 3021 ——b
1187 3007 1246 3031 ac.
1301 3001 1364 3019 —0
1384 3006 1458 3031 nec
1477 3006 1524 3030 ac
1543 2994 1581 3030 id
1602 2993 1740 3031 vnum.
1797 2993 1864 3019 —d
1885 3005 1946 3030 re-

311 3056 484 3104 fugiunt.
537 3063 603 3081 —e
625 3066 693 3092 vv.
716 3055 759 3092 Id
776 3076 817 3080 -
833 3054 1107 3102 significatum
1127 3056 1173 3092 in
1192 3065 1332 3100 marg.
1354 3057 1468 3092 auct.
1491 3064 1647 3091 manu.
