2038 3400
375 249 445 287 436
842 252 1062 290 LITTERAE
1089 253 1448 298 QUADlesssrRsss

328 357 400 390 tae
422 358 520 390 sunt
543 353 706 391 classes
727 365 804 403 pro
828 353 1005 392 modulo
1029 358 1196 401 nostro,
1223 360 1267 392 et
1288 367 1446 405 magno
1469 355 1646 393 feruore
1669 368 1716 393 se
1739 356 1793 394 ad
1815 355 1957 393 studia

329 435 482 461 omnes
512 424 759 475 accingunt.
784 425 1008 463 Exercitia
1030 426 1159 463 etiam
1190 426 1427 476 spiritualia
1460 427 1677 465 nonnullis
1707 431 1805 465 sunt
1827 427 1955 465 tradi-

326 499 384 542 ta,
416 499 458 533 et
489 508 603 534 nunc
630 496 760 534 etiam
783 496 868 534 duo
899 503 1178 535 exercentur.
1216 497 1409 547 Reliqua
1430 501 1580 537 antem
1602 511 1715 549 qliae
1746 500 1828 538 hoc
1859 500 1955 538 loco

325 566 565 606 scribenda
587 569 734 614 erant,
757 580 805 606 eo
838 567 1049 607 libentius
1077 568 1258 608 silentio
1286 571 1505 619 pretereo,
1536 572 1655 620 quod
1683 570 1827 609 sciam
1857 569 1955 609 illo-

325 649 431 676 rum
451 637 627 677 similia
650 652 676 676 (ι
698 652 766 678 me
779 639 1072 690 frequentius
1086 640 1237 692 fuisse
1258 643 1433 679 notata.
1459 642 1506 679 In
1528 654 1693 693 genere
1725 655 1795 680 res
1818 642 1955 680 laure-

323 713 452 747 tanae
476 710 640 760 optime
662 709 923 760 procedunt,
947 712 1144 762 quamuis
1165 724 1242 762 per
1273 713 1375 760 tela,
1400 726 1476 763 per
1506 713 1631 763 ignes
1661 713 1870 751 incedere
1894 714 1954 751 vi—

323 780 524 829 deantur,
555 793 776 832 nemoque
809 787 875 820 est
906 783 976 832 qui
1005 796 1093 821 non
1123 788 1350 834 agnoscat,
1386 789 1429 821 et
1461 797 1539 822 suo
1563 784 1662 822 loco
1688 790 1731 822 et
1753 790 1953 834 tempore

324 854 394 892 vel
416 853 577 891 inuitus
600 854 877 900 confiteatur,
901 859 1099 892 nostrum
1121 855 1206 893 hoc
1224 855 1459 906 collegium
1482 855 1687 906 singulari
1709 856 1790 893 Dei
1812 855 1954 906 proui-

323 924 472 963 dentia
501 925 587 963 huc
616 925 752 963 fuisse
781 924 1081 964 transmissum
1112 926 1166 964 ad
1197 927 1403 965 eximium
1434 926 1560 965 huius
1600 931 1777 966 sanctae
1815 927 1955 966 eecle-

323 998 413 1036 siae
436 997 574 1035 decus
597 1002 641 1034 et
662 997 957 1036 vniuersalem
980 998 1197 1036 ecclesiae
1219 998 1301 1036 Dei
1331 998 1579 1037 vtilitatem.
1617 999 1845 1049 Superest,
1883 998 1953 1036 ad-

322 1070 498 1108 modum
530 1069 578 1107 R.
605 1070 670 1116 P„
694 1075 741 1107 vt
770 1070 856 1108 tuis
887 1076 1150 1121 tuorumque
1173 1071 1334 1109 sanctis
1357 1070 1580 1109 sacrificiis
1604 1076 1647 1109 et
1683 1071 1954 1109 orationibus

320 1155 401 1180 nos
444 1141 629 1188 excites,
666 1153 747 1179 nos
786 1142 1010 1192 perficias,
1050 1148 1097 1180 vt
1133 1141 1304 1193 dignius
1345 1142 1569 1181 seruitutis
1608 1148 1786 1181 nostrae
1828 1143 1953 1180 obse-

318 1214 467 1265 quium
494 1214 606 1260 Deo,
639 1213 922 1252 beatissimae
952 1213 1120 1265 Virgini
1144 1220 1187 1252 et
1209 1213 1423 1253 Societati
1443 1215 1486 1253 in
1503 1215 1597 1253 dies
1617 1214 1797 1253 exibere
1815 1213 1951 1265 possi-

319 1298 429 1324 mus.
448 1285 572 1332 Vale,
593 1282 787 1322 calendis
799 1284 990 1335 Januarii
1012 1286 1111 1333 1560
1131 1286 1163 1323 ³¹:

398 1357 462 1394 Ex
485 1356 795 1395 commissione
827 1355 921 1395 Rdi.
946 1357 994 1395 P.
1028 1357 1214 1395 rectoris
1237 1356 1262 1395 ¹.
1297 1358 1344 1395 R.
1370 1358 1417 1396 P.
1442 1357 1492 1396 T.
1517 1356 1840 1408 indignissimus
1863 1369 1952 1396 ser-

318 1441 398 1466 uus
420 1428 462 1466 in
482 1428 596 1467 Dno.

1429 1500 1628 1538 RAPHAEL
1658 1500 1791 1538 RIERA
1820 1499 1845 1538 ².

398 1608 702 1648 Desideratur
721 1606 976 1658 inscriptio.

361 1771 381 1790 a
431 1770 613 1808 calendis
628 1769 815 1817 Januarii
836 1769 928 1806 1560
945 1769 1050 1806 add.
1073 1768 1315 1806 Polancus.
1344 1768 1491 1815 Infol.
1521 1768 1617 1806 8422.
1647 1769 1754 1806 haec
1784 1771 1947 1816 scripta

314 1835 432 1869 sunt:
464 1830 554 1868 1559
585 1836 624 1868 et
645 1829 752 1867 1560.
777 1829 962 1867 Laureti.
983 1828 1313 1875 Quadrimestres
1333 1829 1498 1866 latinae.
1522 1828 1613 1866 Cal.
1635 1828 1889 1876 Septembris
1909 1835 1948 1866 et

314 1893 390 1929 cal.
420 1891 636 1928 Februarii
657 1891 770 1935 (sic).
791 1889 988 1926 Mandata
1007 1903 1029 1926 a
1050 1888 1223 1926 Genoua
1243 1894 1323 1926 etc.
1351 1889 1382 1935 1;
1404 1888 1551 1937 Napoli
1571 1895 1646 1925 etc.
1671 1889 1701 1934 1;
1724 1888 1892 1936 Spagna
1911 1893 1946 1932 4;

314 1952 488 1989 Francia
511 1951 542 1992 1:
564 1950 742 1987 Fiandra
763 1952 794 1986 1.
819 1950 871 1987 ln
890 1951 1068 1996 angulo,
1090 1949 1279 1986 Polancz'
1304 1960 1456 1986 manu:
1488 1949 1750 1986 Lauretanae
1781 1950 1941 1995 quadri.

313 2011 507 2050 Calendis
521 2010 707 2058 Januarii
729 2009 830 2047 1560.
850 2009 1091 2046 Emendata.
1109 2009 1280 2054 Postea„
1299 2009 1438 2046 deleto
1452 2021 1490 2046 v.
1507 2008 1708 2055 Januarfi,
1730 2011 1944 2056 scm'ptmn

313 2075 375 2109 est
391 2075 528 2118 supra
550 2069 816 2117 Septembris;
838 2074 877 2106 et
899 2068 988 2105 1560
1007 2072 1232 2105 mutatum
1248 2070 1294 2105 z'n
1316 2067 1419 2105 1559.

360 2232 368 2251 ¹
423 2229 465 2266 P.
486 2227 694 2266 Oliverius
714 2226 948 2263 Manareus.

358 2291 371 2309 ²
421 2288 530 2325 Vide
549 2300 592 2334 p.
616 2286 674 2324 68.
