2038 3400
542 237 842 277 321.-0cAN1A
868 238 910 275 31
940 237 1186 276 DECEMssms
1222 239 1310 276 1559
1622 240 1690 277 429

114 355 275 380 novum
301 349 323 381 ¹.
349 342 411 379 Ex
435 354 519 392 qua
548 353 594 378 re
625 353 712 378 non
742 352 918 391 paruam
950 339 1107 389 accipit
1135 340 1320 389 populus
1354 353 1498 378 ansam
1533 347 1575 378 et
1606 342 1732 378 admi-

114 413 249 460 randi,
276 419 319 451 et
340 426 426 450 vno
451 425 527 449 ore
551 411 752 449 laudandi
775 410 1012 449 Societatis
1033 410 1245 455 instituta,
1269 411 1424 460 quibus
1454 412 1663 449 instructa
1695 420 1736 449 vt

114 484 263 522 fulcita
283 483 365 522 toti
387 483 553 521 ciuitati
576 483 636 520 sic
658 481 866 533 progredi
888 481 1077 527 videtur,
1102 486 1147 518 ut
1182 494 1269 519 non
1297 483 1433 531 possit
1461 496 1545 519 non
1576 484 1614 520 in
1645 482 1736 520 ‹lies-

115 556 303 604 majores
324 555 490 592 fructus
511 554 682 592 adferre
714 552 995 604 reipublicae.
1020 553 1139 589 Deus
1168 552 1268 602 Opt.
1295 553 1406 590 Max.
1431 553 1552 599 faxit,
1587 560 1630 590 ut
1662 567 1737 591 sun

113 627 322 664 immensa
344 626 577 663 clementia
599 631 642 662 et
663 623 876 675 sapientia
897 636 950 661 eo
973 629 1102 673 pacto
1125 623 1393 661 Societatem
1417 624 1670 661 moderetur
1695 630 1736 661 ct

113 697 344 746 gubernet,
369 701 414 734 ut
436 695 632 746 quotidie
655 696 792 745 magis
815 708 865 733 ac
887 694 1024 745 magis
1047 694 1258 731 charitate
1289 700 1473 740 crescat,
1507 702 1547 732 et
1580 708 1737 745 augea-

114 773 182 804 tur
204 768 243 805 in
267 772 507 818 conspectu
531 767 639 816 ejus.

166 849 203 876 2.
264 838 463 889 Aguntur
502 837 732 888 aliquando
773 837 814 874 in
854 841 1004 874 nostro
1046 836 1236 883 collegio
1273 836 1442 886 aliquae
1479 836 1737 874 comoediae

114 914 261 946 castae
285 914 327 946 et
356 909 557 959 pudicae,
581 907 736 959 quibus
759 913 802 945 et
824 913 943 945 totus
978 908 1163 957 populus
1194 907 1447 945 mirabiliter
1477 906 1736 951 delectatur,

115 984 157 1017 et
189 979 440 1018 scholastici
469 980 660 1029 majores
690 979 852 1016 faciunt
883 990 1159 1029 progressus,
1193 990 1290 1016 cum
1320 978 1362 1015 in
1394 977 1543 1025 literis,
1577 984 1666 1016 turn
1697 980 1736 1016 in

113 1051 361 1098 virtutibus3
384 1052 592 1101 precipue
615 1063 712 1088 oum
734 1049 1050 1088 admoneantur
1078 1050 1191 1087 inter
1222 1049 1508 1097 recitandum,
1532 1050 1740 1100 fugienda

115 1135 212 1161 esse
233 1122 304 1160 illa
324 1123 443 1170 vitia,
468 1128 686 1173 tamquam
707 1128 879 1173 pestem
909 1126 951 1159 et
974 1134 1183 1160 summam
1214 1121 1445 1171 pernitiem
1480 1121 1735 1169 animorum,

113 1206 223 1243 quae
246 1193 506 1232 introductis
526 1194 730 1244 personis
761 1200 779 1217 ἢ
813 1193 1074 1231 indicuntur.

166 1275 203 1312 3.
268 1265 401 1303 Hisce
442 1263 617 1311 diebus,
660 1266 788 1302 Pater
827 1277 1035 1315 perquam
1076 1262 1284 1310 colende,
1329 1268 1394 1301 est
1435 1264 1657 1315 ingressus
1696 1265 1737 1302 in

111 1340 304 1373 nostram
335 1336 605 1374 Societatem
636 1335 678 1372 in
714 1336 798 1373 hoc
829 1335 1017 1385 collegio
1061 1334 1283 1373 ocaniensi
1319 1333 1526 1372 sacerdos
1565 1334 1737 1385 quidam

112 1405 282 1453 doctor,
306 1406 525 1456 probitate
548 1418 717 1444 morum
741 1410 785 1443 et
815 1404 1062 1443 eruditione
1083 1405 1279 1456 insignis,
1305 1405 1590 1443 concionator
1615 1417 1738 1455 egre-

113 1477 223 1527 gius,
257 1476 509 1514 valetudine
534 1482 578 1514 et
609 1481 727 1514 etate
760 1477 978 1514 constanti
998 1475 1210 1526 preditus:
1236 1475 1331 1514 talis
1360 1475 1577 1526 profecto,
1602 1476 1738 1526 qualis

111 1547 227 1585 forte
261 1559 338 1598 per
372 1548 551 1598 longum
585 1547 713 1596 hujus
753 1546 945 1597 regionis
985 1546 1212 1585 circuitum
1253 1545 1326 1584 vix
1366 1559 1476 1584 vnus
1516 1551 1589 1584 aut
1629 1547 1737 1584 alter

112 1619 252 1669 aptior
272 1619 544 1656 inveniretur
565 1618 777 1657 Societati
812 1624 990 1656 nostrae
1011 1618 1122 1667 (laus
1145 1618 1434 1668 omnipotenti
1458 1618 1586 1667 Deo).
1612 1618 1739 1655 Plura

112 1703 309 1741 possem,
361 1690 499 1729 Pater
543 1691 737 1729 multum
781 1690 1082 1736 obserumzde,
1134 1689 1353 1740 sigillatim
1398 1689 1612 1736 scribere,
1660 1689 1737 1727 sed

112 1762 314 1813 quoniam
351 1774 402 1799 ea
429 1762 530 1799 talia
558 1761 653 1799 fere
685 1767 797 1808 sunt,
830 1762 973 1811 qualia
1002 1759 1198 1812 quotidie
1229 1760 1283 1798 ad
1311 1764 1408 1798 tuas
1440 1772 1566 1798 aures
1597 1760 1737 1810 perfe-

114 1838 264 1871 runtur
292 1832 407 1871 facta
434 1833 453 1857 b
481 1832 641 1870 auxilio
674 1833 755 1869 Dei
776 1845 801 1870 a
831 1832 1031 1870 Patribus
1062 1831 1314 1878 Societafis,
1348 1831 1549 1869 consulto
1571 1836 1738 1881 preter-

113 1904 253 1942 mitto.
301 1903 576 1942 Vale.Pridie
598 1903 804 1941 calendas
820 1903 1009 1954 Januarii
1030 1916 1141 1941 anno
1165 1916 1189 1941 a
1209 1904 1284 1941 X.0
1305 1907 1407 1940 nato
1435 1911 1548 1951 1559.

193 1976 256 2013 Ex
285 1975 595 2014 commissione
624 1975 762 2012 Patris
797 1976 983 2013 rectoris
1017 1976 1043 2012 ².
1082 1975 1200 2013 Tuus
1230 1975 1554 2026 indignissimus
1586 1986 1738 2012 seruus

112 2046 153 2084 in
175 2047 287 2085 Dno.

1302 2100 1465 2139 GARSIA
1495 2104 1522 2137 ³.

191 2223 298 2262 Alia
341 2236 495 2261 mann.
543 2223 642 2272 1560
681 2223 902 2261 Ocannae.
948 2223 1125 2261 Latinae
1167 2222 1390 2271 Quadrim.
1434 2224 1498 2273 p.⁰
1532 2222 1733 2273 Januarii.

114 2295 370 2334 Emendata.

161 2469 180 2489 a
230 2469 320 2514 Seq.
344 2467 382 2503 in
402 2467 525 2504 delet.
579 2468 644 2492 -b
667 2467 757 2513 Seq.
780 2468 872 2504 auxi
892 2467 1016 2504 delet.

164 2627 173 2646 ¹
227 2625 290 2663 Cf.
313 2625 500 2667 COLoss..
522 2624 590 2668 ΙΙΙ,
610 2623 661 2661 9-
678 2623 732 2660 10.

162 2685 175 2704 ²
225 2684 269 2721 P.
290 2684 468 2721 Didacus
489 2683 684 2720 Carrillo.

161 2745 174 2764 ³
226 2743 290 2781 Cf.
313 2743 414 2781 Lz‘tt.
433 2743 681 2790 Quadam„
705 2741 759 2785 V,
780 2742 860 2786 796,
882 2746 1016 2778 annot.
1038 2741 1072 2778 2.
