2038 3400
368 271 440 308 608
835 268 1056 311 erTERAE
1083 273 1439 318 QUADRIMESTRES

324 376 569 427 Exiguntur
593 377 737 415 omnia
758 390 782 414 a
812 378 953 425 nobis,
978 382 1185 429 quantum
1223 378 1409 416 humana
1442 378 1603 428 patitur
1634 375 1872 423 infirmitas,
1897 374 1951 414 ad

322 460 518 486 normam
540 454 671 499 atque
707 450 888 487 amusim
924 451 1071 500 legum
1103 448 1552 499 constitutionumque
1584 454 1844 495 nostrarum,
1868 460 1953 498 qua

323 520 365 558 in
387 533 449 567 re,
474 520 510 558 si
531 534 618 560 non
641 526 808 559 tanturn
830 527 960 571 atque
992 534 1066 571 par
1099 526 1234 568 esset,
1267 533 1354 559 non
1376 533 1526 571 parum
1558 526 1679 558 certe
1710 519 1948 570 perficitur,

323 592 418 630 Deo
442 592 549 630 laus.
572 593 657 630 Res
680 591 954 631 domesticae
977 593 1070 631 sine
1092 593 1248 643 quibus
1271 593 1360 630 uita
1394 593 1505 631 haec
1525 605 1612 630 non
1642 592 1769 630 facile
1801 591 1951 629 transi-

323 663 454 714 gitur,
490 664 610 710 satis,
630 669 837 714 quantum
870 665 1080 714 suspicor,
1114 665 1228 702 bene
1262 678 1307 703 se
1330 664 1510 702 habent.
1545 662 1808 709 Moleudina,
1842 674 1952 713 quae

322 735 455 786 longo
478 740 680 786 tempore
717 748 916 786 magnam
941 735 1116 786 collegij
1141 735 1219 773 nri.
1245 742 1413 786 partem
1450 748 1536 773 non
1559 735 1652 773 sine
1674 746 1831 785 magno
1854 746 1952 771 nos-

322 814 388 845 tro
411 806 693 845 incommodo
715 805 787 834 8-
835 831 886 834 —
946 830 989 834 —
1050 826 1950 833 —————————

402 878 775 917 Scholasticorum
798 891 1005 916 numerus
1028 884 1095 916 est
1120 878 1223 916 satis
1247 878 1453 929 copiosus
1470 878 1511 915 in
1529 878 1614 915 hoc
1636 888 1846 914 caesareo
1866 876 1952 913 col-

320 950 453 1001 legio,
478 962 564 1000 quo
601 951 738 989 multo
774 950 920 1002 plures
955 963 1084 1000 quam
1106 956 1237 988 antea
1267 950 1439 988 nobiles
1476 949 1716 987 confluunt.
1757 949 1822 986 De
1843 952 1951 986 tem·

320 1022 392 1073 plo
415 1034 556 1072 aeque
579 1034 754 1073 semper
777 1023 952 1061 solliciti
975 1034 1134 1060 sumus.

378 1104 437 1132 10.
498 1095 623 1132 Haec
643 1094 737 1132 fere
760 1100 874 1142 sunt,
901 1094 948 1132 R.
974 1095 1038 1141 P.‚
1063 1099 1108 1132 ut
1126 1093 1181 1132 de
1204 1094 1269 1131 his
1287 1106 1398 1144 quae
1421 1093 1526 1131 mihi
1547 1103 1645 1131 sunt
1662 1093 1829 1144 ignota,
1848 1092 1952 1129 nihil

320 1164 534 1203 curiosius
568 1166 779 1216 inquiram
808 1172 882 1203 aut
917 1165 1074 1212 dicam,
1112 1178 1225 1215 quae
1260 1166 1302 1203 in
1337 1165 1685 1215 praesentiarum
1722 1162 1953 1202 scribenda

318 1236 436 1274 duxi:
456 1249 567 1287 quae
589 1237 752 1275 utinam
770 1236 916 1275 diuina
937 1237 1110 1275 bonitas
1131 1249 1209 1287 pro
1232 1249 1309 1275 sua
1331 1236 1565 1275 clementia
1586 1236 1816 1287 approbet,
1839 1240 1883 1272 et
1906 1240 1950 1272 ut

316 1309 438 1358 plura
476 1314 608 1359 atque
643 1309 817 1359 potiora
852 1309 1026 1347 minima
1060 1309 1171 1347 haec
1201 1309 1220 1333 ¹)
1242 1308 1443 1347 Societas
1473 1309 1515 1346 in
1537 1307 1830 1346 afflictissimis
1860 1307 1953 1344 istis

316 1380 464 1430 regnis
485 1386 709 1431 praestare
732 1381 885 1431 possit,
909 1381 1099 1431 benigne
1123 1380 1259 1419 donet
1281 1386 1412 1431 atque
1441 1380 1676 1431 perficitat3
1699 1378 1817 1430 quod
1839 1377 1953 1416 haud

316 1451 448 1489 dubie
469 1451 563 1498 fiet,
588 1452 619 1489 si
643 1451 869 1490 fideliores
891 1457 1023 1503 atque
1044 1452 1371 1503 frequentiores
1404 1451 1603 1490 offendet
1634 1451 1704 1489 hic
1740 1462 1951 1500 coopera-

315 1529 437 1562 tores
458 1530 490 1562 0.
511 1525 609 1561 Hoc
629 1523 761 1574 igitur
784 1537 913 1561 unum
937 1524 971 1562 si
993 1522 1163 1570 dixero,
1187 1524 1320 1562 finem
1343 1522 1562 1561 scribendi
1582 1522 1752 1560 faciam.
1778 1520 1952 1559 Plurimi

315 1607 418 1633 sane
440 1596 523 1633 iam
547 1596 602 1633 ob
624 1596 780 1633 multas
802 1596 1117 1643 hereticorum,
1144 1608 1306 1646 easque
1327 1595 1607 1647 grauissimas
1629 1594 1670 1631 in
1693 1594 1823 1631 rebus
1845 1592 1952 1631 fidei

313 1667 613 1706 dissensiones
635 1668 827 1718 pertaesi
847 1668 975 1718 plane
1007 1667 1211 1705 uidentur
1248 1667 1555 1706 schismaticae
1587 1665 1830 1712 doctrinae,
1870 1664 1950 1702 sed

314 1739 472 1777 desunt
506 1752 634 1790 quam
670 1740 816 1790 plures
850 1739 1093 1790 incorrupti
1128 1739 1253 1777 uerbi
1288 1739 1370 1777 Dei
1404 1750 1666 1788 praecones3
1692 1742 1735 1775 et
1759 1735 1948 1775 orandus

316 1816 382 1848 est
404 1812 538 1858 Deus,
563 1824 617 1849 ne
640 1811 697 1849 illi
719 1811 738 1836 ‘¹
760 1811 832 1862 qui
853 1811 969 1850 forte
991 1824 1105 1850 nunc
1125 1812 1423 1857 inueniuntur,
1448 1812 1542 1861 plus
1567 1809 1712 1848 obsint
1743 1810 1856 1847 male
1892 1809 1954 1846 ui-

315 1883 476 1930 uendo,
500 1896 628 1934 quam
651 1884 765 1921 bene
783 1883 972 1922 dicendo
994 1884 1176 1934 prosint.
1203 1885 1250 1922 R.
1277 1896 1384 1934 ergo
1403 1884 1454 1922 V.
1481 1883 1527 1920 P.
1554 1882 1839 1920 sanctissimis
1863 1882 1951 1919 suis

315 1955 541 2005 sacrificijs
564 1960 607 1994 et
631 1957 902 1994 orationibus
924 1955 1039 2006 apud
1060 1955 1460 1995 misericordiarum
1494 1960 1663 2006 patrem
1687 1954 1950 1993 Germaniae

314 2029 466 2066 salutis
501 2029 730 2079 negotium
766 2041 1032 2079 promouere
1068 2027 1289 2079 dignetur.
1330 2028 1464 2066 Multa
1492 2034 1509 2052 e
1534 2028 1647 2065 enim
1676 2026 1742 2064 his
1778 2025 1952 2074 auxilijs

313 2100 525 2139 hactenus
562 2106 605 2139 et
640 2102 763 2151 plura
791 2100 833 2139 in
863 2107 1091 2152 posterum
1121 2099 1275 2152 perfici
1305 2112 1436 2151 posse
1469 2098 1746 2138 confidimus,
1773 2098 1951 2137 Interim

313 2171 462 2210 domui
481 2176 523 2210 et
542 2172 732 2223 collegio
756 2173 838 2211 toti
858 2185 938 2210 nos
961 2173 1158 2223 cupimus
1174 2185 1302 2222 quam
1326 2171 1797 2209 commendatissimos.
1822 2170 1952 2208 Vien—

313 2255 396 2281 nae
420 2244 626 2282 Austriae
650 2255 701 2291 30
723 2244 883 2295 Aprilis
912 2245 1025 2292 1560.
1051 2245 1099 2282 R.
1125 2245 1171 2281 P.
1196 2243 1247 2281 T.
1271 2242 1474 2294 indignus
1496 2242 1626 2281 filius.

1339 2316 1557 2353 ANTons
1588 2315 1785 2352 FLANDER
1818 2320 1842 2352 ¹.

394 2387 567 2425 Literae
590 2387 935 2437 quadrimestres
957 2388 1210 2426 viennensis
1234 2387 1428 2438 collegij.

358 2494 377 2513 a
441 2494 596 2532 Versus
627 2505 745 2531 unus
775 2495 824 2531 ol)
854 2494 1069 2540 plicatam
1113 2497 1151 2531 et
1182 2503 1406 2531 corrosam
1439 2492 1643 2529 chartam
1675 2491 1757 2537 legi
1787 2492 1948 2538 nequit.

315 2556 378 2581 -b
403 2555 501 2592 Del.
528 2555 618 2592 sua?
670 2563 733 2580 ——0
755 2555 942 2593 Enzend.
965 2566 1016 2592 ex
1035 2555 1255 2602 operarios.
1310 2554 1375 2579 ——d
1400 2552 1495 2590 Del.
1517 2551 1726 2599 sacrificijs
1747 2557 1786 2587 et
1805 2551 1933 2588 oratio

314 2615 431 2653 nibus
450 2615 556 2663 apud
576 2616 960 2653 misericordiarum.
1016 2623 1080 2641 ——e
1106 2614 1291 2652 Emend.
1315 2625 1365 2651 ex
1384 2614 1623 2650 multarum.

360 2726 367 2744 ¹
422 2724 487 2761 De
502 2736 581 2770 quo
596 2724 809 2768 catalogus
825 2723 990 2769 collegii
1006 2722 1241 2760 viennensis
1256 2721 1443 2759 exeuntis
1461 2719 1552 2758 1559
1565 2724 1636 2757 aut
1652 2718 1830 2756 ineuntis
1848 2717 1949 2763 1560,

309 2790 351 2821 ut
373 2784 544 2827 videtur,
565 2783 665 2820 haec
686 2784 790 2819 inter
810 2782 903 2819 alia:
926 2782 1182 2819 «Anthonius
1202 2779 1523 2818 Aldernacensis
1539 2778 1723 2815 Flander
1739 2779 1799 2823 [in
1815 2779 1949 2815 catal.

310 2845 473 2881 mensis
493 2843 601 2889 Aug.
628 2841 747 2880 1559:
769 2843 894 2880 Anth.
913 2842 1016 2880 Guis
1035 2840 1373 2885 Aldernadensis]
1393 2839 1440 2876 20
1454 2851 1580 2876 annos
1598 2839 1733 2882 habet,
1752 2843 1791 2874 et
1807 2851 1856 2874 ex
1871 2837 1953 2874 illis

308 2904 407 2941 duos
426 2902 511 2941 fere
531 2903 571 2940 in
591 2902 812 2947 Societate,
834 2902 981 2949 partim
1001 2903 1040 2938 in
1067 2901 1198 2945 Italia,
1232 2901 1379 2949 partim
1409 2899 1450 2936 in
1477 2898 1706 2936 Germania
1741 2896 1840 2944 egit;
1873 2910 1953 2944 quo

307 2963 499 3010 temporis
529 2963 678 3011 spacio,
712 2969 751 2999 et
778 2969 967 3000 naturam
994 2962 1035 2999 in
1064 2962 1208 3000 melius
1228 2966 1385 2998 mutare
1406 2958 1575 3005 studuit,
1596 2962 1637 2994 et
1661 2958 1701 2994 in
1720 2957 1850 2994 literis
1870 2958 1954 3005 pol-

309 3023 508 3061 litioribus
528 3028 567 3060 et
586 3022 764 3060 carmine
785 3022 996 3059 scribendo
1017 3023 1116 3059 adeo
1136 3021 1316 3068 profecit,
1337 3025 1380 3057 ut
1399 3020 1479 3056 iam
1498 3017 1731 3056 rhetoricae
1748 3018 1951 3055 studiosus

310 3083 439 3121 factus
458 3084 578 3121 sit...›
600 3083 644 3121 In
664 3083 752 3121 cod.
777 3082 918 3120 Germ.
937 3082 1024 3125 131,
1046 3082 1071 3119 f.
1092 3081 1202 3120 209v.
