2038 3400
272 244 342 282 636
742 247 960 285 LiTrERAE
988 249 1340 295 QUADmMEs'rREs

307 345 347 384 4.
383 347 511 387 Miles
537 361 794 399 germanus
824 349 976 389 iturus
1007 350 1052 389 in
1084 352 1246 390 bellum
1275 353 1574 393 concztbz'ncmz
1598 354 1645 392 in
1668 367 1853 393 uxorem

307 411 544 453 αἰπεῖά-5.
571 415 820 454 Multorum
843 416 1148 467 confessiones
1177 418 1479 457 auditae—6.
1507 419 1854 470 szscipnlorum

299 478 521 528 frequens
544 493 759 520 numerus
788 482 1004 521 *iuvidiam
1026 483 1163 521 sociis
1184 486 1322 522 creat.

285 597 316 624 1.
377 588 404 636 †
426 587 578 625 Gratia
601 593 643 625 et
664 601 747 638 pax
772 590 943 627 Domini
966 591 1104 628 nostri
1133 592 1187 628 sit
1217 591 1445 629 nobiscum
1476 605 1664 643 semper.
1700 593 1853 631 Amen.

231 656 355 705 Quae
379 659 492 708 apud
523 673 604 698 nos
634 662 833 710 proximo
866 662 1173 711 quadrimestri
1203 668 1300 701 acta
1335 668 1445 707 sunt,
1478 663 1573 701 R.de
1604 665 1645 701 in
1680 664 1855 702 Christo

232 731 374 775 Pater,
399 732 514 769 nulla
536 731 618 769 alia
638 731 679 769 in
701 745 748 770 re
771 734 908 784 magis
926 746 949 771 a
966 733 1337 783 praecedentibus
1354 734 1576 783 differunt,
1596 748 1723 785 quam
1740 736 1857 786 quod

228 802 388 840 nullam
411 804 781 842 intermissionem
812 817 939 855 passa
970 807 1217 844 communia
1249 807 1475 854 exercitia,
1509 820 1555 846 se
1586 820 1673 845 non
1707 821 1857 858 parum

229 874 410 912 multum
433 886 700 926 propagasse
725 878 1083 926 comprobentur.
1111 878 1279 926 Quibus
1309 878 1594 916 recensendis
1615 879 1717 917 nolo
1741 892 1857 918 com-

230 946 403 984 mittere
428 952 473 983 ut
497 959 640 997 aequo
663 948 874 997 prolixior
897 948 1063 996 uidear,
1088 961 1140 987 ne
1162 949 1343 988 crambe
1364 948 1495 988 toties
1517 949 1726 1000 apposita
1747 963 1858 988 nau-

227 1031 351 1057 seam
368 1021 604 1069 proufocezss·
626 1018 822 1058 maxime
845 1032 944 1058 cum
976 1033 1029 1059 ne
1047 1019 1210 1071 ignota
1233 1020 1412 1070 quidem
1434 1020 1564 1059 uobis
1590 1021 1742 1060 uideri
1758 1025 1859 1072 pos-

230 1090 335 1128 sint.
362 1091 460 1128 Hoc
491 1104 622 1128 unum
654 1090 809 1129 dicam:
845 1093 890 1129 P.
930 1092 1248 1142 Hieronymum
1273 1098 1297 1139 ¹,
1324 1087 1615 1131 ecclesiasten
1645 1099 1857 1141 nostrum,

230 1162 466 1200 multorum
489 1163 847 1213 expectationem
870 1163 1067 1214 quotidie
1090 1164 1284 1202 uincere.
1309 1166 1419 1203 Nam
1452 1178 1548 1203 cum
1571 1170 1700 1203 antea
1726 1165 1778 1214 ijs
1800 1165 1859 1203 di-

233 1236 342 1273 ebus
363 1235 519 1284 quibus
540 1235 593 1272 ab
617 1247 752 1285 opere
782 1235 928 1273 feriari
951 1236 1080 1282 solet,
1104 1248 1229 1274 mane
1252 1237 1294 1274 in
1317 1237 1480 1287 templo
1510 1240 1663 1275 nostro
1687 1236 1859 1275 concio-

235 1319 334 1345 nem
357 1307 537 1354 habere,
562 1320 585 1345 a
605 1307 787 1358 prandio
819 1307 1062 1346 doctrinam
1095 1308 1372 1346 christianam
1403 1309 1698 1359 interpretari,
1730 1310 1859 1360 paulo

230 1386 329 1430 post
350 1379 391 1417 in
414 1380 594 1418 basilica
625 1379 753 1417 diuae
776 1380 966 1431 Virginis
997 1382 1192 1431 paulinas
1224 1381 1432 1432 epistolas
1462 1380 1703 1428 declarare,
1742 1381 1860 1420 deni-

230 1464 315 1501 que
348 1452 426 1489 sub
456 1463 688 1502 uesperam
712 1452 952 1501 uirginibus
976 1453 1070 1490 Deo
1094 1452 1309 1491 dedicatis
1332 1453 1583 1492 concionari
1609 1452 1741 1491 fuerit
1762 1454 1860 1491 soli-

230 1528 314 1569 tus,
341 1535 446 1574 quas
471 1523 705 1561 indefessis
734 1523 822 1561 suis
850 1524 1096 1561 hortatibus
1127 1530 1227 1562 ante
1259 1525 1424 1575 aliquot
1454 1537 1629 1563 menses
1659 1525 1713 1563 ad
1744 1526 1860 1563 uitae

233 1595 475 1633 communis
500 1595 858 1633 obseruationem
889 1601 1166 1646 pertraxerat
1197 1597 1209 1614 ²
1240 1596 1310 1640 (ne
1344 1596 1445 1647 quid
1468 1595 1639 1635 interim
1673 1609 1862 1635 comme-

231 1680 397 1706 morem
421 1667 475 1705 de
498 1667 579 1714 his,
603 1679 715 1718 quae
747 1667 859 1704 intra
889 1667 1160 1706 domesticos
1190 1668 1382 1718 parietes
1413 1669 1634 1719 aguntur);
1657 1670 1779 1719 plura
1801 1674 1861 1706 ta—

231 1753 329 1778 men
351 1744 451 1790 post
472 1740 632 1777 festum
655 1738 993 1777 resurrectionis
1015 1738 1261 1777 dominicae
1283 1738 1295 1757 ³
1319 1745 1363 1777 et
1384 1740 1523 1778 uoluit
1547 1745 1589 1777 et
1607 1740 1762 1790 potuit.
1794 1741 1860 1778 Ab

230 1811 303 1849 illo
328 1811 543 1862 siquidem
575 1817 774 1862 tempore
800 1823 926 1849 casus
958 1811 1274 1857 conscientiae,
1308 1811 1425 1861 quod
1456 1818 1632 1858 uocant,
1665 1811 1860 1862 quotidie

230 1882 546 1933 interpretatus
580 1888 662 1921 est.
688 1883 925 1922 Confluunt
957 1895 1011 1920 eo
1044 1883 1180 1921 multi
1211 1884 1232 1901 ὃ
1257 1883 1531 1929 sacerdotes,
1566 1889 1610 1920 et
1640 1884 1752 1921 inter
1782 1883 1863 1921 hos

233 1955 432 1993 canonici
465 1955 620 1992 summi
650 1955 816 2005 templi,
851 1955 910 1992 ita
947 1961 991 1992 ut
1022 1955 1241 1993 interdum
1282 1955 1459 2006 triginta
1497 1955 1653 2002 adsint,
1696 1968 1862 1994 nonun-

231 2040 358 2076 quam
381 2027 515 2071 XXV3
540 2039 638 2064 cum
670 2026 937 2076 paucissimi,
970 2026 1062 2064 XX.
1097 2028 1295 2077 Cumque
1327 2026 1585 2065 sacerdotes
1616 2027 1767 2073 nostri,
1791 2027 1862 2077 qui

233 2111 283 2135 ea
304 2099 397 2148 ipsa
418 2098 527 2136 hora
548 2110 632 2148 qua
653 2097 775 2148 legit,
799 2096 841 2134 in
872 2097 1035 2135 scholis
1066 2102 1310 2145 uersantur,
1346 2111 1497 2135 omnes
1529 2098 1745 2136 interesse
1775 2110 1861 2135 non

232 2171 414 2221 possint,
453 2170 535 2207 alia
564 2170 646 2207 illis
678 2170 747 2207 uia
778 2170 1052 2217 subuenitur,
1075 2182 1173 2208 narn
1195 2169 1422 2208 succisiuis
1457 2169 1713 2220 quibusdam
1736 2170 1862 2207 semi-

233 2243 415 2288 horulis,
441 2247 483 2279 et
507 2254 619 2291 quae
643 2242 758 2279 lecta
778 2241 902 2279 fuere
934 2246 1208 2291 repetuntur,
1235 2248 1278 2278 et
1308 2241 1515 2279 nonnulla
1544 2239 1626 2279 alia
1655 2241 1862 2290 adijciun-

233 2322 316 2361 tur,
342 2314 455 2352 adeo
480 2318 525 2350 ut
551 2314 619 2351 uel
642 2313 822 2360 idiotae,
847 2326 956 2364 quos
978 2313 1197 2351 interdum
1230 2313 1445 2363 contingit
1469 2325 1565 2350 esse
1588 2319 1860 2363 praesentes,

233 2400 320 2425 non
357 2386 515 2424 abeant
558 2386 735 2423 omnino
777 2386 918 2424 uacui.
962 2385 1175 2424 Omnibus
1210 2391 1357 2423 autem
1394 2385 1616 2423 declarata
1655 2391 1754 2423 sunt
1795 2397 1860 2432 ea,

235 2471 346 2509 quae
369 2456 421 2495 ad
457 2457 730 2495 intellectum
765 2469 977 2495 nouarum
1018 2456 1256 2494 Societatis
1286 2461 1465 2494 nostrae
1502 2456 1863 2494 constitutionum

610 2528 622 2546 4

235 2530 572 2580 requirebantur
630 2558 637 2566 .
682 2529 795 2567 Huic
835 2541 997 2580 operae
1047 2527 1215 2566 initium
1261 2527 1384 2566 dedit
1428 2528 1474 2566 R.
1526 2528 1569 2565 P.
1621 2527 1861 2578 prouincia·

278 2648 297 2666 a
347 2648 485 2695 aliqui.

282 2770 288 2788 ¹
343 2768 387 2805 P.
412 2767 685 2815 Hieronymus
705 2767 855 2805 Otello.

279 2829 290 2847 ²
343 2828 450 2865 Vide
469 2841 505 2874 p.
527 2828 609 2864 319.

279 2889 291 2907 ³
346 2888 383 2924 111
408 2887 576 2935 Aprilis.

278 2948 290 2967 ⁴
344 2947 663 2984 Constitutiones
683 2947 898 2985 Societatis
914 2949 1013 2996 Jesu
1032 2961 1054 2985 a
1074 2947 1115 2984 S.
1139 2947 1297 2994 Ignatio
1318 2949 1365 2984 de
1385 2947 1543 2995 Loyola
1560 2948 1736 2994 scriptae
1767 2955 1807 2985 et
1837 2963 1859 2984 a

234 3007 363 3054 prima
394 3008 579 3054 generali
611 3008 934 3054 congregatione
965 3021 1071 3045 anno
1093 3008 1183 3045 1558
1201 3008 1462 3054 approbatae,
1483 3006 1588 3054 typis
1607 3008 1680 3044 hoc
1698 3019 1804 3046 anno
1824 3012 1864 3044 et

235 3067 425 3113 sequenti
443 3067 618 3115 primum
639 3067 785 3112 editae,
806 3067 846 3104 in
865 3068 1093 3115 provincias
1112 3069 1259 3105 missae
1279 3072 1407 3105 erant.
