2038 3400
569 197 639 235 286
652 196 911 235 -OL1S1PouE
937 195 983 231 ‘20
1005 194 1115 241 JULH
1147 193 1235 230 1559
1590 191 1657 226 ‘277

133 304 172 341 6.
234 302 383 341 Redeo
415 301 469 340 ad
506 301 759 352 episcopum
791 298 906 336 vnde
939 297 1161 348 digressus
1196 296 1378 333 fueram.
1416 295 1600 331 Tantum
1636 294 1706 331 ille

83 376 212 413 etiam
245 374 393 413 tribuit
425 373 639 419 Patribus,
672 377 720 409 vt
751 384 847 409 cum
878 369 1051 419 quidam
1087 372 1418 405 asseruarentur
1454 365 1494 403 in
1530 377 1707 403 carcere

81 445 315 485 admodum
348 444 596 492 facinorosi,
628 443 700 496 qui
730 441 986 494 propediem
1009 440 1245 491 suspendio
1267 437 1453 477 necandi
1476 442 1614 483 erant3
1637 438 1707 487 qui

81 531 167 557 non
188 517 345 556 adduci
366 516 612 568 potuissent
629 520 674 553 vt
698 515 1028 559 confiterentur,
1052 512 1086 550 si
1109 512 1345 550 rescissent
1365 522 1412 548 se
1435 510 1528 547 fore
1550 521 1708 547 necan-

82 589 178 636 dos3
203 588 454 638 alloquendi
477 600 555 626 eos
578 592 622 624 et
644 583 904 625 cohortandi
926 596 1079 621 munus
1101 580 1261 620 nostris
1283 580 1482 619 Patribus
1505 579 1708 618 traditum

84 665 165 707 est,
190 659 307 710 quod
328 658 474 697 diuina
496 670 578 709 ope
603 663 646 695 et
676 656 836 695 auxilio
868 655 979 693 adeo
1010 653 1228 692 foeliciter
1264 651 1631 697 administrarunt‚
1663 657 1710 688 vt

81 745 168 770 non
190 732 329 770 solum
348 730 538 768 confessi
558 727 853 779 imperterrito
877 730 1007 776 atque
1030 725 1184 764 sedato
1207 725 1350 763 animo
1368 724 1489 762 necis
1505 722 1709 760 nuncium

82 803 312 850 audierint,
350 815 502 841 verum
537 800 615 852 ipsi
652 800 733 838 visi
766 800 850 837 sint
884 802 1042 848 sponte
1073 810 1150 835 sua
1181 801 1393 847 expetere
1434 807 1572 846 genus
1606 792 1710 832 illud

83 876 202 914 necis
225 880 356 925 atque
379 874 560 924 eligere.
584 872 821 910 Fatebatur
844 870 1027 921 quisque
1050 874 1093 907 et
1123 869 1364 915 asserebat,
1399 871 1442 905 et
1472 878 1584 917 quae
1614 879 1711 916 pro-

83 947 358 998 ponebantur
379 944 603 996 supplicia,
629 947 671 982 et
693 942 744 981 iis
767 943 898 981 etiam
919 942 1098 988 maiora,
1119 941 1289 979 scelere
1312 952 1390 978 suo
1413 951 1460 977 se
1483 937 1710 977 commeri-

83 1024 172 1056 tum
196 1017 361 1069 fuz‘sse,
394 1017 597 1067 beneque
628 1027 777 1053 secum
813 1019 957 1051 actum
992 1013 1141 1059 fuisse,
1176 1025 1273 1050 cum
1310 1013 1429 1050 Deus
1460 1010 1562 1061 Opt.
1595 1009 1708 1047 Max.

83 1095 286 1128 aeternas
319 1092 582 1126 tartarorum
617 1098 782 1137 poenas
819 1098 915 1123 curn
950 1083 1015 1130 iis,
1049 1096 1160 1133 quae
1197 1095 1293 1121 cum
1325 1089 1525 1133 tempore
1556 1081 1709 1127 fluunt,

84 1155 375 1194 commutarit.
402 1152 532 1203 Quod
552 1165 640 1190 non
661 1151 809 1189 verbis
831 1156 1013 1197 tantum,
1047 1149 1125 1187 sed
1156 1162 1202 1187 re
1233 1148 1326 1199 ipsa
1356 1148 1710 1199 comprobarunt,

137 1237 174 1275 7.
236 1225 452 1275 Quoniam
488 1236 596 1262 vero
634 1222 838 1261 breuitati
873 1220 1047 1268 studeo,
1089 1234 1220 1258 vnum
1260 1225 1427 1258 tanturn
1465 1218 1712 1269 exemplum

84 1310 338 1350 proponam.
362 1298 479 1334 Inter
501 1296 609 1334 alios
638 1293 711 1346 qui
740 1298 883 1332 morte
913 1292 1110 1331 mulctati
1144 1294 1249 1330 sunt
1270 1299 1302 1339 ἃ,
1336 1296 1384 1329 vt
1413 1291 1506 1342 ipse
1536 1296 1713 1341 praetor

84 1370 325 1416 asserebat,
349 1367 522 1419 quidam
545 1372 638 1404 erat
659 1364 934 1404 multitudine
958 1364 1183 1403 criminum
1209 1363 1426 1413 princeps.
1451 1362 1561 1400 Cum
1583 1361 1713 1412 igitur

84 1454 213 1480 nemo
236 1439 420 1479 auderet
441 1444 591 1490 aperte
612 1437 833 1476 hominem
855 1434 1030 1481 adoriri,
1056 1435 1229 1473 occulte
1252 1446 1299 1472 se
1322 1435 1452 1471 Pater
1469 1432 1512 1471 in
1527 1433 1714 1470 hominis

84 1511 419 1551 familiaritatem
444 1516 487 1548 et
510 1508 873 1548 consuetudinem
896 1507 1144 1545 insinuauit.
1169 1506 1358 1544 Primum
1389 1503 1566 1543 laudare
1596 1505 1713 1542 labo-

86 1598 170 1631 reS,
203 1584 238 1622 si
269 1596 346 1622 eos
375 1596 453 1634 pro
484 1581 659 1620 Christo
691 1581 866 1626 subeas3
899 1584 1052 1617 contra
1081 1578 1116 1616 si
1148 1578 1203 1616 ob
1233 1580 1432 1628 peccata,
1463 1577 1712 1627 vituperare

86 1656 247 1706 coepit.
271 1655 383 1693 Dein
406 1653 643 1692 ostendere
665 1651 880 1690 rationem
898 1663 982 1700 qua
1003 1649 1176 1688 labores
1199 1649 1330 1687 etiam
1347 1648 1389 1686 in
1406 1660 1515 1700 quos
1531 1653 1716 1700 peccata

86 1741 165 1766 nos
186 1731 336 1766 nostra
357 1724 642 1771 coniecerint,
667 1722 739 1774 qui
760 1723 801 1760 in
831 1727 1029 1760 nostrum
1058 1719 1400 1767 incommodum,
1432 1718 1635 1758 damnum
1672 1725 1714 1757 et

84 1799 322 1851 perniciem
346 1796 522 1843 cedunt,
552 1796 593 1834 in
620 1799 813 1833 nostram
848 1793 1096 1839 vtilitatem,
1130 1793 1294 1830 lucrum
1328 1796 1372 1829 et
1403 1792 1587 1830 salutem
1617 1804 1714 1842 pos-

87 1870 219 1909 simus
242 1873 519 1908 conuertere.
544 1867 589 1905 Si
609 1871 670 1913 te,
695 1864 884 1911 dicebat,
905 1869 1136 1902 anteactae
1153 1863 1271 1901 vitae
1292 1862 1533 1913 poeniteat,
1559 1863 1591 1900 si
1615 1874 1715 1900 con-

86 1942 255 1988 fiteare,
280 1941 314 1979 si
336 1940 453 1978 vitae
475 1944 576 1976 tuae
597 1937 861 1988 deprauatos
883 1947 1029 1973 mores
1052 1934 1288 1973 emendare
1319 1946 1553 1984 proponas,
1587 1932 1622 1971 si
1651 1931 1715 1971 his

87 2013 308 2052 laboribus
337 2012 409 2049 vel
440 2010 532 2048 aliis
564 2010 693 2048 etiarn
724 2007 1013 2059 grauioribus,
1047 2011 1189 2045 morte
1222 2006 1351 2044 etiam
1384 2006 1416 2043 si
1454 2005 1713 2056 oportuerit,

88 2097 199 2136 quae
222 2082 476 2122 commisisti
497 2082 620 2119 iuuet
642 2091 945 2130 compensare,
968 2078 1100 2116 vtiles
1121 2077 1199 2116 tibi
1222 2082 1264 2115 et
1299 2076 1513 2115 fructuosi
1543 2076 1716 2114 labores

90 2168 241 2194 omnes
277 2160 417 2192 erunt.
451 2152 741 2190 Profecerunt
772 2148 988 2189 eiusmodi
1019 2152 1062 2187 et
1093 2148 1176 2187 alia
1206 2148 1356 2193 verba,
1381 2147 1610 2186 confessus
1633 2151 1714 2194 est,

90 2239 225 2277 seque
246 2226 339 2276 ipse
362 2223 491 2262 morti
514 2223 685 2269 obtulit,
725 2227 769 2260 et
802 2233 953 2272 parum
988 2224 1061 2258 aut
1082 2220 1186 2258 nihil
1217 2219 1498 2270 perturbatus
1522 2222 1588 2256 est
1619 2230 1716 2256 cum

90 2297 267 2336 resciuit
289 2295 367 2334 sibi
389 2293 663 2333 moriendum
684 2292 895 2344 postridie
919 2292 1012 2330 eius
1034 2291 1121 2329 diei
1147 2291 1257 2329 fore.
1281 2291 1389 2328 Lata
1411 2296 1478 2328 est
1500 2290 1718 2328 sententia

90 2373 136 2406 vt
170 2373 395 2406 truncatus
431 2366 628 2404 manibus
662 2370 912 2412 necaretur3
948 2363 1217 2415 producitur,
1253 2367 1492 2409 truncatur,
1528 2362 1719 2400 feruenti

90 2440 185 2492 pice
208 2440 403 2481 vulnera,
423 2442 469 2477 vt
487 2438 743 2489 sanguinem
761 2437 1052 2483 continerent,
1072 2435 1265 2473 linebant
1286 2435 1481 2482 lictores3
1499 2434 1592 2484 ipse
1608 2446 1716 2472 vero

90 2512 301 2564 perferre,
328 2511 652 2555 obmutescere,
678 2510 830 2548 oculos
852 2507 905 2546 ad
933 2508 1100 2546 caelum
1124 2507 1298 2554 tollere;
1321 2505 1587 2544 mirabantur
1608 2518 1715 2543 vero

91 2588 307 2634 quotquot
327 2582 523 2621 aderant.
550 2583 759 2619 Preterea
781 2593 877 2618 cum
899 2580 1050 2617 labore
1072 2577 1389 2624 debilitaretur,
1424 2577 1615 2616 oblatum
1652 2582 1717 2615 est

92 2655 339 2693 vehiculum
361 2666 446 2703 quo
469 2665 608 2703 vsque
637 2653 679 2690 in
709 2651 949 2703 patibulum
979 2650 1235 2696 vehereturg
1267 2650 1431 2700 respuit
1461 2650 1569 2699 ipse,
1602 2648 1716 2687 forte

92 2725 192 2778 quia
207 2726 406 2764 Christus
423 2724 525 2774 Opt.
550 2724 662 2761 Max.
687 2735 765 2774 pro
787 2722 914 2761 nobis
933 2720 1132 2759 omnibus
1153 2726 1340 2760 mortem
1361 2720 1499 2771 pedes
1518 2720 1715 2771 oppetiit,

93 2810 221 2848 quem
252 2797 344 2847 ipse
376 2808 548 2846 semper
578 2795 620 2833 in
652 2807 727 2833 ore
758 2805 808 2831 ac
839 2792 973 2832 corde
1009 2792 1226 2843 gestabat.
1266 2791 1453 2843 Rogauit
1487 2797 1718 2841 praeterea

93 2867 309 2919 quendam
331 2867 401 2917 qui
424 2866 652 2905 cathenam
674 2877 759 2915 qua
774 2863 946 2903 vinctus
970 2868 1076 2910 erat,
1101 2874 1155 2900 ne
1176 2862 1373 2913 pondere
1395 2866 1652 2913 grauaretur
1675 2867 1717 2900 et

142 3010 162 3030 a
212 3013 348 3046 erant·
