2038 3400
318 253 387 290 350
808 254 1028 306 LITTERAE
1055 256 1414 302 QUADRIMESTRES

1036 464 1136 515 301

659 607 1109 666 JOSEPHUS
1159 609 1512 656 Acos‘fA

736 750 912 777 SEGOVIA
945 742 987 778 15
1011 752 1264 778 snzprssmssms
1294 742 1385 779 1559
1414 744 1437 779 ¹.

273 861 302 898 1.
331 858 571 898 Communi
602 858 769 898 civium
801 859 1105 899 benevolentia
1136 863 1175 900 et
1206 860 1483 900 liberalitate
1516 862 1632 901 socii
1664 863 1897 914 excepti.—

348 924 386 964 2.
413 926 593 964 Hormn
615 938 847 964 numerus.
881 926 1111 965 Valetztdo.
1138 926 1344 966 Rectoris
1361 927 1606 967 contiones.
1632 928 1902 968 Sacramen-

349 993 502 1030 tormn
515 990 799 1042 frequentia.
819 991 1028 1044 Aegroti,
1046 992 1330 1032 xenodochia
1348 993 1552 1032 visitata.
1566 994 1651 1033 -3.
1675 995 1901 1034 Doctrina

347 1056 607 1095 christiana
620 1060 702 1108 per
723 1057 845 1096 vicos
865 1060 905 1097 et
921 1059 1100 1108 plateas
1127 1060 1386 1106 decantata,
1421 1058 1467 1098 in
1500 1059 1680 1110 templis
1709 1060 1902 1111 explica-

348 1122 508 1161 tta—4.
534 1122 813 1162 scholarum
837 1123 988 1172 initia,
1013 1124 1223 1164 oratione
1246 1124 1292 1163 in
1315 1125 1476 1175 templo
1500 1125 1702 1165 maximo
1725 1126 1899 1174 habita,

348 1190 655 1228 colzsonestata.
692 1189 920 1229 Classiam
951 1189 1148 1229 ordine&
1184 1190 1529 1241 Discipulorum
1550 1204 1784 1230 numerus.
1812 1192 1902 1230 Lit-

345 1255 548 1295 terariae
569 1254 929 1295 exercitationes.
952 1256 1101 1295 Mores
1121 1256 1360 1295 emendati.

324 1392 356 1419 Ι.
417 1384 444 1432 †
475 1381 559 1420 lhs.
585 1380 833 1419 Admodum
856 1380 952 1420 Rae
982 1382 1112 1420 Pater
1133 1382 1175 1419 in
1199 1382 1331 1421 Chro.
1358 1382 1446 1420 Pax
1469 1382 1537 1420 Χ.ἰ
1564 1383 1674 1421 Cum
1698 1382 1752 1420 sit
1773 1383 1899 1421 nobis

265 1464 341 1502 per
378 1465 476 1490 eum
513 1452 731 1491 scribendi
768 1453 953 1492 facultas
991 1453 1153 1500 oblata,
1192 1453 1330 1492 Pater
1362 1455 1609 1493 admodum
1640 1456 1897 1500 reuerende,

265 1525 335 1575 qui
358 1529 604 1563 nostrarum
626 1537 740 1576 pene
765 1526 955 1563 omnium
979 1537 1124 1563 rerum
1155 1538 1243 1563 non
1276 1525 1414 1563 solum
1447 1525 1540 1576 ipse
1572 1526 1715 1573 testis,
1748 1538 1898 1564 verum

267 1609 424 1648 magna
447 1609 500 1635 ex
532 1603 655 1648 parte
687 1597 766 1635 fuit
789 1596 963 1636 adiutor
995 1602 1039 1635 et
1068 1597 1307 1647 particeps3
1338 1610 1425 1636 non
1457 1597 1644 1636 arbitror
1674 1597 1900 1648 longiores

265 1669 413 1707 literas
444 1681 468 1706 a
498 1681 568 1707 me
598 1669 690 1719 peti
721 1668 775 1707 de
806 1669 859 1718 ijs
881 1681 993 1720 quae
1026 1681 1079 1706 ex
1112 1669 1391 1720 perfamiliari
1427 1668 1554 1707 nobis
1586 1671 1637 1708 D.
1674 1669 1898 1708 Ludouico

266 1740 480 1780 Mendoza
509 1747 522 1766 ²
553 1746 596 1779 et
626 1741 797 1792 plenius
828 1754 1078 1792 cognosces
1110 1747 1154 1779 et
1186 1741 1372 1788 certius3
1404 1741 1498 1788 sed,
1532 1747 1579 1779 ut
1601 1743 1648 1780 P.
1673 1742 1859 1780 rectoris
1890 1746 1901 1763 ³

263 1817 502 1864 praecepto
525 1825 716 1864 paream,
740 1825 852 1864 quae
875 1813 915 1851 in
938 1818 1130 1851 mentem
1154 1813 1373 1860 venerint,
1394 1825 1521 1863 quam
1544 1813 1803 1851 breuissime
1828 1825 1899 1850 ex-

263 1884 449 1933 plicabo,
488 1886 532 1923 In
568 1884 804 1936 primisque
839 1884 944 1923 illud
982 1884 1102 1931 satis,
1141 1890 1188 1922 ut
1212 1884 1385 1931 sentio,
1424 1883 1574 1922 dicere
1601 1897 1687 1922 non
1710 1896 1899 1934 possum,

262 1962 448 2006 quantus
470 1957 511 1995 in
549 1957 630 1995 hac
655 1957 759 1994 urbe
782 1956 1008 1994 hominum
1033 1968 1276 1994 consensus
1300 1961 1343 1993 et
1366 1955 1682 1994 beneuolentia
1702 1955 1899 1993 instituta

262 2033 439 2066 nostrae
462 2028 699 2068 Societatis
722 2028 966 2079 exceperit,
991 2027 1105 2066 adeo
1129 2032 1175 2065 ut
1198 2041 1295 2066 cum
1322 2027 1587 2078 reliquorum
1611 2027 1898 2078 collegiorum

265 2099 553 2147 meminerim,
578 2099 648 2137 ubi
672 2099 744 2138 uel
767 2105 888 2138 tanto
911 2099 1065 2138 fauore
1089 2112 1139 2138 ac
1164 2099 1309 2137 studio
1335 2098 1579 2150 coeperint,
1604 2099 1675 2137 vel
1697 2099 1898 2150 inceptae

263 2171 467 2222 opinione
491 2171 617 2210 citius
638 2176 816 2209 nostrae
839 2172 1062 2209 creuerint
1084 2184 1170 2218 res,
1203 2172 1245 2209 in
1272 2171 1479 2222 Hispania
1500 2172 1643 2209 locum
1680 2171 1896 2208 inueniam

260 2243 438 2281 nullum.
478 2242 586 2281 Nam
622 2248 853 2294 postquam
885 2242 1109 2294 Segobiae
1144 2241 1272 2280 nobis
1303 2241 1471 2280 initium
1502 2241 1706 2280 manendi
1737 2241 1895 2280 factum

262 2319 327 2351 est
350 2315 436 2363 (est
457 2320 604 2352 autem
629 2314 789 2353 factum
812 2314 1036 2352 mensibus
1059 2314 1216 2352 abhinc
1252 2314 1458 2364 septem),
1494 2313 1637 2351 nullus
1668 2312 1898 2363 religioso-

261 2398 353 2423 rum
378 2386 501 2433 ordo,
534 2387 650 2424 nulla
671 2386 830 2425 ciuium
854 2385 1047 2424 conditio
1072 2386 1175 2424 satis
1203 2385 1285 2423 sibi
1309 2385 1364 2423 de
1401 2391 1554 2423 nostro
1578 2385 1771 2423 aduentu
1803 2397 1897 2435 gra-

260 2458 387 2495 tulari
416 2471 548 2508 posse
580 2457 827 2505 videbatur,
861 2463 907 2496 vt
938 2456 1092 2496 ciuitas
1122 2458 1213 2507 ipsa
1237 2456 1393 2506 officijs
1425 2462 1468 2494 et
1499 2468 1648 2494 amore
1683 2460 1892 2494 certaret.

309 2663 317 2683 ¹
373 2661 431 2698 Ex
451 2667 626 2707 autogr..
647 2674 669 2697 a
690 2660 866 2697 Polanco
886 2660 1112 2700 emendato.
1134 2659 1173 2696 in
1193 2658 1329 2696 codice
1351 2659 1480 2705 Hz'sp.
1507 2658 1571 2702 06,
1591 2658 1614 2695 2
1633 2657 1691 2703 ff..
1725 2672 1790 2696 nn.
1810 2658 1896 2702 425,

259 2721 340 2767 49&
362 2721 471 2769 prius
494 2721 571 2765 1:30,
595 2721 672 2757 151.
697 2720 824 2756 Aliud
843 2721 1075 2765 exemplum
1095 2719 1133 2755 in
1155 2718 1179 2754 f.
1203 2718 1284 2755 427.
1308 2718 1372 2754 Ad
1394 2719 1508 2766 eujus
1527 2719 1681 2755 calcem
1701 2719 1893 2766 scriptum

259 2787 333 2819 est:
352 2782 456 2818 «Per
469 2780 656 2824 Genoua.
674 2780 886 2823 Fiorenza,
903 2779 1043 2822 Siena,
1065 2778 1410 2825 Montepulciano‚
1430 2778 1610 2824 Perugia
1629 2784 1669 2814 et
1689 2779 1893 2820 Aine-lia.»

306 2842 319 2861 ²
370 2840 634 2887 segoviensis
664 2840 837 2877 clericus
869 2839 1086 2877 Societatis
1120 2838 1273 2875 amicus
1308 2850 1523 2884 perperam
1555 2838 1774 2884 aliquando
1805 2850 1893 2874 cum

259 2900 419 2938 Aloisio
449 2899 689 2945 (Ludovico)
720 2899 933 2942 Mendoza,
956 2899 998 2935 P.
1021 2898 1167 2934 Lainio
1187 2910 1234 2934 ex
1254 2909 1391 2934 sorore
1413 2902 1573 2944 nepote,
1594 2896 1797 2935 confusus.
1829 2897 1892 2934 Cf.

259 2960 502 3005 PocANCUM,
528 2959 696 3002 Clzron„
718 2958 792 3001 IV,
812 2958 872 3003 24,
892 2958 973 3003 48st
994 2957 1052 3003 36,
1077 2957 1154 3002 164;
1178 2958 1218 2994 S.
1244 2957 1506 2994 Francz'scus
1526 2956 1702 3002 Borg'ia,
1724 2956 1890 2995 111,457.

303 3022 315 3041 ³
369 3020 411 3057 P.
433 3019 665 3057 Ludovicus
683 3019 732 3055 de
752 3018 996 3055 Santander.
1019 3018 1083 3055 Cf.
1106 3018 1145 3055 S.
1174 3017 1327 3054 Franc.
1353 3017 1532 3062 Borgia,
1552 3018 1577 3053 l.
1600 3029 1647 3059 c.,
1669 3016 1735 3052 ubi
1755 3017 1892 3063 aliqua

257 3082 305 3117 de
325 3081 447 3117 initiis
464 3081 580 3127 hujus
600 3079 761 3124 collegii
783 3078 1056 3123 nepesinum.
