2038 3400
618 195 953 233 278.-C0L0N1A
980 195 1156 242 20J1Jx11
1188 197 1276 233 1559
1642 199 1710 235 247

131 306 300 338 nostras
331 299 510 337 audiuit.
544 299 589 336 In
626 298 765 336 classe
796 298 1017 335 rhetorica
1047 311 1218 348 semper
1241 299 1351 336 inter
1375 300 1533 349 primos
1557 299 1648 345 fuit,
1674 314 1753 339 nec

130 370 169 408 in
192 371 341 409 schola
362 370 591 408 dialectica
613 379 679 407 est
700 369 813 407 inter
833 373 1096 419 postremos.

180 452 218 490 9.
280 441 448 490 Reliqui
468 444 558 478 tres
580 440 740 478 nostris
762 438 1057 477 inseruierunt
1078 441 1306 480 hactenus:
1331 440 1393 477 sic
1421 446 1565 479 tamen
1594 449 1639 479 ut
1671 443 1754 479 lec.-

127 513 269 551 tiones
292 512 421 550 etiam
443 512 567 550 simul
585 511 932 562 frequentarent.
957 511 1075 548 Vnus
1098 512 1290 549 scholam
1311 517 1495 562 occupat
1513 513 1751 562 physicam,

125 585 194 633 alij
227 583 313 622 duo
345 584 528 622 classem
559 581 793 634 poeticam.
827 581 963 620 Valde
996 582 1099 620 boni
1131 588 1173 620 et
1205 583 1412 633 morigeri
1434 584 1616 621 iuuenes
1639 590 1750 622 sunt.

127 655 320 694 Eandem
360 660 553 693 aetatem
595 666 746 692 omnes
790 653 1109 704 propemodum
1158 654 1340 701 habent,
1393 659 1435 692 et
1483 656 1753 705 posteriores

125 731 293 776 septem
325 725 574 764 leodienses
605 730 717 763 sunt.
751 723 965 762 Videntur
997 725 1110 763 enim
1142 725 1200 763 illi
1235 725 1287 763 ad
1323 724 1581 776 religionem
1617 726 1751 764 multo

124 798 342 849 germanis
363 797 689 848 propensiores3
711 795 947 846 praeclaris
964 795 1147 847 praediti
1166 803 1265 834 sunt
1288 795 1489 847 ingenijs,
1511 803 1554 834 et
1572 798 1751 835 multum

123 869 310 908 dicendo
347 867 741 918 conuersandoque
781 867 943 905 ualent.
987 866 1042 906 Hi
1082 881 1238 918 magna
1278 881 1332 905 ex
1372 873 1494 918 parte
1534 869 1750 907 lectiones

124 943 177 980 M.
203 939 419 979 Francisci
440 939 616 978 Costeri
636 940 655 957 ἃ
677 938 867 985 uisitant,
888 939 958 990 qui
978 940 1150 977 Patrem
1177 944 1182 962 ¹
1207 940 1247 978 in
1266 939 1492 977 audiendis
1511 940 1751 978 confessio-

122 1011 246 1051 nibus
279 1018 322 1050 et
344 1011 438 1061 alijs
460 1010 541 1061 pijs
562 1009 756 1061 negotijs
779 1010 961 1048 multum
983 1010 1160 1049 adiuuat
1182 1011 1513 1061 rectissimeque
1534 1011 1750 1049 lectiones

116 1097 220 1123 suas
242 1083 526 1122 administrat.

178 1166 236 1194 10.
299 1156 352 1193 M.
379 1155 594 1194 Henricus
617 1156 853 1205 Dionysius
875 1167 1020 1192 sacras
1044 1155 1218 1205 collegij
1242 1155 1458 1193 lectiones
1486 1155 1686 1202 sustinet,
1707 1160 1750 1194 et

124 1226 360 1265 conciones
381 1225 434 1264 ad
456 1226 663 1277 populum
685 1226 816 1265 solito
847 1238 968 1264 more
1000 1225 1042 1263 in
1073 1239 1240 1263 summo
1273 1226 1435 1276 templo
1468 1226 1614 1265 habet.
1648 1227 1750 1265 Eius

121 1298 381 1336 auditorium
414 1311 510 1336 cum
541 1310 699 1349 magno
731 1297 965 1335 multorum
992 1297 1194 1348 profectu
1222 1303 1407 1348 augetur
1428 1297 1469 1335 in
1492 1296 1599 1336 dies.
1624 1297 1749 1336 Vtilis

121 1368 354 1407 admodum
378 1374 444 1407 est
476 1369 716 1407 coloniensi
748 1369 924 1419 populo,
960 1374 1003 1406 et
1032 1373 1217 1418 uterque
1248 1369 1426 1406 scholae
1456 1368 1745 1407 necessarius.

122 1440 288 1491 Reliqui
318 1446 632 1491 praeceptores
662 1440 799 1491 probe
831 1453 955 1478 suurn
988 1439 1177 1478 officium
1208 1440 1388 1487 faciunt3
1417 1440 1650 1492 diligenter
1672 1440 1747 1479 do-

119 1518 235 1559 cent,
260 1517 303 1550 et
325 1511 561 1563 discipulos
585 1524 687 1550 suos
708 1512 824 1550 bona
851 1511 941 1549 uita
969 1513 1260 1563 exemploque
1291 1512 1345 1550 ad
1376 1512 1582 1551 uirtutem
1612 1513 1746 1563 pieta-

118 1590 293 1634 temque
315 1584 511 1621 inuitant.

176 1666 235 1693 11.
297 1656 343 1693 R.
367 1661 517 1693 noster
540 1655 670 1692 Pater
701 1654 991 1693 domesticum
1023 1668 1131 1693 onus
1161 1655 1362 1702 sustinet,
1394 1654 1435 1692 in
1467 1654 1536 1693 uia
1571 1655 1745 1693 Domini

117 1739 269 1765 omnes
291 1726 452 1777 dirigit,
478 1732 521 1764 et
544 1727 715 1776 corpori
739 1727 970 1777 animoque
992 1725 1241 1765 necessaria
1262 1725 1495 1777 diligenter
1522 1732 1741 1777 procurat.

117 1797 261 1835 Donet
283 1797 402 1834 Deus
424 1795 539 1834 uires
560 1796 580 1822 ἲ)
601 1797 731 1834 tantis
752 1797 973 1835 laboribus
994 1809 1134 1848 pareS.
1162 1798 1342 1835 Praeter
1362 1798 1474 1835 haec
1496 1797 1639 1835 omnia
1660 1797 1742 1835 iam

114 1867 168 1906 ad
191 1880 364 1906 menses
392 1868 556 1917 aliquot
589 1880 685 1906 cum
719 1868 929 1918 operarijs
959 1869 1119 1906 nostris
1151 1874 1388 1919 occupatus
1418 1868 1513 1913 fuit;
1545 1867 1744 1907 cubicula

114 1940 248 1977 multa
276 1939 369 1977 fieri
403 1939 584 1985 curauit,
618 1951 869 1989 nouumque
902 1940 1109 1978 sacellum
1142 1940 1298 1978 extrui.
1333 1940 1473 1988 Nunc,
1511 1941 1546 1978 si
1586 1940 1740 1978 saltem

113 2010 370 2049 sacerdotes
392 2016 457 2048 sat
479 2011 600 2048 multi
621 2010 797 2057 fuerint,
822 2010 1020 2061 discipuli
1043 2023 1195 2049 omnes
1218 2017 1261 2049 et
1283 2010 1398 2049 domi
1426 2016 1610 2062 peccata
1640 2024 1741 2049 con-

112 2082 240 2128 fiteri,
267 2085 309 2119 et
332 2094 422 2120 rem
456 2081 644 2120 diuinam
676 2082 841 2129 audire,
875 2086 919 2120 et
950 2083 1248 2121 uenerandum
1281 2082 1570 2121 eucharistiae
1601 2096 1740 2122 sacra-

113 2158 304 2191 mentum
328 2153 551 2203 suscipere
573 2159 796 2204 poterunt.
822 2153 944 2191 Prius
975 2159 1121 2192 autem
1153 2155 1360 2192 sacellum
1391 2155 1463 2192 uix
1495 2155 1740 2193 sufficiebat

112 2224 366 2263 domesticis
395 2237 446 2262 ac
477 2225 802 2263 conuictoribus
835 2224 1142 2276 extraneisque
1172 2226 1238 2275 ijs,
1272 2227 1342 2276 qui
1364 2226 1488 2264 festis
1510 2225 1664 2264 diebus
1685 2226 1739 2264 ad

111 2307 277 2334 sacram
299 2296 481 2345 synaxin
504 2294 669 2333 deuote
692 2295 908 2334 accedere
930 2309 1007 2346 pro
1039 2309 1160 2335 more
1191 2297 1425 2335 habebant.
1461 2297 1665 2347 Quinimo
1697 2297 1738 2335 hi

111 2367 361 2405 necessario
384 2378 409 2404 a
429 2367 556 2405 nobis
578 2366 864 2405 distribuendi
887 2367 1076 2415 fuerunt,
1101 2373 1145 2406 ut
1168 2368 1237 2417 alij
1260 2367 1302 2405 in
1323 2369 1477 2418 primo,
1502 2368 1570 2417 alij
1600 2367 1641 2406 in
1671 2380 1736 2406 se-

110 2438 343 2489 quentibus
365 2438 498 2476 sacris
521 2438 788 2477 adorandum
812 2439 1086 2478 Dominicum
1109 2453 1267 2491 corpus
1289 2446 1527 2478 sumerent.
1551 2438 1597 2478 Id
1619 2439 1736 2491 quod

109 2510 363 2560 plerumque
386 2523 555 2548 summo
578 2522 703 2548 mane
725 2510 778 2548 ad
799 2511 1024 2561 prandium
1048 2524 1185 2561 usque
1208 2511 1394 2550 durauit.

167 2590 228 2619 12.
287 2580 512 2618 Hactenus
533 2581 850 2631 propemodum
882 2581 1000 2620 dorni
1029 2587 1196 2621 tantum
1227 2582 1470 2622 laboratum
1503 2589 1585 2629 θεῖς
1621 2596 1734 2622 nunc

155 2806 173 2825 a
223 2805 307 2843 Del
323 2806 503 2843 audiunt.
559 2808 623 2832 —b
644 2807 778 2845 Prius
797 2808 934 2847 uitam.

158 3011 166 3030 ¹
218 3007 410 3054 Intellige
429 3007 474 3047 P.
497 3008 728 3056 Rectorem,
749 3010 879 3049 Leon.
899 3010 1061 3051 Kessel.
