2038 3400
472 258 859 296 432.-V1N00130NA
889 257 929 295 17
955 258 1216 296 SEPTEMBms
1242 256 1332 296 1560
1595 256 1666 296 879

91 360 180 398 scio
204 360 425 410 quomodo
448 366 495 398 vt
516 369 534 386 a
555 361 684 399 istum
707 360 910 407 atidierit3
934 361 992 399 ita
1014 366 1197 411 repente
1220 366 1411 399 mutatus
1444 366 1524 407 est,
1551 367 1595 398 ut
1625 374 1710 399 11011

91 433 228 470 solum
258 431 349 482 ipse
380 433 550 471 intersit
582 433 897 471 catholicorum
928 431 1058 470 modo
1094 433 1113 457 b
1142 432 1441 479 concionibus,
1473 433 1550 469 sed
1583 434 1710 470 etiam

90 504 197 541 alios
214 502 266 540 ad
288 504 373 542 1106
404 504 676 542 exhortetur.
700 504 747 541 In
782 508 933 541 nostro
956 504 1119 554 templo
1143 503 1468 554 conspiciuntur
1490 504 1572 542 iam
1592 505 1711 541 multi

90 574 160 623 qui
178 579 305 611 antea
322 588 497 624 prorsus
518 575 571 614 ab
588 574 762 625 antiqua
778 575 991 625 religione
1011 581 1133 613 erant
1148 582 1165 601 c
1181 574 1323 622 alieni,
1343 588 1426 613 nec
1443 576 1581 613 solum
1605 581 1712 613 tem-

90 657 196 693 pore
227 645 466 692 concionis,
500 645 578 684 sed
600 646 731 684 etiam
752 644 794 683 in
824 659 992 684 summo
1025 658 1149 684 sacro
1179 645 1387 696 templum
1418 652 1613 684 nostrum
1647 652 1711 683 est

90 715 218 752 solito
241 715 424 765 pleniuS.
449 717 503 754 Et
526 729 678 754 omnes
699 717 821 766 quasi
843 717 1042 762 heretici,
1075 717 1333 767 praesertim
1356 717 1552 755 Viennae
1575 717 1593 740 ‘¹
1616 716 1712 753 sile-

90 799 135 824 re
180 786 378 824 uidentur
412 792 560 837 preter
596 801 726 825 unum
762 794 807 825 et
850 789 1034 825 alterum
1065 787 1279 825 fortassis.
1315 788 1553 825 Doctorem
1588 787 1713 824 Phili-

90 870 189 894 num
233 862 256 904 ¹,
298 858 553 909 theologiae
593 858 891 909 professorem
931 858 971 896 in
1012 859 1314 905 uniuersitate,
1356 858 1501 896 ferunt
1540 858 1711 909 publice

90 929 396 967 comunionem
418 929 498 967 sub
519 934 702 980 utraque
724 929 905 977 docere,
929 930 1001 980 qui
1025 929 1155 968 etiam
1176 930 1351 981 publice
1374 930 1427 968 de
1452 929 1605 968 eadem
1629 943 1713 967 ma-

91 999 200 1036 teria
229 999 472 1048 positiones
502 1000 749 1039 heraeticas
780 1000 1067 1047 defendisset,
1100 1001 1180 1038 nisi
1212 1001 1383 1051 legatus
1413 1001 1681 1051 apostolicus
1703 1004 1714 1020 ‘²

91 1075 275 1108 conatus
298 1069 391 1109 eius
413 1078 430 1096 '³
452 1072 751 1122 repressisset.
776 1072 852 1109 Est
875 1077 918 1110 et
949 1073 1058 1110 alius
1080 1072 1253 1122 quidam
1284 1072 1510 1122 professor
1545 1073 1714 1109 uniuer-

89 1141 242 1189 sitatis,
268 1143 538 1181 Muschlerus
572 1143 750 1181 nomine
771 1143 799 1190 ⁸,
824 1144 935 1182 male
958 1143 1075 1190 fidei,
1100 1149 1279 1194 propter
1301 1143 1418 1194 quod
1449 1143 1626 1181 scholae
1659 1144 1714 1180 ci-

90 1213 234 1251 uitatis
262 1214 458 1264 regimen
491 1220 558 1252 est
587 1215 640 1252 ab
672 1214 744 1252 illo
775 1215 817 1252 in
849 1215 1113 1253 catholicum
1144 1214 1361 1265 quendam
1392 1215 1403 1238 f
1443 1215 1712 1259 translatum,

89 1284 159 1333 qui
182 1290 327 1322 tamen
347 1285 547 1335 priuatim
567 1285 714 1335 plures
732 1290 776 1323 et
793 1286 953 1324 ciuium
973 1292 1016 1323 et
1033 1286 1243 1324 nobilium
1265 1286 1377 1324 filios
1399 1285 1543 1324 adhuc
1563 1286 1712 1330 docet,

90 1362 219 1405 atque
241 1357 392 1406 procul
428 1356 559 1394 dubio
592 1370 667 1395 sua
688 1357 904 1408 prauitate
936 1358 1166 1396 inocentes
1195 1357 1345 1395 inficit.
1376 1357 1442 1395 Ad
1472 1358 1586 1395 hunc
1617 1371 1713 1395 cum

91 1428 225 1465 semel
259 1440 311 1465 ex
343 1429 614 1467 scholaribus
641 1428 801 1466 nostris
829 1429 981 1480 aliquis
1003 1429 1266 1467 accessisset
1288 1436 1324 1475 g,
1349 1434 1396 1467 ut
1425 1429 1584 1467 auxilio
1603 1430 1714 1467 illius

89 1497 202 1548 apud
219 1499 236 1522 h
253 1498 475 1537 dominum
506 1499 722 1550 quendam
754 1500 763 1525 ¹
793 1507 1145 1551 promoueoetur,
1170 1513 1267 1538 cum
1284 1500 1575 1539 intellexisset
1597 1500 1713 1537 illum

91 1582 188 1606 esse
220 1569 463 1608 studiosum
495 1570 700 1622 collegiij
730 1571 981 1618 Societatis‚
1015 1572 1160 1610 statim
1190 1571 1313 1609 dixit:
1345 1585 1527 1621 quorum
1564 1571 1713 1609 lectio-

90 1653 167 1678 nes
191 1641 210 1664 k
238 1640 376 1688 audis,
408 1642 600 1693 ipsorum
632 1649 757 1682 utere
788 1644 964 1687 auxilio,
1000 1643 1111 1681 uade
1143 1643 1196 1681 ad
1226 1648 1326 1682 tuos
1357 1644 1550 1682 iesuitaS.
1585 1643 1714 1693 Quod

91 1712 214 1760 plura
246 1724 333 1750 non
368 1713 598 1752 audiantur
642 1714 696 1752 de
728 1715 951 1762 hereticis,
998 1714 1252 1752 adscribunt
1292 1715 1421 1765 aliqui
1464 1715 1714 1765 presentiae

92 1782 280 1821 caesaris
303 1788 347 1821 et
368 1784 502 1835 legati
522 1786 752 1835 apostolici
785 1786 810 1832 ¹,
843 1786 915 1836 qui
937 1785 1151 1824 mandatis
1174 1793 1203 1810 m
1227 1791 1271 1823 et
1298 1798 1375 1824 suo
1400 1785 1603 1835 exemplo
1625 1786 1714 1835 plu-

90 1866 160 1891 res
181 1854 223 1891 111
246 1854 392 1893 officio
416 1857 627 1894 continet.
652 1857 786 1894 Extra
806 1862 954 1895 tamen
976 1857 1201 1894 ciuitatem
1236 1857 1277 1894 in
1306 1857 1714 1895 circumiacentibus

91 1926 211 1976 pagis
233 1939 284 1965 ac
307 1927 476 1978 oppidis
497 1928 690 1975 liberius,
715 1935 761 1966 ut
782 1928 928 1976 audio,
952 1935 1086 1979 agunt
1107 1929 1308 1967 heretici.
1333 1929 1378 1967 Si
1399 1929 1715 1966 animaduerta-

90 2002 158 2034 tui·
185 1997 414 2048 aliquando
444 2000 485 2037 in
520 1998 632 2047 illos,
670 1999 723 2037 ad
756 2001 839 2038 alia
868 2001 1089 2051 fugientes
1119 2001 1217 2039 loca
1237 2008 1272 2047 1¹,
1304 2000 1419 2038 idem
1454 2000 1633 2047 faciunt,
1671 2006 1714 2038 et

90 2082 187 2107 cum
219 2082 374 2121 magna
404 2072 565 2122 ubique
597 2072 957 2110 concionatorum
994 2073 1173 2123 penuria
1203 2073 1272 2119 sit,
1310 2073 1454 2110 locum
1489 2072 1713 2110 inueniunt

89 2139 214 2178 facile
236 2148 269 2179 0.
292 2141 414 2180 Multi
437 2142 551 2180 enim
571 2145 677 2181 sunt
707 2142 769 2182 ibi
788 2143 990 2194 persuasi
1010 2151 1030 2177 Ρ
1050 2149 1249 2194 prestare
1272 2144 1445 2190 malum,
1469 2156 1595 2193 quam
1624 2144 1694 2181 nul

136 2322 154 2339 a
197 2318 236 2349 vt
254 2319 390 2361 supra
426 2326 535 2352 vers.
590 2317 655 2341 *b
693 2316 807 2352 modo
849 2322 986 2362 supra
1021 2328 1128 2354 vers.
1184 2326 1247 2344 ——0
1284 2323 1400 2354 erant
1431 2322 1566 2364 supra
1602 2327 1710 2364 vets·

92 2374 156 2398 —d
179 2373 361 2410 Emend.
384 2385 434 2411 ex
453 2375 492 2411 in
513 2374 688 2412 Vienna.
742 2397 773 2400 —-
789 2384 806 2401 e
838 2376 1024 2413 Emend.
1046 2387 1096 2414 ex
1114 2390 1219 2414 suos.
1275 2378 1331 2402 —f
1354 2377 1554 2424 quendam
1576 2383 1711 2422 supra

89 2443 197 2469 vers.
250 2441 319 2465 -Ε
341 2433 525 2471 Emend.
540 2445 591 2471 ex
605 2435 787 2472 accessit.
829 2436 895 2460 —h
930 2435 1107 2473 Videtur
1121 2437 1288 2473 emend.
1308 2436 1647 2473 Potamimanu
1664 2447 1713 2472 ex

89 2492 152 2528 ad.
205 2493 262 2517 —i
292 2492 490 2530 Praec.v
518 2499 655 2539 supra
674 2505 782 2536 vers,
837 2496 891 2528 -J'
924 2495 1106 2533 Emend.
1125 2497 1228 2533 exin
1248 2496 1436 2541 collegio.
1491 2516 1511 2519 —
1536 2496 1555 2520 k
1581 2496 1713 2532 Prius

89 2551 319 2588 lectionem.
372 2553 428 2577 --1
456 2552 569 2589 3127).
590 2558 731 2599 praec.
769 2560 906 2600 supra
934 2566 1041 2592 vers.
1066 2556 1219 2592 eadem
1240 2565 1392 2592 manu.
1448 2564 1522 2580 -ffl
1550 2555 1598 2591 ln
1630 2566 1711 2591 ms.

88 2611 266 2647 videtur
295 2612 508 2657 scriptum
544 2613 743 2650 mandilis.
800 2621 866 2638 —11
889 2614 975 2650 loca
1002 2620 1138 2660 supra
1170 2626 1278 2651 vers.
1337 2622 1401 2640 —0
1439 2614 1556 2651 facile
1575 2620 1711 2659 supra

88 2681 198 2706 vers.
252 2678 317 2704 —P
337 2670 413 2708 sibi
433 2678 738 2717 persuaserunt.

136 2826 145 2846 ¹
196 2825 234 2862 Is
256 2826 412 2863 videtur
431 2838 519 2863 esse
538 2824 779 2863 Leonardus
801 2826 981 2864 Villinus
1002 2827 1198 2873 (Hoefler)
1217 2829 1266 2866 de
1285 2841 1363 2876 quo
1390 2829 1494 2875 apud
1524 2828 1709 2864 BRAUNS-

89 2894 270 2928 BERGER,
291 2885 317 2922 1.
335 2898 384 2930 c.,
407 2885 485 2928 149,
505 2885 588 2929 395,
608 2885 690 2922 573.

135 2944 148 2963 ²
198 2943 427 2981 Stanislaus
445 2944 607 2981 Hosius

134 3003 147 3022 ³
197 3002 403 3049 Georgius
438 3003 707 3041 Muschlerus.
747 3004 809 3041 Cf.
854 3004 1107 3048 Smmfflzaz,
1154 3007 1588 3044 Nuntz·aturbem·chte
1626 3017 1710 3043 aus

89 3061 409 3107 Deutschland,
435 3062 546 3100 1560-
568 3063 667 3100 1572.
694 3063 784 3100 Vol.
803 3063 832 3107 Ι,
853 3063 923 3100 210
938 3084 948 3090 -
963 3064 1045 3107 211,
1067 3065 1149 3109 215,
1168 3065 1238 3103 223
1255 3086 1266 3092 -
1280 3066 1361 3103 225.
