2038 3400
352 257 423 294 534
816 258 1040 296 LITTERAE
1068 257 1423 304 QUADRIMESTRES

305 364 492 409 quatuor
532 359 573 397 in
613 360 865 399 liberalibus
904 361 1070 399 artibus
1110 360 1401 411 professores.
1445 360 1575 399 Dictu
1614 362 1767 401 mirum
1806 375 1932 413 quam

303 443 435 481 saepe
460 436 504 469 et
525 431 731 470 ardenter
752 445 830 482 per
853 446 899 471 se
925 438 967 470 et
998 445 1074 482 per
1106 444 1208 469 suos
1241 431 1512 470 consiliarios
1534 434 1767 483 repetebat
1789 445 1836 471 se
1857 446 1930 471 ve-

302 502 534 541 hementer
565 502 851 553 desyderare,
891 509 936 540 ut
971 504 1006 540 si
1040 508 1130 541 tres
1167 503 1505 542 concionatores
1539 509 1627 542 tam
1664 504 1750 543 cito
1782 505 1934 543 haberi

302 586 388 612 non
410 580 605 624 possent,
631 575 786 613 saltem
805 575 890 613 duo
913 574 972 613 illi
993 588 1120 626 quam
1139 574 1346 613 citissime
1369 575 1649 614 mitterentur
1671 577 1750 614 sub
1771 577 1931 615 festum

302 646 508 696 paschae;
531 652 650 684 ratus
671 647 756 684 hoc
787 652 959 696 tempus
990 646 1270 685 sacerrimum
1301 645 1564 685 reducendis
1586 647 1812 686 animabus
1833 655 1851 672 ³
1882 661 1933 686 ac

302 718 530 756 medendis
552 718 805 756 vulneribus
822 718 963 756 adhuc
982 718 1126 756 crudis
1143 717 1413 768 aptissimum
1432 731 1547 757 esse.
1566 720 1619 757 Et
1639 732 1695 757 ne
1716 719 1771 757 de
1793 732 1933 770 sump-

303 789 419 827 tibus
441 789 756 836 diffideremus,
782 789 974 827 addebat
1009 802 1056 827 se
1088 789 1168 827 illis
1200 789 1254 826 de
1287 788 1508 829 domicilio
1533 795 1575 828 et
1610 792 1933 830 sustentatione

302 865 652 911 prospecturum,
678 862 747 910 qui
770 860 943 899 interim
968 861 1097 898 etiam
1122 861 1357 911 collegium
1388 873 1485 899 cum
1511 863 1710 901 omnibus
1731 875 1932 902 necessa-

302 932 376 980 rijs
398 930 611 970 adornare
634 937 830 982 possent.
864 934 1103 971 Coeterum
1136 945 1232 970 curn
1265 932 1516 971 videremus
1538 946 1618 971 nos
1640 939 1725 971 tam
1747 935 1934 973 honesta

302 1017 353 1042 ac
374 1004 502 1042 anxia
526 1004 742 1054 petitione
774 1004 1030 1054 constringi,
1064 1003 1369 1054 respondimus
1398 1017 1479 1042 nos
1503 1017 1676 1043 omnem
1698 1013 1934 1045 nauaturos

303 1088 481 1126 operam
503 1082 564 1123 ut,
588 1075 706 1125 quod
731 1076 823 1113 eius
845 1076 940 1114 fieri
970 1082 1136 1126 posset,
1169 1088 1261 1113 rem
1294 1088 1467 1114 omnem
1500 1089 1597 1114 cum
1629 1077 1830 1115 omnibus
1861 1084 1934 1116 aut

301 1147 545 1198 potioribus
577 1147 915 1196 circumstantijs
948 1148 994 1185 R.
1021 1148 1067 1185 P.
1092 1148 1140 1185 T.
1174 1160 1301 1198 quam
1333 1146 1542 1186 citissime
1571 1148 1932 1199 significaremus3

303 1218 423 1268 quod
444 1219 544 1269 quia
564 1232 641 1270 per
665 1220 710 1256 P.
740 1218 957 1266 Rhetium‚
982 1219 1034 1257 D.
1060 1222 1306 1269 regentem,
1329 1218 1501 1258 abunde
1536 1220 1699 1258 factum
1731 1233 1829 1258 esse
1862 1234 1934 1259 ex-

301 1290 446 1328 istimo
471 1295 497 1337 ¹,
531 1302 908 1340 superuacaneum
940 1289 1114 1327 videtur
1135 1289 1348 1340 prolixius
1369 1291 1683 1329 necessitatem
1714 1293 1933 1331 accelera-

303 1362 434 1400 tionis
466 1354 642 1413 urgere3
675 1362 935 1412 praesertim
968 1374 1065 1399 cum
1101 1362 1148 1399 R.
1188 1362 1235 1400 P.
1273 1362 1340 1409 T.‚
1378 1375 1456 1413 pro
1490 1375 1568 1401 sua
1596 1363 1844 1414 prudentia,
1879 1377 1933 1403 ex

301 1446 429 1485 quarn
450 1432 722 1484 paucissimis
744 1446 871 1484 quam
893 1433 1077 1483 plurima
1099 1433 1312 1484 colligere
1334 1433 1458 1481 sciat;
1487 1447 1573 1484 quo
1603 1439 1733 1485 pacto
1766 1436 1935 1475 scilicet

304 1517 358 1543 ex
380 1504 499 1542 felici
530 1510 617 1542 tam
631 1504 705 1555 -pij
730 1503 917 1542 instituti
938 1504 1220 1542 inchoatione
1242 1504 1346 1555 (que
1366 1506 1525 1556 primas
1547 1506 1629 1544 hac
1648 1505 1691 1544 in
1713 1519 1760 1545 re
1791 1509 1934 1558 tenet)

302 1576 543 1627 sperandus
565 1576 619 1614 sit
642 1589 918 1627 progressus,
944 1589 995 1614 ac
1018 1576 1210 1614 omnium
1240 1589 1352 1626 quae
1374 1576 1429 1615 de
1459 1577 1586 1616 nobis
1608 1583 1826 1630 concepta
1848 1585 1929 1628 est,

301 1649 504 1699 augenda
526 1648 796 1699 expectatio.
822 1648 1038 1699 Denique,
1069 1654 1114 1685 ut
1143 1647 1314 1686 coeteri
1333 1649 1552 1700 principes
1574 1655 1663 1688 tam
1685 1652 1934 1690 saeculares

301 1733 428 1771 quam
452 1719 743 1758 ecclesiastici
767 1720 1154 1767 extimulabuntur,
1187 1733 1273 1770 quo
1309 1720 1436 1758 simili
1457 1720 1601 1759 studio
1637 1722 1814 1772 pietatis
1845 1723 1931 1761 ani-

302 1805 416 1829 mum
432 1790 660 1829 intendant
678 1803 729 1830 ac
745 1791 922 1828 tandem
939 1791 1203 1841 periclitanti
1221 1791 1486 1831 Germaniae
1503 1800 1680 1831 nostrae
1699 1794 1934 1833 Societatis

301 1861 519 1914 praesidio
545 1862 830 1912 opitulentur.
866 1863 975 1909 Hec,
1009 1862 1197 1912 inquam,
1233 1863 1377 1900 onmia
1406 1863 1454 1901 R.
1489 1864 1536 1902 P.
1570 1865 1619 1902 T.
1655 1866 1933 1904 exactissime

300 1948 377 1986 per
400 1947 447 1973 se
470 1934 689 1985 intelligit,
710 1940 756 1971 ut
780 1933 1012 1972 verbosius
1031 1947 1138 1985 opus
1159 1947 1247 1972 non
1264 1934 1318 1972 sit
1334 1947 1427 1972 rem
1443 1937 1665 1987 prosequi,
1690 1944 1764 1975 aut
1784 1950 1933 1988 preca-

301 2006 350 2053 ri,
375 2010 420 2044 ut
440 2006 526 2044 hoc
546 2005 773 2056 negotium
797 2005 877 2043 sibi
900 2005 1022 2043 cordi
1044 2018 1143 2044 esse
1175 2006 1283 2044 velit
1307 2006 1341 2053 b,
1378 2007 1451 2057 qui
1482 2020 1579 2045 cum
1603 2009 1817 2057 omnibus,
1842 2015 1932 2048 tum

299 2077 574 2127 potissimum
597 2077 783 2114 miserae
807 2077 1071 2116 Germaniae
1094 2090 1268 2128 semper
1298 2083 1582 2128 prospectum
1615 2092 1714 2118 esse
1737 2081 1929 2119 voluisti.

354 2160 391 2197 3.
451 2148 540 2186 Sed
571 2148 625 2186 ad
656 2149 739 2186 alia
771 2147 901 2186 etiam
937 2148 1067 2199 digna
1098 2150 1238 2187 relatu
1267 2154 1474 2200 properat
1497 2151 1653 2189 oratio:
1686 2164 1783 2189 nam
1814 2152 1929 2199 dum,

301 2219 516 2257 confectis
550 2219 761 2270 negotijs,
800 2225 1117 2258 maturaremus
1152 2221 1331 2268 abitum,
1369 2233 1528 2259 nauem
1567 2223 1692 2260 nobis
1732 2223 1933 2262 adornari

301 2290 485 2338 curauit3
509 2291 775 2342 impendium
799 2304 928 2329 omne
950 2293 1164 2342 persoluit
1185 2292 1368 2341 itineris,
1393 2305 1444 2332 ac
1463 2293 1727 2344 amplissimo
1752 2308 1931 2333 munere

300 2361 503 2400 dimissos
538 2361 786 2400 honorauit.
812 2364 857 2400 In
880 2363 1025 2401 reditu
1046 2363 1304 2403 diuertimus
1326 2365 1380 2403 ad
1401 2365 1779 2417 archiepiscopum
1815 2368 1931 2405 colo-

299 2434 498 2471 niensem
522 2434 549 2480 ²,
575 2433 628 2471 ad
659 2447 788 2484 quem
820 2447 843 2471 a
875 2434 1099 2484 sigillifero
1131 2439 1143 2457 ³
1173 2435 1322 2473 literas
1350 2437 1620 2475 habebamus
1640 2438 1779 2475 nostri
1802 2450 1932 2476 causa

299 2504 584 2555 conscriptas,
619 2504 696 2542 sed
731 2505 830 2555 quia
862 2506 916 2543 ob
952 2505 1183 2545 aduersam
1217 2507 1428 2557 praesulis
1457 2508 1755 2547 valetudinem
1780 2516 1811 2556 0,
1843 2523 1930 2547 non

299 2575 483 2614 dabatur
523 2575 817 2627 compellandi
858 2578 1150 2627 oportunitas,
1192 2590 1270 2629 per
1314 2578 1444 2617 aliurn
1484 2591 1558 2618 eas
1597 2581 1927 2619 transmisimus.

346 2756 364 2774 a
409 2747 621 2784 animabus
642 2752 779 2792 supra
799 2758 908 2785 vers.
965 2749 1030 2774 —b
1046 2749 1232 2787 Emend.
1255 2750 1309 2787 ab
1341 2754 1454 2788 auct.
1484 2761 1534 2788 ex
1564 2750 1680 2788 tibi...
1715 2752 1817 2788 velis
1851 2757 1930 2790 aut

299 2811 462 2846 contra.
517 2815 583 2834 —0
617 2807 895 2844 valetudinem
913 2813 1051 2855 supra
1071 2820 1185 2847 vers.

347 2955 355 2974 ¹
408 2952 538 3000 Epist.
559 2952 603 2989 P.
628 2951 769 2988 Rhetii
789 2951 894 2997 vide,
917 2953 982 2998 sis,
1004 2954 1110 3000 apud
1129 2952 1317 3000 HANSEN,
1338 2954 1421 2991 343.

345 3013 358 3033 ²
404 3012 584 3060 Joannes
605 3011 865 3049 Gebhardus.

345 3073 357 3094 ³
409 3071 483 3110 Dr.
509 3070 744 3120 Ludgerius
763 3070 1020 3109 Heresbach.
1044 3071 1233 3118 HANSEN‚
1254 3071 1357 3111 292⁵.
