2038 3400
512 260 897 297 407.—V1N00130NA
923 262 962 298 31
996 262 1185 298 Aucusri
1216 262 1305 298 1560
1601 263 1661 299 761

94 377 178 414 que
203 365 330 411 enim,
356 365 505 415 inquit,
530 377 693 415 negare
715 364 758 402 id
779 364 895 415 quod
918 365 985 415 pie
1008 365 1061 402 ab
1083 365 1416 415 archiepiscopo
1439 365 1600 415 petitur
1622 366 1714 402 iure

95 436 339 473 honesteue
356 434 535 485 poteris.
557 437 664 474 Cum
687 434 831 485 itaque
855 434 955 472 nihil
981 434 1232 473 excusando
1256 448 1302 472 se
1325 435 1587 485 profecisset
1610 437 1713 473 Rec-

94 512 176 553 tor,
215 506 396 544 consilio
433 505 609 543 tandem
640 511 890 543 nostrorum
914 507 1104 553 Patrum,
1129 506 1284 556 quibus
1306 505 1586 543 difficultates
1618 519 1715 543 sua>-

92 578 133 614 in
155 578 240 615 hoc
261 581 356 615 toto
384 577 573 627 negocio
595 581 899 627 proposuerat,
921 589 1016 615 cum
1038 576 1132 628 ipso
1154 577 1338 627 primate
1362 577 1624 627 strigonensi
1650 583 1715 614 est

91 648 132 686 in
156 648 378 698 Hungaria
397 648 637 698 profectus.
663 648 744 686 Vbi
765 648 868 686 nihil
890 662 1082 698 prorsus,
1107 649 1177 686 uel
1204 649 1246 686 in
1277 648 1395 686 libris
1419 648 1716 686 examinandis·

93 725 137 757 et
169 719 492 766 comburendis,
525 720 596 757 uel
619 720 660 757 in
682 719 813 757 modo
836 720 1121 769 procedendi,
1145 719 1262 770 quod
1283 720 1465 757 alicuius
1487 724 1606 758 esset
1628 733 1714 758 mo-

92 791 241 837 menti,
266 791 416 829 statuit
437 792 611 841 praesul
634 792 704 829 ille
727 804 830 828 sane
856 793 1059 842 optimus,
1083 793 1247 842 absque
1277 792 1369 829 eius
1401 791 1598 829 consilio.
1632 792 1715 828 Ha-

91 862 196 908 buit,
221 862 337 912 quod
358 862 418 905 ita
438 860 651 912 priniarijs
674 862 885 903 omnibus.
908 863 978 913 qui
1003 875 1055 900 eo
1080 866 1393 908 conuenerant,
1419 862 1557 900 uisum
1581 867 1714 908 esset,

90 931 363 983 quotidianas
393 932 446 970 ad
475 937 614 971 totam
649 933 743 971 fere
775 932 989 983 synodum
1012 934 1344 971 exhortationes
1366 933 1505 979 unius,
1530 938 1576 970 ut
1598 933 1716 970 mini-

90 1017 220 1050 mum,
252 1004 386 1042 horae
419 1003 473 1042 de
503 1004 704 1043 instituto
728 1005 1022 1051 sacerdotum,
1048 1004 1261 1055 dignitate
1285 1004 1535 1054 officioque.
1560 1004 1715 1054 Neque

91 1087 194 1114 sane
217 1075 272 1113 de
293 1075 375 1113 illis
396 1081 563 1114 tantum
585 1076 747 1114 ibidem
771 1076 876 1127 egit,
901 1089 1012 1127 quae
1030 1082 1129 1114 sunt
1151 1077 1192 1114 in
1211 1088 1263 1114 eo
1285 1076 1429 1114 officio
1448 1077 1712 1123 necessaria,

91 1146 168 1184 sed
190 1146 362 1195 dealijs
384 1159 575 1196 quoque,
599 1160 711 1198 quae
733 1147 786 1185 ad
807 1147 1054 1186 decentiam
1079 1148 1171 1185 eius
1191 1148 1366 1198 proprie
1388 1152 1604 1197 spectant,
1628 1153 1715 1185 tam

90 1217 223 1255 multa
252 1223 428 1268 tamque
462 1218 766 1265 accomodate,
800 1219 869 1269 pie
905 1224 1035 1268 atque
1066 1219 1291 1257 feruenter
1324 1219 1513 1257 omnium
1549 1218 1716 1257 audito-

89 1301 181 1326 rum
202 1289 472 1336 testimonio,
492 1288 681 1339 quandiu
704 1290 897 1340 synodus
919 1290 1186 1341 perdurauit,
1211 1291 1356 1328 attulit
1377 1291 1418 1328 in
1440 1289 1647 1335 medium,
1671 1297 1715 1329 ut

90 1372 240 1398 omnes
261 1360 356 1398 fere
378 1372 463 1397 uno
488 1373 562 1399 ore
585 1361 713 1411 plane
731 1361 1057 1407 affirmauerint,
1079 1374 1235 1411 magno
1256 1362 1445 1399 omnium
1464 1362 1712 1409 commodO,

89 1432 276 1470 maxime
297 1432 598 1481 imperitorum
621 1431 917 1479 sacerdotum,
941 1433 1026 1471 hoc
1045 1432 1179 1470 fuisse
1202 1434 1243 1470 in
1276 1446 1326 1471 ea
1357 1434 1526 1483 synodo
1557 1434 1715 1473 consti-

88 1508 242 1541 tutum.
268 1503 467 1541 Obtinuit
488 1503 528 1541 in
552 1504 736 1554 gratiam
760 1503 1039 1542 sacerdotum
1062 1516 1317 1554 pauperum,
1342 1511 1389 1543 ut
1419 1506 1715 1557 archipraesul

88 1575 274 1625 aliquam
297 1587 506 1613 summam
527 1575 742 1626 pecuniae
765 1576 994 1613 honestam
1018 1575 1317 1623 distribueret,
1343 1590 1426 1627 qua
1447 1577 1519 1627 qui
1549 1590 1635 1615 non
1657 1578 1717 1615 ita

88 1646 320 1684 commode
343 1646 384 1684 in
406 1647 504 1684 loco
529 1646 633 1684 satis
655 1659 679 1683 a
701 1646 788 1684 suis
809 1646 1029 1696 parochijs
1052 1653 1224 1685 remoto
1248 1652 1495 1687 sustentare
1523 1662 1571 1687 se
1591 1655 1714 1700 pote-

89 1723 198 1765 rant,
222 1717 361 1756 minus
383 1723 566 1769 grauate
588 1718 718 1755 finem
752 1717 907 1767 synodi
930 1724 1234 1768 expectarent.
1260 1719 1383 1757 Multi
1414 1720 1584 1764 barbas,
1609 1734 1715 1772 quas

87 1789 331 1839 scythicum
362 1789 404 1826 in
434 1801 602 1826 morem
633 1789 866 1839 gestabant
897 1794 1050 1827 contra
1081 1802 1273 1828 canones
1306 1795 1331 1837 ¹,
1363 1803 1449 1829 non
1480 1792 1716 1831 admodum

89 1860 322 1899 difficulter
353 1859 624 1898 abraserunt.
649 1859 848 1898 Coronas
869 1860 911 1898 in
942 1861 1095 1911 capitis
1117 1862 1381 1907 summitate,
1406 1868 1451 1899 ut
1475 1864 1607 1901 moris
1627 1876 1678 1901 ac
1698 1865 1716 1882 ³*

88 1931 398 1983 pobatissimae
434 1931 760 1969 constitutionis
797 1932 1127 1970 ecclesiasticae
1164 1937 1245 1979 est,
1283 1934 1407 1972 multi
1441 1933 1585 1972 statim
1616 1947 1715 1985 ape-

88 2007 282 2041 ruerunt.
308 2002 471 2040 Habitu
494 2002 757 2040 sacerdotali
781 2003 974 2040 ornatius
996 2016 1123 2053 quarn
1145 2009 1276 2042 antea
1295 2017 1346 2043 ac
1372 2004 1572 2044 mundius
1598 2006 1715 2044 ince-

90 2074 211 2121 dere,
250 2079 294 2112 et
325 2074 455 2112 horas
484 2074 741 2124 persoluere
774 2075 1006 2112 canonicas
1040 2088 1061 2112 e
1094 2075 1283 2126 uestigio
1316 2083 1574 2128 coeperunt,
1599 2078 1715 2128 quod

65 2149 240 2195 ..aperte
256 2144 581 2183 intellexissent
603 2145 738 2182 multa
759 2145 814 2183 de
835 2145 888 2194 ijs
920 2147 1120 2184 omnibus
1142 2148 1349 2197 mysteria
1372 2153 1415 2186 et
1435 2148 1715 2199 significatio-

87 2229 165 2254 nes
196 2215 250 2254 ad
281 2216 629 2254 ecclesiasticam
661 2215 919 2267 dignitatem
952 2223 1219 2268 spectantes.
1252 2218 1408 2269 Neque
1431 2219 1613 2258 deerant
1644 2221 1715 2270 qui

88 2286 227 2325 modis
259 2286 459 2324 omnibus
490 2285 813 2325 contenderent
845 2289 1056 2327 exteriori
1087 2289 1212 2339 signo
1244 2295 1451 2340 quantum
1484 2290 1611 2328 dictis
1642 2305 1714 2329 ex-

88 2359 409 2396 hortationibus
444 2359 567 2397 breui
602 2359 910 2408 profecissent,
946 2360 1200 2399 ostendere.
1234 2361 1299 2399 De
1336 2362 1591 2399 concubinis
1626 2363 1715 2412 qui-

89 2429 203 2476 dem,
229 2428 264 2466 si
283 2442 371 2467 non
392 2429 509 2467 idem
530 2443 709 2479 prorsus
732 2430 939 2469 effectum
961 2432 1075 2482 apud
1099 2445 1251 2470 omnes
1274 2437 1355 2479 est,
1380 2433 1497 2483 quod
1528 2434 1713 2471 maxime

87 2500 243 2538 fuisset
265 2500 516 2550 optandum,
541 2500 727 2539 iniectus
758 2506 903 2540 tamen
935 2508 1002 2540 est
1033 2503 1178 2541 multis
1213 2504 1456 2553 scrupulus,
1482 2510 1528 2541 ut
1548 2517 1635 2542 non
1656 2504 1714 2542 fa-

90 2571 171 2608 cile
193 2572 327 2608 uitam
349 2583 482 2622 agere
507 2584 604 2610 cum
637 2573 698 2610 eis
722 2572 930 2623 deinceps
953 2574 1104 2620 uelint,
1136 2575 1330 2612 nonnulli
1360 2574 1489 2612 etiam
1519 2576 1713 2624 persuasi

89 2647 135 2679 ut
167 2654 240 2680 eas
271 2642 505 2688 dimittant,
539 2643 608 2691 alij
643 2644 884 2681 confirmati
915 2645 1052 2695 magis
1083 2657 1134 2682 ac
1164 2646 1301 2696 magis
1330 2646 1370 2683 in
1404 2645 1714 2685 ecclesiasticis

91 2711 489 2759 obseruationibus,
528 2719 570 2751 et
605 2714 747 2751 animo
784 2714 1081 2753 alienatissimi
1115 2716 1261 2766 plures
1293 2722 1391 2753 sunt
1422 2716 1585 2763 effecti,
1618 2716 1713 2753 Deo

88 2784 195 2831 laus,
228 2783 281 2821 ab
311 2783 615 2823 huiuscemodi
647 2785 880 2835 spurcitijs,
913 2799 968 2824 ne
999 2786 1161 2824 animas
1184 2788 1278 2825 Deo
1303 2792 1392 2836 opt.
1417 2799 1530 2825 max.
1562 2800 1714 2825 conse-

134 2921 153 2940 3
202 2933 249 2958 ac
267 2926 404 2968 supra
424 2932 533 2958 vers.

140 3061 146 3080 ¹
201 3057 266 3096 Cf.
288 3058 494 3104 DECRET.,
516 3059 632 3104 1.ΙΙΙ,
654 3060 713 3097 tit.
735 3060 765 3103 Ι,
785 3059 894 3105 αν,
917 3060 1008 3108 VII.
