2038 3400
352 222 422 261 290
832 222 1056 261 Ln‘rERAE
1082 223 1440 270 QUADRIMESTRES

306 327 507 364 sinuauit.
535 327 632 376 Que
655 338 727 374 res
747 326 923 364 Christo
946 325 1178 364 maximam
1208 326 1392 377 gloriam
1413 326 1605 377 paritura
1633 325 1823 374 videtur,
1855 338 1940 365 nee

305 397 538 436 immodice
569 403 745 435 nostros
767 398 934 435 animos
957 397 1217 435 exhilarauit
1241 398 1296 435 ob
1319 409 1509 436 messem
1530 397 1617 435 illic
1647 397 1939 449 colligendam

304 469 550 507 maximam.
588 469 683 507 Nec
705 469 790 507 hoc
812 469 986 507 silentio
1009 468 1313 520 premendum,
1346 469 1381 506 si
1403 469 1634 520 quicquam
1656 468 1772 506 aliud
1793 468 1938 508 dicen-

305 540 421 588 dum,
458 541 650 587 videtur3
686 553 845 591 nempe
868 540 985 590 quod
1018 540 1124 579 ciuis
1155 540 1330 590 quidam
1365 539 1604 579 leodiensis
1641 541 1649 559 ¹
1686 541 1940 579 honestissi-

304 626 397 651 mus
432 613 565 651 habet
597 612 707 650 duos
737 613 779 650 in
817 613 1041 651 Societate
1073 613 1201 658 filios,
1234 613 1419 650 alterum
1455 613 1632 651 nomine
1667 612 1939 651 Ludouicum

304 684 610 731 Gerardinum,
636 685 820 722 alterum
837 684 1013 722 nomine
1035 684 1298 731 Gerardum3
1323 685 1500 722 tertium
1521 684 1594 735 qui
1617 685 1748 723 etiam
1770 684 1824 723 ad
1840 698 1938 724 nos-

302 761 412 794 tram
444 756 715 794 Societatem
738 756 929 807 aspirare
965 755 1156 794 videtur.
1182 756 1264 794 Hic
1287 762 1407 795 totus
1436 756 1478 794 in
1508 756 1612 795 fidei
1644 758 1861 796 catholice
1889 769 1941 796 ac

302 834 478 866 nostrae
516 827 741 878 religionis
781 840 977 865 amorem
1016 828 1316 875 inardescens,
1353 827 1530 867 domum
1571 842 1692 867 suam
1731 828 1938 880 amplissi-

302 913 413 938 mam
437 913 533 938 cum
556 905 650 937 tota
673 913 750 937 sua
771 899 1034 950 supellectili
1055 912 1106 938 ac
1127 901 1301 938 hortum
1333 900 1705 951 augustissimum,
1730 900 1838 939 citra
1868 913 1938 939 cu-

302 972 457 1022 iusque
480 971 677 1009 iniuriam
700 984 751 1009 ac
772 972 1204 1022 tergiuersationem,
1229 972 1445 1011 Societati
1470 978 1650 1011 nostrae
1681 972 1817 1011 dedit.
1842 973 1940 1011 Hec

301 1043 456 1081 domus
487 1044 521 1082 si
553 1043 866 1090 leodiensibus,
891 1044 964 1094 qui
996 1056 1091 1082 eam
1123 1045 1297 1095 saepius
1328 1044 1535 1082 viderunt
1563 1044 1830 1084 credendum
1854 1049 1935 1092 est,

299 1116 596 1154 instituendae
618 1115 719 1166 pubi
744 1121 811 1153 est
828 1115 1253 1163 accommodissima,
1279 1129 1376 1155 cum
1395 1117 1450 1155 ob
1473 1117 1773 1155 cubiculorum
1789 1128 1938 1155 nume-

300 1187 528 1225 rositatem
552 1200 603 1225 30
624 1188 753 1225 situm
771 1187 857 1225 loci
878 1187 1263 1238 spectatissimum,
1287 1192 1378 1226 tum
1403 1189 1458 1226 ob
1490 1189 1679 1227 ciuitatis
1700 1187 1938 1227 leodiensis

303 1259 623 1296 celebritatem.
662 1258 846 1297 Videtur
881 1258 1007 1296 nobis
1030 1259 1081 1297 D.
1106 1259 1226 1297 Deus
1247 1259 1318 1297 hic
1346 1260 1518 1298 hamum
1550 1259 1937 1298 innumerabilibus

302 1329 493 1381 piscibus
517 1330 740 1380 capiendis
762 1330 1042 1381 suppeditare
1065 1330 1350 1380 aptissimum:
1371 1344 1422 1369 ac
1443 1345 1530 1370 non
1552 1344 1681 1370 vnam
1703 1332 1815 1370 hanc
1836 1331 1937 1371 ciui-

299 1408 450 1449 tatem,
475 1415 587 1453 quae
610 1402 874 1452 amplissima
896 1406 977 1449 est,
1003 1402 1084 1440 sed
1107 1403 1264 1440 multas
1286 1403 1495 1454 regiones
1525 1402 1791 1442 reformandi
1814 1416 1937 1443 occa-

301 1475 469 1513 sionem
492 1473 612 1512 dare.
638 1475 839 1512 Pluribus
870 1480 993 1513 certe
1029 1474 1069 1512 in
1100 1475 1295 1513 inferiori
1326 1475 1564 1514 Germania
1592 1477 1701 1515 locis
1732 1489 1840 1527 opus
1871 1482 1937 1515 est

301 1547 594 1584 messsoribus
617 1546 826 1597 egregijs,
852 1545 953 1584 dum
975 1546 1034 1584 ita
1063 1546 1238 1594 misere,
1262 1546 1435 1597 perdite
1465 1560 1516 1586 ac
1537 1547 1670 1586 foede
1700 1548 1936 1587 labefacte—

296 1623 365 1656 tur
389 1624 433 1656 et
454 1619 660 1669 paulatim
683 1618 852 1656 diffluet
876 1618 1109 1657 christiana
1138 1618 1294 1670 pietas,
1327 1620 1409 1658 nisi
1429 1621 1514 1658 sint
1535 1620 1607 1670 qui
1634 1620 1796 1658 labanti
1824 1633 1934 1659 surn—

300 1703 411 1729 mam
432 1691 575 1729 ferant
608 1703 737 1740 opem
759 1703 810 1729 30
841 1703 991 1728 veram
1023 1691 1284 1729 christianae
1316 1692 1407 1730 vite
1440 1691 1711 1742 disciplinam
1742 1692 1935 1730 moribus

298 1764 495 1814 synceris
527 1763 853 1802 commendent.
891 1764 958 1801 De
990 1763 1166 1814 reliquis
1189 1765 1236 1802 P.
1274 1763 1529 1802 Leonardus
1563 1763 1708 1802 omnia
1738 1763 1935 1803 exactius

296 1836 554 1887 perscribet.
584 1836 759 1883 [Preces
774 1836 994 1886 postulat,
1019 1837 1115 1885 eta]
1148 1835 1404 1874 Scribebam
1427 1836 1640 1875 Coloniae
1668 1836 1935 1887 Agrippinae

296 1918 343 1957 27
366 1908 460 1957 Iulij
484 1920 598 1946 anno
624 1916 686 1957 59.

374 1980 437 2017 Ex
460 1979 665 2018 mandato
690 1981 736 2018 P.
763 1980 996 2019 Leonardi.

630 2071 677 2108 R.
705 2072 750 2109 Ρ.
775 2071 843 2118 T.‚
878 2072 1094 2110 HENRICus
1127 2073 1372 2118 Dmmrsms,
1410 2083 1568 2109 seruus
1603 2069 1765 2108 inutilis
1796 2069 1823 2107 ².

373 2196 480 2234 Alia
503 2210 660 2235 manu.
691 2206 803 2246 1559.
830 2196 1030 2237 Colonia.
1063 2198 1224 2235 Letera
1245 2195 1572 2235 d’edificatione
1604 2205 1653 2244 27
1685 2195 1727 2233 di
1757 2195 1929 2246 Luglio.

375 2268 540 2320 Sigillz‘
558 2268 820 2320 vestigz'mn.

343 2444 349 2462 ¹
403 2441 614 2479 Ger-ardus
633 2441 902 2480 Gerardinus.
925 2442 1029 2478 Vide
1047 2454 1182 2489 supra,
1201 2455 1238 2488 p.
1258 2440 1340 2487 246,
1358 2446 1398 2479 et
1412 2440 1460 2478 cf.
1479 2440 1635 2478 Laim'z‘
1648 2440 1858 2484 Monam..
1880 2438 1929 2479 Π.

292 2501 448 2547 462-ὁᾶ
472 2501 545 2543 IV,
567 2502 648 2539 359.

339 2562 351 2580 ²
403 2561 466 2599 Cf.
488 2563 581 2600 Lz'tt.
601 2562 852 2609 Quadrim..
876 2561 930 2606 V,
949 2562 1052 2599 813¹.
1077 2561 1215 2608 Epist.
1236 2561 1288 2599 P.
1310 2561 1476 2606 Nadal,
1497 2560 1547 2603 II,
1571 2561 1655 2598 555.
