2038 3400
600 249 915 286 414—PARlsus
945 250 958 286 1
989 248 1251 286 SEPTEMssffls
1281 249 1370 285 1560
1681 250 1751 287 795

178 358 283 403 puto
304 352 527 390 cuiusdam
544 351 827 401 theologicae
846 351 1065 389 facultatis
1080 351 1368 397 baccalaurei‚
1390 364 1485 388 cum
1505 351 1799 398 eruditissimi,

180 430 271 462 tum
292 422 565 461 disertissimi
588 422 893 469 constantiam,
917 422 988 472 qui
1006 435 1103 460 curn
1120 422 1206 459 hoc
1227 434 1355 468 anno,
1376 427 1553 471 propter
1575 435 1695 459 suam
1714 423 1800 460 cxi-

180 496 307 533 miam
330 494 573 532 doctrinam
595 493 714 543 prior
737 492 995 531 sorbonicus
1016 493 1071 530 sit
1094 492 1295 538 effectus,
1329 505 1413 529 non
1437 492 1608 531 desistit
1639 499 1799 539 tamen,

179 572 388 617 quantum
408 577 487 616 per
519 565 835 614 occupationes
865 564 984 611 licet,
1017 564 1151 602 Rdum
1183 565 1358 602 Patrem
1388 569 1599 611 nostrum,
1633 565 1802 603 confes-

180 637 312 676 sionis
334 637 488 688 gratia,
513 635 747 683 accedere,
774 635 942 673 etiamsi
963 640 1058 674 tota
1084 636 1139 673 sit
1160 635 1392 673 aduersum
1415 648 1494 674 nos
1517 636 1802 674 concitatissi-

184 721 252 746 ma
273 709 358 746 hoc
379 714 580 758 tempore
602 719 726 745 sacra
745 707 1001 757 theologiae
1022 707 1222 754 facultas;
1254 706 1361 746 mira
1381 707 1422 744 in
1452 707 1539 745 hoc
1564 706 1739 745 homine
1761 707 1801 745 in

182 779 386 818 obeundo
419 792 497 817 suo
529 779 602 816 1110
634 778 676 816 111
706 778 908 816 Sorbona
938 791 1119 816 munere
1151 779 1342 817 cernitur
1364 778 1520 829 pietas,
1552 777 1803 816 admiranda

182 852 312 889 etiam
336 851 428 888 eius
450 851 504 888 ab
528 850 727 888 omnibus
743 849 1021 900 praedicatur
1039 851 1156 888 vitae
1174 849 1406 897 modestia,
1425 855 1556 900 atque
1580 850 1803 888 continen-

182 923 254 961 tia.
280 922 377 969 Hic,
401 934 487 960 non
508 926 663 959 natura
683 921 965 967 abhorrente,
990 921 1068 959 sed
1090 921 1264 972 pietatis
1287 921 1430 959 studio
1454 934 1478 959 a
1506 921 1605 959 vino
1628 934 1803 972 prorsus

180 994 403 1032 abstinere
424 993 579 1041 fertur3
605 998 649 1031 et
667 1006 691 1031 a
711 992 894 1031 lauticiis
917 997 1084 1031 tantum
1115 994 1269 1031 abesse
1302 992 1473 1039 dicitur,
1506 998 1553 1030 vt
1584 992 1656 1030 vix
1688 993 1804 1030 vitae

180 1078 284 1104 suae
306 1065 562 1103 necessaria
585 1063 664 1102 sibi
696 1064 945 1115 elargiatur.
980 1064 1033 1101 Et
1064 1070 1185 1102 certe
1216 1065 1288 1102 vel
1316 1064 1358 1102 in
1388 1065 1483 1102 solo
1515 1076 1719 1101 sermone
1749 1063 1804 1101 de

180 1136 407 1176 Societate
423 1137 528 1187 Jesu
546 1133 767 1173 hominem
783 1134 911 1173 facile
930 1133 1113 1180 diceres,
1131 1134 1210 1172 nisi
1229 1135 1427 1173 occultus
1444 1134 1514 1172 ille
1532 1134 1659 1180 foret,
1678 1147 1804 1185 prop-

180 1214 246 1247 ter
282 1212 462 1254 metum,
489 1206 727 1257 discipulus
751 1211 775 1245 ¹.
800 1206 929 1245 Hunc
964 1206 999 1244 si
1030 1206 1187 1244 vestris
1223 1207 1425 1257 precibus
1455 1205 1727 1256 impuleritis,
1761 1210 1805 1243 et

183 1279 218 1317 si
238 1278 296 1326 id,
320 1277 437 1330 quod
459 1290 539 1316 nos
562 1278 738 1324 retinet,
763 1283 1044 1315 remoueatur
1066 1276 1440 1328 impedimentum,
1464 1289 1688 1328 speramus
1709 1277 1803 1315 fore

179 1349 342 1388 Christi
363 1349 544 1387 militem
571 1349 649 1386 sub
671 1347 856 1386 nominis
872 1349 976 1399 Jesu
997 1349 1161 1387 vexillo
1185 1348 1566 1387 conscribendum.
1593 1348 1723 1398 Quod
1739 1360 1803 1385 re-

180 1421 341 1472 liquum
366 1425 446 1468 est,
471 1421 610 1458 multo
639 1420 784 1471 plures
808 1423 851 1457 et
875 1420 1162 1458 confessionis
1186 1425 1230 1458 et
1252 1420 1569 1458 communionis
1591 1425 1712 1458 certe
1734 1419 1804 1456 ha-

179 1493 383 1531 beremus
405 1491 619 1538 alumnos,
644 1491 679 1529 si
699 1491 918 1542 propriam
941 1491 1172 1529 ecclesiam
1201 1492 1242 1529 in
1264 1504 1348 1541 qua
1368 1491 1506 1530 libere
1529 1503 1805 1529 versaremur

181 1563 458 1609 haberemus,
484 1566 528 1602 et
550 1563 584 1600 si
606 1567 857 1601 nostrorum
879 1562 1229 1600 aduersariorum
1248 1568 1393 1600 tantus
1414 1576 1501 1601 non
1520 1567 1636 1601 esset
1657 1576 1804 1601 nume-

181 1649 266 1676 rus.
291 1637 390 1675 Hoc
419 1641 566 1674 tamen
602 1647 726 1673 sacro
760 1635 1046 1673 Beatissimae
1078 1634 1268 1685 Virginis
1290 1634 1450 1672 Mariae
1484 1634 1805 1685 Assumptionis

181 1709 312 1755 festo,
336 1707 506 1746 auctior
524 1707 660 1745 multo
680 1705 760 1744 fuit
782 1705 894 1757 apud
915 1711 1111 1744 sanctum
1129 1705 1396 1743 Germanum
1418 1718 1624 1744 numerus
1643 1711 1687 1744 et
1705 1718 1804 1744 0011-

183 1778 397 1818 fitentium
421 1784 465 1818 et
487 1778 916 1824 communicantium,
942 1778 1001 1815 ita
1030 1782 1078 1815 vt
1110 1778 1354 1828 oportuerit
1378 1791 1491 1824 eum,
1516 1778 1587 1828 qui
1608 1778 1804 1816 vltimum

182 1864 351 1890 sacrum
367 1850 571 1897 faciebat,
593 1850 722 1888 etiam
744 1848 1091 1887 sacerdotalibus
1107 1848 1370 1887 indumentis
1387 1848 1658 1899 impeditum,
1682 1849 1804 1887 finito

181 1936 258 1962 suo
294 1934 435 1970 sacro,
479 1923 716 1973 plerosque
755 1920 898 1959 adhuc
936 1920 1306 1958 reconciliationis
1345 1921 1411 1970 (vt
1450 1921 1628 1970 vocant)
1667 1920 1807 1971 gratia

181 1994 346 2042 audire,
365 1994 483 2046 quod
506 1997 653 2033 essent
675 1994 728 2031 ab
749 1993 822 2031 illo
845 2005 1016 2031 sacrum
1037 1992 1199 2030 Christi
1222 2005 1379 2042 corpus
1400 1992 1666 2044 percepturi.
1690 1993 1804 2031 Ante

181 2067 297 2104 illum
329 2066 460 2103 etiam
482 2065 597 2103 diem
620 2064 673 2103 ad
691 2063 926 2115 collegium
948 2063 1137 2102 Sanctae
1160 2064 1377 2102 Barbarae
1399 2065 1544 2102 vocati
1566 2077 1713 2102 sumus
1735 2077 1805 2102 au-

181 2136 440 2175 diendorum
460 2148 698 2187 puerorum
720 2135 873 2186 gratia,
897 2135 938 2173 in
960 2148 1044 2186 quo
1068 2147 1155 2174 non
1177 2142 1195 2160 3
1222 2136 1315 2173 51110
1349 2135 1508 2182 fructu,
1541 2140 1589 2173 vt
1607 2135 1805 2184 judicare

181 2215 322 2260 potes,
347 2207 551 2255 maximo,
576 2207 631 2246 de
654 2219 775 2245 more
798 2213 949 2246 nostro
972 2207 1055 2245 iam
1078 2207 1132 2246 ab
1153 2220 1265 2246 anno
1294 2207 1629 2246 solemnioribus
1651 2207 1804 2246 diebus

183 2291 463 2330 occupamur3
494 2290 578 2316 nec
606 2279 649 2316 in
685 2291 738 2316 eo
775 2278 965 2329 collegio
1000 2279 1197 2329 plerique
1229 2278 1401 2325 desunt,
1438 2278 1511 2329 qui
1540 2279 1679 2317 nolint
1712 2279 1804 2317 aliis

181 2363 305 2401 quam
328 2350 457 2388 nobis
479 2349 696 2396 confiteri,
722 2349 804 2387 etsi
825 2350 910 2388 hoc
931 2363 955 2388 a
974 2354 1171 2388 nostrum
1188 2350 1362 2389 nemine
1379 2356 1654 2401 procuretur,
1673 2355 1804 2401 atque

186 2420 473 2459 multitudinis
495 2421 635 2471 gratia
655 2420 725 2459 alii
757 2420 929 2459 aliunde
960 2420 1174 2459 accedant
1205 2421 1476 2459 sacerdotes.
1510 2422 1573 2459 Ex
1597 2434 1650 2460 eo
1674 2423 1805 2460 colle-

182 2493 255 2540 gio
275 2492 359 2530 iarn
387 2491 584 2542 plerique
614 2496 786 2530 nostras
817 2492 950 2530 aedes
981 2491 1188 2530 sabatinis
1210 2492 1379 2539 diebus,
1413 2491 1525 2531 duce
1547 2505 1625 2530 suo
1648 2493 1803 2543 paeda-

183 2576 317 2614 gogo,
356 2562 645 2601 confessionis
686 2575 816 2601 causa
849 2563 1080 2602 accedunt.
1118 2563 1253 2601 Vides
1293 2563 1628 2614 portiunculam,
1668 2565 1736 2601 P.¹
1762 2564 1803 2601 in

184 2630 355 2672 Christo
378 2632 647 2680 venerande,
671 2638 848 2672 nostrae
871 2634 913 2672 in
934 2634 1016 2672 hac
1032 2634 1340 2672 florentissima
1354 2634 1463 2672 vrbe
1484 2635 1800 2685 prosperitatis.

185 2704 273 2744 Sed
296 2703 470 2751 eodem,
495 2717 676 2754 quaeso,
701 2704 842 2743 animo
865 2706 1060 2744 substine
1082 2705 1243 2745 molem
1264 2705 1556 2744 aduersitatis.

228 2885 247 2904 ²²
296 2897 375 2922 non
394 2889 533 2931 supra
547 2895 657 2923 vers.
679 2884 774 2922 ead.
797 2895 950 2922 manu.

233 3067 241 3086 ¹
295 3063 359 3103 Cf.
373 3063 543 3111 JoANN.,
563 3062 678 3110 XIX,
698 3063 755 3101 38.
