2038 3400
596 406 798 432 ADDENDA
827 407 877 432 ET
903 407 1175 434 CORRIGENDA

144 561 244 608 Pag.
263 562 319 603 25,
341 563 407 599 lin.
426 563 596 610 penult..
621 564 691 607 «³»,
714 565 804 610 lege
824 565 846 600 ¹.

184 643 197 656 »
455 631 528 666 ult.
621 631 691 673 «¹»,
748 644 763 660 ›
818 630 843 666 ².

142 691 243 739 Pag.
263 693 320 736 27,
341 694 410 730 lin.
430 695 452 731 4
471 696 507 739 (a
529 694 636 740 fine),
662 695 732 737 δ’»,
755 695 845 740 lege
864 696 886 732 ¹.

147 760 247 806 Pag.
271 751 349 803 139,
370 767 505 796 annot.
530 762 559 803 1,
590 761 852 798 «auctoritate
874 761 932 797 Pii
954 760 1049 806 IV»,
1079 762 1171 808 lege
1198 763 1443 801 auctoritate
1480 764 1595 801 Pauli
1626 766 1705 803 IV.

142 827 242 873 Pag.
266 826 344 870 141,
365 832 501 863 annot.
526 827 556 863 1.
578 826 716 863 Adde:
742 826 831 873 Ipse
861 827 901 863 P.
924 826 1071 864 Petrus
1091 828 1194 865 Diaz
1212 829 1308 865 dicit
1335 841 1379 865 se
1408 842 1498 866 esse
1526 843 1576 867 ex
1603 832 1707 868 urbe

70 892 278 938 Onisipone
298 892 376 936 (Cf.
397 892 533 938 Epist.
554 892 604 929 P.
625 892 790 935 Nadal,
809 892 857 933 ΙΙ,
878 893 975 936 576),
1006 893 1205 939 siquidem
1232 894 1281 930 de
1309 895 1509 942 epistolae
1536 901 1706 933 auctore

69 959 220 1003 agitur.

141 1021 241 1068 Pag.
267 1022 343 1066 155,
365 1021 432 1058 lin.
454 1022 542 1065 ult„
567 1022 637 1063 «⁹»,
660 1023 760 1068 lege,
783 1023 808 1059 ³.

140 1086 241 1133 Pag.
265 1086 343 1130 177,
364 1086 413 1122 ad
432 1092 569 1123 annot.
592 1087 622 1124 1.
646 1086 823 1124 Videtur
841 1089 973 1134 potius
991 1089 1058 1135 agi
1078 1089 1126 1126 de
1148 1088 1301 1134 Ioanne
1321 1089 1459 1132 Besta,
1481 1089 1538 1127 O.
1563 1091 1605 1128 S.
1636 1091 1704 1135 B.,

67 1153 135 1199 qui
157 1151 399 1199 Castillegio
418 1153 624 1195 successit,
645 1165 738 1189 nam
758 1153 821 1190 hic
839 1154 920 1202 jam
947 1155 996 1190 ad
1023 1155 1240 1191 dioecesim
1267 1155 1537 1192 calaritanam
1568 1162 1703 1194 trans-

70 1217 177 1253 latus
195 1223 295 1254 erat.
318 1217 381 1254 Cf.
404 1217 566 1261 EUBEL,
587 1218 657 1261 ΙΙΙ,
682 1218 760 1254 161.

141 1282 241 1329 Pag.
262 1282 342 1327 193,
364 1284 431 1319 lin.
454 1284 542 1325 ult..
567 1289 627 1320 «et
647 1283 859 1329 Polanco»,
880 1286 969 1330 lege
986 1298 1008 1321 a
1029 1284 1225 1323 Polanco.

138 1347 237 1394 Pag.
258 1348 340 1392 231,
361 1348 431 1384 lin.
451 1348 474 1385 6
491 1349 531 1393 (a
551 1348 658 1393 fine),
683 1349 912 1395 «epistola»,
934 1349 1025 1395 lege
1043 1351 1256 1397 epistolae.

140 1412 240 1459 Pag.
261 1413 342 1457 241,
364 1414 430 1450 lin.
450 1413 484 1458 2,
510 1419 785 1458 «mostramo»,
807 1415 896 1460 lege
911 1421 1128 1452 mostrano.

138 1478 240 1524 Pag,
260 1478 342 1522 302,
363 1484 500 1515 annot.
525 1480 554 1521 1,
579 1478 812 1522 «Carolus»,
835 1481 925 1525 lege
942 1480 1238 1519 Ferdinandus.

137 1543 238 1589 Pag.
259 1543 341 1587 301,
362 1549 497 1581 annot.
518 1543 552 1583 3,
577 1544 760 1590 «collegii
781 1545 1042 1590 germanici»,
1065 1547 1155 1591 lege
1172 1547 1337 1594 collegii
1358 1548 1534 1585 romani.

137 1608 239 1655 Pag.
259 1608 340 1650 327,
363 1609 428 1645 lin.
453 1611 539 1652 ult.,
564 1624 578 1638 «
594 1615 656 1652 ⁰»,
679 1609 768 1653 lege
789 1624 803 1639 «
819 1618 837 1635 e
861 1625 892 1643 ».

139 1672 240 1720 Pag.
260 1674 342 1719 362,
365 1674 434 1710 lin.
456 1674 477 1709 4
496 1674 536 1715 (a
555 1674 663 1717 fine),
688 1680 823 1719 «est.>›,
845 1676 935 1720 lege
953 1680 1053 1713 esta.

136 1738 235 1785 Pag.
255 1739 335 1781 389,
359 1740 429 1776 lin.
453 1739 508 1782 19,
532 1740 700 1787 «Joanns
719 1740 884 1785 Gmss»,
908 1741 998 1786 lege
1010 1743 1190 1790 Joannes
1210 1742 1358 1781 Gross.

138 1804 239 1852 Pag.
260 1805 342 1849 594,
364 1807 433 1843 lin.
449 1808 483 1849 3,
509 1808 778 1855 «adpinum»,
800 1808 890 1854 lege
907 1808 1161 1855 accipitrum.

138 1869 239 1917 Pag.
259 1871 344 1915 655,
363 1884 454 1911 ann.
472 1872 509 1916 2,
531 1873 793 1919 «Qadratus»,
817 1875 906 1920 lege
922 1873 1175 1919 QuadratuS.

138 1934 239 1981 Pag.
259 1935 341 1978 689,
360 1937 429 1973 lin.
453 1937 507 1981 12,
529 1938 595 1975 «P.
616 1938 795 1981 pentus»,
815 1939 904 1985 lege
922 1939 965 1975 P.
989 1939 1148 1976 Petrus.

135 1999 236 2046 Pag.
258 2001 340 2045 74‘2,
361 2002 423 2038 ad
441 2007 588 2040 annot.
607 2013 648 2040 a:
667 2004 845 2041 Dubium
866 2005 1023 2041 tollitur
1042 2018 1091 2041 ex
1111 2005 1299 2052 exemplo
1319 2006 1459 2049 latino,
1481 2007 1521 2043 in
1541 2020 1621 2055 quo
1641 2009 1703 2044 di-

65 2064 169 2101 citur
191 2065 391 2113 «theologi
409 2067 609 2113 undecim,
631 2069 797 2106 Artium
817 2076 1032 2117 quatuor».

137 2130 238 2177 Pag.
258 2131 340 2168 986.
364 2132 470 2170 Post
495 2133 687 2180 Capitula
714 2137 831 2181 regni
863 2134 1042 2180 Siciliae,
1073 2141 1164 2181 etc.,
1195 2136 1311 2173 addi
1345 2136 1482 2174 debet.-
1512 2137 1701 2180 CASTRO.

66 2196 392 2244 Christophorus,
415 2198 456 2235 S.
474 2198 746 2245 J.—Historia
764 2201 830 2237 del
857 2199 1047 2247 Collegio
1066 2202 1115 2238 de
1137 2202 1287 2238 Alcala
1311 2202 1621 2249 [complutense]
1650 2205 1703 2240 de

65 2260 105 2297 la
126 2260 349 2308 Compafn'a
368 2263 417 2299 de
430 2263 552 2309 Jesfls
572 2263 698 2308 (Ms.).
