2038 3400
340 258 410 296 606
805 257 1024 298 LITTERAE
1050 262 1408 308 QUADmMESTRES

295 364 371 402 rali
394 364 690 407 confessione,
715 371 837 404 tanto
860 380 957 405 cum
980 366 1200 406 desiderio
1224 379 1275 404 ac
1296 366 1470 417 spiritus
1487 368 1679 415 feruore,
1700 373 1745 406 ut
1767 366 1809 406 id
1828 381 1921 406 uer-

292 435 358 472 bis
381 436 484 474 satis
506 437 711 486 prosequi
734 450 821 474 non
842 439 1019 487 possim.
1052 438 1349 476 Accesserunt
1373 451 1426 476 ex
1448 439 1627 488 nouitijs
1643 445 1830 490 quatuor
1851 440 1923 489 qui

295 508 411 545 uotis
429 521 475 545 se
498 509 594 546 Deo
617 509 928 556 astrinxerunt,
953 523 1003 548 ac
1027 508 1169 548 eidem
1186 510 1277 560 pari
1298 511 1467 548 ratione
1486 511 1660 561 placere
1679 523 1923 561 summope-

294 590 340 616 re
362 578 555 617 student.
582 580 675 630 Ego
701 586 823 618 certe
853 581 1054 632 indignus
1078 581 1219 619 adhuc
1250 594 1383 628 eram,
1408 583 1478 632 qui
1509 583 1621 620 inter
1653 594 1731 620 eos
1762 595 1922 620 connu-

294 662 500 689 merarer.
526 652 603 689 His
625 652 829 701 peractis,
854 659 1001 691 rector
1030 659 1181 690 noster
1205 666 1258 690 ex
1284 652 1520 704 Hungaria,
1546 667 1631 704 quo
1655 667 1678 692 a
1699 655 1808 692 ΚΜ)
1830 654 1922 691 stri-

293 723 477 771 gonensi
500 723 826 773 archipraesule
851 730 856 749 ¹
881 736 959 774 per
982 725 1130 762 literas
1152 724 1295 762 fuerat
1330 725 1514 772 accitus,
1547 738 1769 773 reuersus,
1808 738 1922 763 com—

294 806 460 841 munes,
485 807 591 845 quas
614 800 719 834 tunc
739 796 923 846 primum
946 809 969 834 a
992 796 1040 834 T.
1068 797 1114 834 R.
1142 797 1187 834 P.
1213 798 1366 835 missas
1397 804 1646 848 acceperat,
1681 797 1919 836 Societatis

292 872 469 905 nostrae
492 868 667 917 regulas
690 872 716 914 ²,
741 868 1006 918 peraliquot
1029 868 1124 906 dies
1146 881 1302 919 magna
1325 881 1380 906 ex
1402 874 1525 919 parte
1547 869 1674 906 nobis
1697 869 1922 919 explicuit,

291 950 375 987 qua
394 938 589 977 lectione
612 939 895 978 confirmatus
917 945 1167 978 nostrorum
1204 941 1394 991 spiritus,
1429 941 1581 978 mirum
1619 946 1685 978 est
1715 946 1921 991 quantum

291 1009 331 1046 in
355 1010 535 1061 singulis
556 1023 670 1061 pene
693 1012 949 1062 profecerit.

346 1091 381 1130 7.
442 1082 664 1120 Caesarea
698 1083 905 1121 maiestas
941 1084 995 1122 de
1031 1084 1307 1135 grauioribus
1340 1096 1648 1135 nonnunquam
1683 1084 1815 1122 rebus
1851 1097 1923 1122 ex-

291 1153 520 1204 pediendis
554 1168 631 1205 per
666 1161 859 1203 nostros,
896 1169 1006 1206 quos
1042 1155 1328 1194 libentissime
1365 1155 1498 1203 audit,
1531 1155 1808 1202 admonetur,
1833 1162 1922 1194 tan-

291 1231 422 1275 taque
444 1226 612 1276 pietate
649 1232 692 1264 et
715 1240 865 1265 amore
887 1227 1160 1266 Societatem
1182 1228 1294 1266 hanc
1328 1228 1546 1266 minimam
1565 1229 1669 1279 Jesu
1699 1229 1922 1279 prosequi-

291 1303 374 1344 tur,
399 1303 445 1335 ut
468 1298 540 1335 uix
573 1298 805 1349 quicquam
827 1300 880 1337 ab
903 1312 957 1337 eo
995 1300 1041 1337 P.
1066 1300 1138 1346 N.‚
1176 1300 1374 1349 quamuis
1410 1311 1567 1350 magna
1603 1304 1647 1337 et
1667 1299 1922 1349 frequenter

289 1381 389 1408 sese
427 1369 629 1417 offerant,
666 1376 832 1420 petant,
857 1371 975 1421 quod
1006 1384 1093 1410 non
1124 1371 1465 1409 clementissime
1503 1371 1734 1409 concedat.
1773 1371 1852 1417 Ac,
1879 1374 1922 1408 ut

290 1441 487 1479 omittam
509 1454 621 1492 quae
645 1443 699 1480 ob
730 1448 981 1481 nostrorum
1012 1443 1378 1481 intercessionem
1410 1443 1451 1480 in
1487 1443 1594 1481 alios
1626 1441 1826 1490 contulit,
1852 1455 1922 1481 cu-

290 1513 402 1551 rauit
424 1514 508 1551 emi
543 1514 669 1552 nobis
691 1514 867 1552 domum
904 1515 1118 1566 quandam
1142 1515 1359 1554 ecclesiae
1383 1520 1562 1553 nostrae
1586 1514 1787 1561 uicinam,
1812 1526 1921 1564 quae

290 1583 361 1621 uix
384 1596 408 1633 4
429 1584 616 1622 millibus
637 1586 733 1624 flor.
772 1587 974 1624 rhenenS.
997 1587 1268 1625 absoluetur.
1294 1587 1355 1624 Ea
1387 1597 1436 1634 32
1471 1586 1717 1637 primariae,
1742 1585 1921 1623 austria-

291 1667 369 1693 cae
390 1657 642 1707 praecipue,
668 1657 908 1695 nobilitatis
942 1656 1301 1696 adolescentibus
1337 1658 1517 1705 seruiet,
1556 1670 1667 1708 quos
1698 1657 1844 1694 diuina
1864 1656 1922 1694 fa-

291 1732 423 1765 uente
446 1729 587 1778 gratia
621 1729 708 1766 suis
743 1728 950 1780 impensis
982 1741 1191 1767 caesarea
1221 1730 1428 1767 maiestas
1458 1729 1577 1767 alere
1600 1728 1802 1775 instituit,
1833 1734 1879 1766 ut
1899 1741 1922 1766 a

289 1800 450 1837 nostris
469 1800 658 1847 educati,
678 1800 887 1848 moribus,
902 1801 1074 1848 litteris,
1102 1802 1359 1852 pietateque
1397 1801 1633 1838 christiana
1654 1800 1845 1851 apprime
1864 1800 1923 1837 in-

291 1871 456 1915 structi,
474 1872 641 1922 patriae
659 1872 835 1910 tandem
848 1872 965 1910 ferre
983 1872 1190 1911 auxilium
1213 1885 1292 1911 suo
1312 1878 1512 1923 tempore
1530 1873 1714 1922 possint.
1731 1871 1797 1909 Ad
1813 1872 1923 1909 haec

291 1956 499 1981 summam
522 1943 770 1982 dalerorum
797 1955 897 1983 1000
917 1944 1109 1982 fabricae
1132 1944 1308 1996 collegij
1333 1944 1473 1982 nostri
1495 1944 1693 1990 donauit,
1716 1944 1815 1981 uino
1838 1943 1921 1981 fru-

290 2021 529 2066 mentoque
552 2015 591 2053 in
615 2016 697 2053 hac
718 2021 839 2054 tanta
861 2016 1086 2067 utriusque
1109 2028 1309 2054 annonae
1343 2016 1526 2054 caritate
1558 2015 1778 2061 instruxit,
1803 2027 1854 2052 ac
1875 2020 1921 2052 ut

289 2086 343 2124 de
366 2087 543 2125 firmiori
566 2088 853 2138 ampliorique
877 2087 1075 2126 eiusdem
1098 2087 1275 2138 collegij
1299 2087 1557 2125 fundatione
1576 2088 1692 2125 serio
1715 2090 1922 2137 ageretur

290 2159 441 2197 uoluit.
466 2159 624 2198 Sumus
647 2159 688 2198 in
710 2161 796 2198 hoc
818 2160 1048 2198 viennensi
1084 2158 1292 2210 collegio,
1318 2164 1363 2196 ut
1398 2165 1528 2197 antea
1551 2159 1819 2209 scripsimus,
1849 2168 1922 2196 100

287 2229 398 2278 fere;
423 2241 472 2279 50
492 2231 667 2281 quidem
690 2231 744 2269 de
767 2231 1010 2277 Societate,
1035 2230 1222 2268 totidem
1245 2243 1368 2277 uero,
1403 2243 1552 2269 mensa
1575 2235 1619 2268 et
1649 2229 1920 2268 habitatione

289 2303 497 2351 distincti,
523 2306 710 2343 externi.
736 2305 792 2343 Hi
815 2304 930 2343 circa
951 2304 1112 2342 festum
1134 2304 1352 2354 paschale,
1376 2314 1426 2342 20
1448 2304 1647 2354 exceptis
1678 2303 1749 2354 qui
1779 2308 1920 2352 pater-

287 2378 353 2415 nis
376 2377 581 2427 expensis
605 2377 837 2415 commode
869 2381 1187 2421 sustentantur,
1227 2376 1526 2413 munificentia
1562 2387 1771 2414 caesarea
1805 2384 1919 2421 1000,

287 2454 495 2499 quantum
518 2448 752 2495 credimus,
778 2448 955 2487 florenis
977 2449 1151 2498 integre
1175 2449 1229 2485 ad
1252 2461 1381 2485 unum
1407 2460 1559 2486 omnes
1590 2447 1765 2485 fuerunt
1790 2446 1920 2484 uesti-

287 2521 333 2559 ti.
360 2519 475 2570 Quid
497 2520 651 2557 multa?
673 2519 860 2558 affirmat
882 2520 1105 2571 pijssimus
1129 2533 1296 2567 caesar,
1322 2532 1369 2557 se
1393 2524 1545 2569 optare
1567 2531 1653 2556 non
1677 2517 1809 2555 modo
1833 2519 1919 2555 col-

286 2590 448 2643 legium
471 2591 557 2630 hoc
591 2597 788 2629 nostrum
811 2604 1098 2642 personarum
1123 2605 1322 2638 numero,
1347 2591 1501 2629 annuis
1531 2590 1735 2628 censibus
1763 2589 1922 2627 modis-

287 2677 369 2713 que
394 2664 594 2702 omnibus
618 2675 787 2710 ornare,
823 2664 901 2701 sed
925 2670 968 2701 et
999 2662 1199 2714 cogitare
1234 2664 1316 2702 iam
1348 2663 1401 2701 de
1434 2663 1528 2712 alijs
1560 2663 1792 2709 nonnullis,
1820 2664 1914 2700 Deo

335 2898 343 2917 ¹
397 2895 591 2934 Nicolaus
606 2895 777 2934 Olahus.

333 2957 345 2976 ²
397 2956 519 2994 Anno
541 2955 631 2993 1560
650 2956 780 2993 editus
800 2961 861 2993 est
885 2956 1050 3001 Romae,
1068 2957 1107 2993 in
1127 2956 1294 2993 aedibus
1314 2954 1654 3002 SocietatisJesu,
1672 2955 1836 2992 libellus
1855 2955 1918 2991 cui

284 3017 437 3053 titulus:
463 3016 695 3061 «Quaedam
716 3029 764 3053 ex
785 3015 1106 3053 Constitionibus
1123 3029 1215 3053 cum
1232 3014 1388 3062 regulis
1409 3015 1688 3052 communibus
1704 3014 1919 3052 Societatis

287 3082 517 3124 excerpta.»
