2038 3400
573 290 933 327 lod-Momcfflo
958 291 981 328 6
1010 291 1199 326 Aucus-‘11
1230 290 1319 326 1560
1628 289 1696 325 715

121 393 226 443 cipis
251 394 256 411 ¹
281 393 376 430 aula
397 393 461 429 bis
484 392 662 442 singulis
699 392 949 442 septimanis
972 392 1023 435 (si
1046 397 1191 429 tamen
1214 391 1414 441 princeps
1436 390 1565 439 adsit)
1588 404 1743 441 magna

120 476 215 500 011111
238 463 363 500 laude
388 470 431 500 et
462 462 601 513 gratia
630 463 837 512 fungitur,
873 469 915 499 et
947 469 1176 513 tantopere
1208 461 1383 511 quidem
1417 462 1512 512 pius
1542 461 1743 511 princeps

119 533 211 571 eius
233 522 419 572 afficitur
442 533 742 577 concionibus,
768 541 813 571 vt
835 533 1030 584 quotidie
1054 533 1199 579 etiarn,
1226 533 1259 569 si
1281 532 1411 569 modo
1438 533 1552 570 vires
1570 532 1743 570 concio·

117 605 259 643 natori
281 610 580 656 suppeterent,
606 604 755 642 audire
780 617 878 642 eum
906 610 1073 642 aueret.
1099 605 1328 642 Tractatur
1350 609 1496 641 autem
1519 615 1662 641 corani
1690 616 1741 641 eo

118 677 298 714 materia
320 682 706 721 sacramentorum,
742 681 785 713 et
816 676 991 724 quidem
1023 674 1318 721 exactissime,
1352 681 1398 711 vt
1428 674 1569 712 nullus
1599 673 1740 719 alicui,

117 747 187 797 qui
209 747 378 785 ratione
402 746 600 793 ducatur,
621 746 674 784 de
699 747 915 784 catholica
939 746 1125 783 veritate
1148 745 1372 783 dubitandi
1395 746 1516 783 locus
1539 745 1741 795 supersit.

118 818 241 866 Quae
263 830 333 855 res
354 817 468 855 haud
490 817 620 854 dubie
644 818 906 855 catholicum
928 817 1130 867 principis
1152 817 1354 863 animum,
1388 822 1614 867 totamque
1651 818 1743 854 eius

117 890 256 927 aulam
279 890 569 927 vehementer
590 890 632 926 in
655 890 769 926 auita
792 889 1006 939 religione
1029 888 1271 927 confirmat.
1297 888 1363 926 Ad
1392 888 1629 926 conciones
1653 901 1742 935 eas,

118 974 229 1011 quae
251 961 292 999 in
314 966 465 998 nostro
490 961 668 1011 templo,
695 961 958 1010 amplissimo
983 972 1086 998 sane
1108 959 1180 997 illo
1202 966 1334 1010 atque
1357 959 1648 1006 ornatissimo,
1673 961 1743 997 ha-

116 1032 288 1078 bentur,
312 1032 466 1082 ingens
489 1044 661 1081 semper
685 1036 750 1069 est
768 1031 1015 1069 auditorum
1038 1043 1292 1077 concursus3
1316 1037 1360 1069 et
1381 1031 1742 1082 quadragesimae

115 1103 290 1154 quidem
312 1107 528 1153 tempore,
553 1116 638 1154 quo
663 1102 952 1141 concionandi
974 1103 1060 1140 1100
1091 1103 1348 1140 exercitium
1380 1103 1420 1141 in
1452 1104 1616 1154 templo
1645 1117 1742 1141 nos-

117 1180 183 1212 tro
205 1175 284 1212 suit
309 1187 362 1212 ex
386 1186 507 1212 more
530 1174 844 1224 quotidianum,
871 1180 988 1211 tanta
1008 1174 1289 1225 fraequenter
1311 1175 1499 1213 accessit
1520 1176 1742 1213 hominum

116 1246 360 1291 multitudo,
384 1253 427 1284 vt
450 1247 595 1297 anguli
626 1259 737 1296 pene
763 1258 915 1284 omnes
936 1247 1086 1296 templi
1107 1246 1379 1284 auditoribus
1402 1246 1657 1286 uiderentur
1678 1261 1743 1286 re·

115 1319 235 1369 pleti.
271 1320 469 1368 Quantus
506 1331 637 1369 porro
672 1318 932 1356 concionum
963 1318 1141 1356 istarum
1171 1318 1352 1365 fructus,
1388 1320 1481 1357 Deo
1516 1324 1740 1370 operante,

116 1390 327 1436 extiterit,
351 1389 497 1427 verbis
519 1389 731 1439 consequi
752 1390 825 1426 vix
846 1387 1024 1439 possim3
1048 1402 1134 1428 non
1156 1403 1266 1427 vnus
1289 1389 1501 1441 siquidem
1524 1391 1594 1429 uel
1615 1390 1741 1437 alter,

116 1461 194 1500 sed
215 1461 530 1512 quamplurimi,
554 1460 762 1498 abiuratis
785 1460 976 1498 articulis
997 1461 1039 1498 in
1070 1460 1225 1510 quibus
1246 1474 1269 1498 a
1299 1453 1516 1500 catholica
1543 1460 1630 1499 fide
1661 1460 1743 1499 dis-

116 1533 377 1579 sentiebant,
415 1532 468 1570 ad
499 1544 631 1570 verae
666 1537 709 1569 et
742 1531 1017 1570 orthodoxae
1051 1531 1154 1570 fidei
1187 1533 1395 1571 vnitatem
1426 1533 1665 1580 redierunt,
1700 1539 1743 1571 et

115 1604 290 1655 quidem
313 1617 367 1642 ex
388 1604 547 1649 animo,
571 1609 618 1640 vt
639 1604 794 1654 ingens
817 1615 967 1641 eorum
989 1602 1029 1640 in
1066 1603 1377 1642 conuertendis
1399 1604 1494 1653 alijs
1516 1605 1635 1643 zelus
1656 1618 1742 1643 non

117 1677 304 1714 obscure
325 1675 481 1726 arguit.
506 1673 679 1712 Accidit
700 1686 837 1724 nuper
858 1679 906 1711 vt
927 1674 1028 1712 dum
1052 1686 1106 1712 ex
1128 1675 1365 1713 neotericis
1388 1676 1632 1713 christianis
1654 1676 1742 1726 qui-

116 1747 212 1785 dam
234 1747 409 1798 grauius
431 1745 486 1783 de
507 1745 687 1796 papistis
709 1746 789 1794 (sic
812 1745 924 1783 enim
948 1746 1188 1784 catholicos
1211 1747 1448 1796 appellant)
1465 1750 1740 1797 quereretur,

117 1819 190 1869 qui
225 1819 406 1856 alteram
442 1817 523 1866 ipsi
559 1817 750 1866 speciem
782 1816 1015 1854 christiano
1037 1818 1198 1867 populo
1234 1817 1380 1854 furtim
1417 1818 1740 1863 subtraherent,

118 1903 201 1928 vna
231 1903 285 1928 ex
314 1888 368 1938 ijs
398 1900 509 1938 quae
545 1900 568 1925 a
598 1887 758 1925 nostris
789 1900 1030 1926 conuersae
1063 1894 1201 1934 erant,
1234 1889 1385 1926 mulier
1415 1889 1608 1931 adesset:
1631 1901 1741 1939 quae

116 1961 189 1999 vbi
220 1972 414 1999 errorem
444 1960 630 1997 hominis
661 1959 960 2010 cognouisset‚
996 1960 1155 1997 obnixe
1189 1972 1286 1997 eum
1308 1966 1486 2010 precata
1517 1965 1598 2006 est,
1632 1966 1677 1998 vt
1710 1960 1743 1998 si

116 2033 211 2083 quis
235 2032 274 2070 ei
294 2035 473 2083 propter
496 2029 849 2069 communionem
872 2032 1098 2080 scrupulus
1121 2032 1261 2068 animo
1285 2032 1504 2077 haereret,
1536 2044 1633 2069 eum
1670 2033 1742 2069 Pa-

117 2111 206 2142 tres
227 2103 463 2143 Societatis
479 2103 583 2152 Jesu
606 2102 857 2152 neutiquam
881 2102 1060 2148 celaret,
1083 2102 1177 2140 fore
1202 2103 1315 2140 enim
1338 2109 1383 2140 vt
1408 2103 1522 2151 omnj
1545 2104 1742 2153 protinus

119 2174 391 2213 dubitatione
423 2173 697 2211 liberaretur.
732 2173 966 2223 Acquieuit
996 2173 1083 2219 ille,
1117 2173 1236 2211 uenit
1259 2174 1312 2211 ad
1333 2186 1427 2213 nos,
1454 2174 1637 2211 contulit
1667 2187 1741 2212 no-

118 2245 298 2284 biscum.
325 2245 440 2294 Quid
468 2244 621 2281 multa?
652 2244 897 2282 Veritatem
918 2245 1113 2294 agnouit,
1147 2242 1223 2281 sed
1247 2250 1291 2282 et
1320 2250 1504 2295 peccata
1535 2257 1610 2282 sua
1641 2257 1741 2283 0011-

115 2316 258 2355 fessus
280 2322 361 2362 est,
387 2320 431 2352 et
452 2315 570 2352 vitae
598 2312 797 2365 promisit
828 2314 1194 2353 emendationem.
1220 2315 1377 2353 Euenit
1409 2315 1546 2353 simile
1568 2315 1741 2366 quibus-

117 2388 215 2426 dam
244 2387 353 2436 alijs.
378 2386 639 2436 Complures
669 2385 738 2433 alij
769 2386 1032 2423 fluctuantes
1055 2390 1097 2423 et
1128 2386 1169 2422 in
1200 2385 1285 2424 fide
1307 2387 1489 2437 paruuli,
1523 2387 1594 2437 qui
1627 2388 1741 2425 omni

116 2459 241 2497 facile
263 2458 490 2497 doctrinae
513 2461 646 2495 uento
666 2457 1048 2495 circumferrentur
1070 2457 1096 2503 ²,
1121 2457 1260 2495 solida
1282 2457 1524 2496 catholicae
1547 2458 1649 2508 fidej
1673 2471 1740 2497 ac-

118 2535 330 2580 ceperunt
363 2528 660 2574 fundamenta,
700 2534 743 2565 et
778 2529 939 2578 gratias
961 2529 1055 2566 Deo
1088 2535 1132 2566 et
1153 2529 1278 2567 nobis
1300 2529 1542 2579 singulares
1563 2543 1640 2580 pro
1673 2543 1740 2567 ac-

117 2606 245 2651 cepto
278 2599 620 2639 confirmationis
641 2599 766 2636 huius
795 2599 1013 2636 beneficio
1037 2600 1314 2638 exoluerunt.
1352 2601 1451 2637 Non
1472 2602 1596 2650 pauci
1619 2614 1739 2651 prae-

117 2678 240 2710 terea
260 2671 329 2719 alij
358 2670 412 2708 ad
443 2669 678 2720 aperienda
710 2670 953 2707 confessori
985 2675 1167 2720 peccata
1198 2683 1274 2708 sua
1303 2672 1491 2720 permoti
1522 2680 1634 2712 sunt,
1669 2672 1736 2721 qui

115 2743 258 2781 multis
275 2747 393 2779 retro
411 2741 532 2778 annis
551 2740 751 2778 confiteri
770 2741 1084 2786 erubuerant&
1105 2748 1150 2779 et
1165 2754 1383 2791 nunquam
1403 2754 1455 2779 ea
1473 2754 1519 2779 se
1539 2743 1736 2779 0011111011

116 2814 229 2852 velle
252 2814 375 2863 plane
398 2812 481 2849 iam
504 2818 837 2861 proposuerant.
865 2811 979 2859 Quid
1001 2811 1141 2849 dicam
1164 2811 1217 2849 de
1241 2812 1307 2860 ijs,
1332 2813 1402 2861 qui
1424 2813 1606 2862 publicis
1642 2826 1738 2850 nos-

162 2928 182 2947 3
232 2925 423 2964 Emend.
447 2935 497 2961 ex
516 2924 778 2960 erubuerunt.

166 3027 173 3045 ¹
228 3025 424 3062 Albertus
446 3025 497 3070 V,
518 3025 721 3063 Bavariae
741 3027 833 3062 dux.

164 3084 177 3103 ²
228 3082 291 3122 Cf.
313 3084 481 3130 EPHEs.,
503 3084 576 3131 IV,
600 3085 655 3122 14.
