2038 3400
342 263 413 302 548
832 265 1052 304 LITTERAE
1078 265 1435 311 QUADRIMESTRES

297 371 461 404 metum
484 368 764 415 constitutus,
788 368 967 415 hortari,
1001 381 1150 406 amore
1173 369 1310 419 magis
1343 381 1570 415 accensus,
1603 382 1731 420 quam
1752 382 1921 421 repres-

298 451 370 475 sus
392 444 526 486 metu,
552 452 638 477 non
661 452 759 477 esse
781 440 1009 490 quicquam
1032 439 1316 478 metuendum
1339 440 1393 478 de
1415 441 1584 478 ratione
1607 441 1789 488 itineris,
1813 442 1923 492 peri-

298 511 510 557 culorum,
543 517 561 535 a
582 511 706 549 famis
729 513 809 548 aut
830 523 974 549 rerum
995 512 1358 559 necessariarum,
1383 512 1526 549 omnia
1547 525 1593 550 se
1621 513 1748 550 nobis
1770 525 1923 563 suppe-

297 581 549 629 ditaturum3
572 583 758 620 hominis
781 595 879 621 esse
909 582 1045 633 ignari
1078 589 1121 621 et
1153 583 1328 621 minime
1360 584 1536 623 Chrum.
1561 585 1744 622 amantis
1765 585 1818 622 ab
1848 585 1924 623 ho-

298 653 483 691 minibus
515 654 671 692 timere
709 654 912 692 deuorari
947 654 1094 705 potius
1128 667 1256 704 quam
1292 667 1316 692 a
1349 655 1541 705 piscibus
1575 661 1649 694 aut
1684 656 1921 703 vermibus,

298 725 415 763 Chri.
439 726 698 776 praesertim
729 737 894 772 amore3
920 726 1181 763 effecturum
1213 739 1258 763 se
1291 726 1404 777 apud
1435 739 1586 777 regern
1616 727 1847 777 pollicetur
1877 731 1925 765 vt

297 796 468 834 abunde
493 803 765 835 commeatus
787 798 993 834 librorum
1027 802 1069 834 et
1091 798 1269 835 aliarum
1292 810 1437 835 rerum
1458 799 1803 836 necessariarum
1828 811 1924 849 sup-

296 869 582 919 peditaretur,
616 874 746 920 atque
778 870 978 907 daturum
1011 882 1203 920 operam,
1228 875 1275 907 vt
1306 875 1463 921 rogatu
1491 871 1614 921 regio
1637 876 1710 908 aut
1734 869 1925 909 cardina-

296 941 346 978 lis
367 940 479 979 ill.mi
503 954 527 979 a
546 942 753 992 pontifice
777 954 944 979 summo
969 941 1201 979 duodecim
1221 955 1244 980 6
1261 943 1437 989 nostris,
1462 947 1536 980 aut
1557 947 1773 993 quotquot
1794 943 1925 981 habe-

296 1012 330 1049 ri
351 1018 548 1063 possent,
578 1017 851 1063 peterentur:
884 1026 996 1063 quae
1027 1025 1097 1051 res
1129 1014 1163 1051 si
1195 1019 1403 1053 euentum
1435 1015 1657 1062 sortiatur,
1683 1019 1727 1053 et
1748 1015 1924 1052 nomine

295 1084 418 1134 regio
442 1084 713 1131 conficiatur,
746 1097 946 1135 magnam
969 1085 1021 1123 ad
1045 1086 1279 1136 collegium
1313 1085 1571 1136 erigendum
1593 1086 1707 1124 viam
1729 1090 1924 1136 apertam

297 1167 395 1193 esse
434 1161 651 1205 putamus3
693 1156 757 1193 sin
797 1156 921 1194 aliter
962 1157 1153 1203 eueniat,
1192 1157 1472 1195 increbescet
1511 1162 1658 1195 tamen
1698 1158 1836 1208 magis
1875 1170 1926 1196 36

296 1227 434 1278 magis
456 1227 693 1265 Societatis
715 1227 841 1265 fama.
876 1228 973 1266 Hoc
1005 1229 1181 1266 nomine
1213 1228 1254 1265 in
1286 1229 1426 1266 aulam
1457 1229 1601 1276 rediit,
1633 1229 1687 1267 ad
1717 1242 1797 1267 nos
1824 1234 1925 1266 ante

294 1299 514 1349 paschatis
542 1299 657 1337 diem
688 1311 962 1337 reuersurus.
997 1300 1172 1338 Interea
1203 1300 1415 1339 adhortor
1446 1301 1682 1348 hominem,
1716 1306 1763 1339 vt
1791 1313 1926 1351 nego-

295 1370 401 1408 tium
421 1370 641 1408 foeliciter
663 1370 873 1408 succedat
891 1371 1190 1409 confitendum
1215 1384 1313 1410 esse
1347 1378 1392 1410 et
1423 1373 1848 1419 communicandum3
1872 1371 1925 1410 ad

295 1441 413 1492 quod
435 1454 481 1480 se
505 1442 567 1480 sic
586 1447 835 1492 promptum
859 1443 1070 1490 exhibuit,
1097 1449 1142 1480 vt
1173 1443 1256 1481 iarn
1289 1444 1427 1481 semel
1455 1456 1553 1481 cum
1584 1457 1670 1482 vno
1705 1456 1759 1481 ex
1791 1443 1925 1482 Patri-

294 1512 375 1550 bus
396 1513 558 1551 nostris
580 1513 634 1551 sit
657 1513 900 1561 confessus,
927 1519 970 1551 et
1002 1526 1099 1552 cum
1129 1514 1335 1552 fratribus
1371 1515 1484 1566 apud
1515 1521 1713 1553 sanctum
1745 1515 1926 1553 Germa-

294 1597 395 1621 num
419 1584 764 1622 communicarit.
790 1585 835 1622 ln
873 1584 1105 1623 Amoerica
1128 1586 1273 1624 locum
1300 1587 1436 1624 habet
1464 1585 1752 1624 ducentarum
1783 1587 1926 1624 161163-

294 1667 387 1693 rum
410 1655 613 1706 amplum,
638 1657 798 1694 multos
820 1657 1019 1695 infideles
1042 1658 1185 1695 adhuc
1216 1659 1297 1696 Sibi
1320 1659 1579 1709 subiugatos
1601 1664 1645 1697 et
1677 1658 1924 1696 deuinctos.

296 1726 620 1766 Adolescentes
642 1727 882 1778 gallicanos
905 1729 987 1766 iam
1010 1729 1202 1780 linguam
1224 1730 1338 1767 illam
1371 1730 1586 1768 callentes
1607 1731 1832 1781 plurimos,
1857 1731 1928 1781 qui

294 1799 336 1836 in
359 1798 679 1837 catechisandis
715 1799 893 1837 rudibus
929 1801 1149 1850 commodj
1187 1801 1453 1852 interpretes
1490 1814 1589 1840 esse
1624 1807 1848 1853 poterunt,
1881 1808 1928 1840 vt

295 1870 571 1920 experientia
600 1871 740 1916 vnius,
774 1885 903 1921 quem
935 1884 1084 1910 secum
1116 1872 1305 1919 reduxit,
1341 1872 1587 1912 didicimus.
1626 1873 1774 1911 Naues
1803 1873 1927 1911 ador-

293 1947 449 1979 nantur
479 1942 520 1979 111
550 1947 679 1992 portu
702 1942 815 1992 apud
844 1942 1092 1981 Norinanos
1120 1944 1238 1981 dicto
1272 1945 1311 1981 le
1336 1945 1478 1982 Hable
1502 1944 1557 1983 de
1582 1957 1729 1995 grace.
1754 1946 1928 1983 Nomen

293 2014 479 2052 hominis
516 2019 583 2052 est
617 2013 826 2052 Nicolaus
861 2015 1200 2065 Villeguagnon,
1237 2015 1396 2053 nobilis
1431 2020 1474 2053 et
1511 2028 1648 2066 eques
1683 2015 1863 2054 rhodius
1900 2021 1925 2054 ¹.

294 2084 430 2123 Orate
452 2085 685 2123 Dominum
707 2085 876 2130 messis,
902 2090 948 2123 vt
970 2086 1111 2124 mittat
1136 2086 1361 2137 operarios
1387 2092 1413 2124 ².

348 2164 384 2204 5.
444 2155 513 2194 Ad
534 2156 792 2194 Lutetianos
814 2155 967 2203 redeo,
992 2170 1176 2207 quorum
1197 2158 1386 2208 plurimj,
1408 2170 1506 2196 cum
1529 2162 1816 2205 mercatores,
1836 2164 1927 2196 tum

339 2324 358 2344 ἢ
410 2328 492 2360 aut.

342 2490 351 2508 ¹
405 2487 528 2524 Anno
558 2485 660 2530 1556,
689 2486 805 2532 galli,
839 2486 940 2522 duce
972 2486 1141 2523 Nicolao
1172 2487 1221 2523 de
1250 2486 1546 2533 Villegagnon,
1580 2487 1693 2523 illam
1726 2486 1927 2525 Brasiliae

293 2554 464 2596 partem.
486 2560 590 2594 quae
611 2545 787 2582 Flumen
799 2545 986 2592 Januarii
1006 2545 1099 2591 (Rio
1119 2547 1168 2583 de
1183 2547 1364 2593 Janeiro)
1386 2547 1634 2592 circumstat,
1663 2553 1927 2594 occuparunt,

293 2608 399 2645 unde
418 2621 441 2644 a
461 2606 648 2644 lusitanis
665 2606 832 2642 ineunte
852 2618 958 2641 anno
977 2606 1065 2642 1560
1080 2606 1237 2652 expulsi
1256 2612 1361 2643 sunt.
1386 2606 1474 2643 Non
1494 2606 1655 2643 videtur
1675 2607 1772 2644 illuc
1791 2607 1930 2644 rediis-

293 2681 337 2705 se
358 2667 655 2713 Villegagnon3
675 2666 724 2702 de
744 2678 835 2713 quo,
858 2665 979 2702 etiam
1000 2671 1215 2711 nostrates,
1249 2666 1319 2703 alii
1350 2666 1473 2703 aliter
1503 2672 1732 2712 senserunt;
1765 2667 1929 2713 quidam

294 2729 409 2765 illum
440 2728 642 2764 hominem
675 2725 925 2762 haereticum
959 2726 1251 2770 existimantes,
1285 2727 1355 2763 alii
1390 2726 1649 2764 catholicum.
1679 2725 1743 2764 Cf.
1777 2727 1932 2764 Lainiz'

298 2789 506 2826 Momcm..
528 2787 578 2832 V,
594 2786 677 2831 397;
698 2785 1041 2825 VASCONCELLOS.
1068 2787 1277 2823 Chronica
1304 2786 1363 2823 da
1384 2787 1658 2832 Compmzhz'a
1677 2787 1730 2822 de
1753 2786 1854 2831 Iesu
1874 2787 1928 2823 do

295 2848 459 2885 Estaclo
475 2847 529 2883 do
543 2847 707 2888 Βναείί,
724 2845 790 2882 lib.
809 2845 857 2889 ll,
876 2859 912 2881 n.
929 2845 975 2882 66
990 2846 1097 2888 (ann.
1120 2847 1235 2891 1559).
1252 2846 1359 2883 Vide
1376 2847 1497 2882 etiam
1516 2845 1930 2893 MORERl-MIRAVEL,

296 2907 415 2946 Grau
447 2907 728 2944 Dt'ccionczrio
763 2906 984 2949 historica·
1018 2907 1230 2951 Rieu-xlm,
1264 2906 1571 2943 Dictionnaire
1605 2906 1825 2943 zmz'versel
1854 2907 1930 2943 des

294 2969 481 3005 sciences
500 2967 862 3012 ecclesiastiques,·
879 2965 1090 3003 Noavelle
1107 2966 1377 3013 Biograplzz'e
1389 2966 1654 3012 generula...
1676 2966 1838 3013 publiee
1859 2978 1931 3013 par

295 3026 400 3064 MM.
421 3027 577 3064 Firmin
595 3047 602 3051 -
621 3025 759 3062 Didot.

341 3087 354 3107 ²
406 3086 469 3124 Cf.
492 3086 680 3131 Mum„
701 3085 775 3130 ΙΧ,
794 3085 853 3122 38.
