2038 3400
600 163 669 201 225
688 162 887 201 —GENUA
914 163 938 199 6
958 163 1053 210 JAN.
1085 163 1174 200 1559
1602 163 1642 200 21

70 262 273 314 permulti
293 263 380 301 hoc
400 262 550 313 spiritu
574 261 803 299 ducuntur.
827 259 953 297 Adde
975 261 1206 298 nonnullos
1228 260 1281 298 ad
1302 265 1478 298 nostrae
1501 261 1695 299 Societa-

69 334 125 372 tis
146 333 389 372 institutum
412 333 578 371 animos
601 332 889 377 conuertisse,
915 330 1178 381 summisque
1216 332 1464 381 efflagitasse
1496 331 1696 381 precibus

71 417 95 442 a
117 406 212 442 Pre.
238 410 415 442 rectore
436 404 478 441 in
499 408 693 442 nostram
716 402 986 440 Societatem
1009 401 1359 440 admitterentur.
1385 400 1471 440 Sed
1509 416 1603 439 cum
1627 402 1697 440 ad-

71 475 268 513 mittendi
305 480 476 526 tempus
511 475 593 512 illis
624 487 647 511 a
682 475 811 511 Patre
842 474 1187 523 protraheretur,
1221 471 1275 510 de
1306 472 1540 510 Societatis
1576 485 1696 510 more

73 545 329 597 experiendi
364 546 504 596 gratia
538 545 708 583 illorum
745 543 1048 584 constantiam.
1081 544 1358 594 impatientes
1394 542 1611 581 dilationis
1647 542 1698 580 ad

72 616 176 654 alias
198 629 245 654 se
267 615 519 667 religiones,
551 616 593 653 in
615 628 721 665 quas
750 614 919 653 facilius
940 613 1241 661 admittuntur,
1275 614 1568 652 contulerunt.
1593 614 1701 651 Sunt

72 693 219 725 tamen
240 688 313 737 qui
343 685 487 725 adhuc
514 686 699 725 infracto
732 686 874 724 animo
905 691 1210 737 perseuerent,
1234 685 1363 735 idque
1387 698 1410 722 a
1441 685 1567 723 nobis
1589 699 1699 722 sum-

72 771 253 810 mopere
290 758 572 797 contendant.
610 757 735 795 Faxit
769 757 888 794 Deus
924 755 1040 807 quod
1075 756 1222 794 diuino
1258 756 1416 794 honori
1450 756 1587 807 magis
1629 769 1701 793 ex-

72 831 234 881 pediat.

125 913 164 950 4.
224 902 289 939 De
314 901 604 939 xenodochiis
635 899 843 947 visendis,
868 898 1011 949 deque
1042 899 1241 937 ludorum
1272 900 1589 950 interruptione
1621 900 1703 937 lus-

74 986 309 1024 sorumque
340 971 513 1019 timore,
538 971 642 1010 alias
666 971 867 1009 existimo
900 976 943 1008 te
973 971 1207 1009 certiorem
1228 971 1389 1009 factum
1415 973 1438 1016 ¹,
1463 970 1703 1021 (1113110101)-

74 1058 165 1083 rem
187 1044 253 1082 his
276 1041 592 1094 supersedebo.
617 1042 725 1080 Illud
749 1046 870 1080 certe
892 1054 1165 1092 nequaquam
1193 1042 1563 1079 contemnendum
1585 1041 1704 1079 vide-

74 1122 156 1162 tur,
181 1115 267 1153 imo
288 1115 426 1165 primo
456 1114 555 1152 loco
578 1113 734 1152 merito
767 1112 1197 1151 commemorandum
1228 1113 1323 1160 fuit3
1346 1113 1457 1151 duos
1488 1113 1702 1160 homines,

75 1187 147 1237 qui
163 1191 367 1237 tanquam
384 1185 555 1236 putrida
573 1185 767 1223 membra
783 1197 808 1222 a
825 1184 999 1223 Christo
1018 1183 1160 1234 capite
1178 1183 1359 1222 abscissi
1376 1188 1512 1231 erant,
1533 1189 1577 1222 et
1594 1197 1617 1221 a
1640 1196 1705 1221 ca-

74 1260 238 1298 tholica
268 1259 482 1309 religione
505 1257 728 1303 eradicati,
760 1269 838 1306 per
858 1260 1109 1294 nostrorum
1140 1257 1315 1294 Patrum
1346 1257 1589 1306 fatrumque
1620 1257 1706 1294 col-

75 1329 322 1369 locutiones
345 1331 519 1369 Christo
542 1327 851 1367 reconciliatos
874 1340 987 1371 esse,
1014 1331 1056 1365 et
1078 1328 1204 1365 matri
1222 1328 1438 1366 ecclesiae
1461 1328 1703 1366 restitutos.

76 1402 272 1451 Quorum
295 1401 420 1447 alter,
446 1413 543 1438 curn
565 1399 707 1437 adhuc
732 1410 840 1448 puer
864 1403 997 1444 esset,
1022 1398 1227 1448 hispanus
1262 1411 1443 1449 genere,
1469 1412 1493 1436 a
1513 1399 1706 1437 barbaris

72 1472 221 1523 piratis
243 1475 411 1522 captus,
437 1476 481 1508 et
502 1471 545 1508 in
567 1469 755 1508 Africam
774 1468 946 1515 ductus,
966 1481 1053 1506 non
1076 1469 1215 1507 solum
1238 1469 1514 1507 christianam
1533 1469 1706 1520 religio-

73 1556 173 1581 nem
186 1542 396 1589 deseruit,
412 1541 491 1580 sed
506 1541 745 1579 acerrimus
768 1540 1101 1578 christianorum
1118 1539 1257 1578 hostis
1275 1540 1482 1578 continuo
1503 1540 1704 1587 effectus,

75 1614 239 1652 rabiem
260 1614 302 1652 in
326 1626 478 1651 omnes
494 1611 657 1651 Christi
679 1611 871 1650 cultores
894 1609 1057 1661 spirare
1080 1610 1327 1650 videbatur.
1352 1610 1479 1649 Adde
1500 1612 1705 1662 linguam,

77 1698 221 1725 mores
244 1689 287 1723 et
311 1685 570 1723 sceleratam
598 1683 846 1722 turcharum
871 1687 1035 1720 sectam
1066 1682 1127 1720 ita
1147 1682 1272 1720 breui
1301 1686 1500 1732 tempore
1523 1683 1708 1720 caluisse

76 1757 141 1806 (ut
164 1756 359 1795 omittam
380 1757 521 1807 ipsum
543 1755 732 1793 maximo
763 1754 940 1805 ingenio
971 1753 1154 1804 pollere,
1188 1754 1479 1803 ubertateque
1502 1753 1542 1792 in
1565 1753 1708 1792 dicen·
1744 1759 1746 1761 '

78 1828 133 1866 do
156 1840 243 1866 non
265 1827 434 1878 vulgari
462 1825 681 1877 preditum
714 1824 846 1873 esse),
880 1829 926 1861 ut
956 1824 1068 1862 illius
1098 1824 1327 1862 laetiferae
1357 1824 1494 1874 pestis
1528 1824 1710 1863 fortissi-

78 1913 172 1938 mus
194 1899 402 1937 defensor
425 1903 470 1936 et
492 1897 780 1936 concionator
796 1895 1210 1933 vehementissimus
1233 1896 1319 1933 cito
1343 1895 1547 1935 euaserit.
1572 1896 1612 1933 Is
1633 1896 1710 1933 ita-

77 1983 162 2022 que
185 1983 281 2008 cum
304 1969 358 2008 ab
381 1968 842 2014 omnibus‘coleretur,
868 1979 1060 2017 praeque
1085 1967 1221 2005 oculis
1242 1966 1493 2014 haberetur,
1516 1967 1710 2005 occasio-

78 2055 178 2080 nem
201 2039 469 2079 obtinendae
489 2038 709 2077 facultatis
729 2038 857 2076 facile
879 2042 1033 2075 nactus
1057 2043 1137 2083 est,
1175 2043 1222 2075 ut
1256 2038 1297 2076 in
1332 2038 1499 2076 Italiam
1522 2038 1708 2076 veniret.

81 2112 212 2163 Quod
241 2113 324 2151 iter
348 2123 401 2150 eo
424 2109 599 2162 quidem
622 2111 764 2148 animo
793 2110 982 2147 libenter
1004 2109 1284 2159 suscipiebat,
1321 2115 1367 2147 ut
1388 2123 1514 2160 quam
1545 2110 1710 2148 rabiem

78 2186 172 2236 ipse
193 2183 337 2222 animo
367 2186 648 2233 conceperat,
672 2182 715 2219 in
746 2181 854 2219 alios
875 2179 1213 2231 quamplurimos
1245 2181 1503 2219 christianos
1536 2194 1711 2219 euome-

79 2260 161 2303 ret,
179 2254 418 2306 praecipue
439 2259 601 2300 tamen,
621 2257 668 2290 ut
684 2251 794 2290 duos
816 2252 988 2298 fratres,
1008 2264 1119 2301 quos
1136 2251 1250 2301 apud
1281 2252 1509 2302 anglorum
1530 2264 1683 2303 regern
1701 2251 1713 2270 ²

79 2327 132 2377 (si
153 2327 267 2365 bene
291 2325 485 2374 memini)
506 2324 713 2371 habebat,
738 2323 974 2362 seduceret
1006 2335 1082 2372 spe
1105 2323 1324 2373 amplioris
1341 2323 1559 2370 fortunae,
1594 2328 1637 2361 et
1667 2323 1713 2360 il-

79 2400 145 2437 los
166 2399 209 2437 in
234 2398 421 2436 Africam
444 2396 518 2434 ubi
537 2395 790 2434 foeliciores
819 2394 990 2432 futuros
1010 2393 1315 2444 pollicebatur,
1339 2406 1489 2432 secum
1512 2394 1709 2432 duceret.

82 2470 139 2508 At
160 2468 410 2507 mitissimus
426 2467 499 2505 ille
516 2466 816 2513 samaritanus,
847 2477 944 2503 cum
966 2464 1276 2503 misserrimum
1297 2465 1412 2503 hunc
1428 2465 1648 2503 hominem
1671 2465 1712 2502 in

82 2541 275 2578 latrones
308 2537 514 2577 incidisse
550 2536 738 2583 videret,
778 2541 821 2574 et
856 2535 1065 2574 laetiferis
1097 2536 1290 2574 saucium
1322 2549 1419 2574 esse
1442 2536 1711 2579 vulneribus,

83 2609 398 2656 misericordia,
422 2621 533 2660 quae
554 2607 672 2646 nulla
691 2607 751 2646 illi
773 2607 1031 2653 debebatur,
1056 2611 1200 2645 motus
1230 2607 1377 2645 vinum
1401 2611 1444 2644 et
1481 2607 1624 2644 oleum
1648 2620 1714 2644 su-

83 2679 289 2732 perfudit,
322 2677 603 2730 alligauitque
634 2678 816 2716 vulnera
847 2676 939 2715 eius
965 2689 1021 2715 ne
1041 2677 1206 2728 periret
1226 2681 1254 2715 ⁸.
1277 2678 1386 2715 Nam
1410 2678 1593 2717 Genuae
1617 2689 1713 2714 cum

134 2806 142 2825 ¹
198 2803 327 2846 Ibz‘d..
351 2802 429 2845 127,
450 2801 533 2845 292,
550 2801 633 2839 501.

132 2867 145 2886 ²
194 2862 375 2909 Intelligi
394 2861 556 2898 videtur
582 2861 791 2908 Philippus
817 2860 853 2897 II
880 2859 1117 2907 Hispaniae,
1148 2860 1331 2906 Angliae
1358 2872 1431 2896 rex
1457 2860 1506 2896 ob
1538 2858 1713 2895 Mariam

86 2925 302 2972 conjugem
320 2922 462 2959 dietus.

133 2984 147 3005 ⁸
204 2980 269 3020 Cf.
292 2979 411 3026 Luc..
432 2979 485 3026 X,
503 2979 550 3017 30
567 2992 654 3027 sqq.
