2038 3400
345 271 414 309 496
807 272 1028 312 LITTERAE
1056 274 1413 321 QUADRIMESTRES

297 375 402 423 ljum
424 376 798 427 religiosissimum
823 379 1086 416 coenobium
1109 379 1398 429 coaptabitur.
1423 380 1574 418 Altera
1596 381 1786 431 coniugij
1809 381 1930 418 nexi-

298 446 376 484 bus
411 448 601 498 alligata,
638 462 716 498 pro
754 449 871 498 ujtae
909 449 1180 498 conditione,
1217 450 1586 500 quemadmodum
1616 464 1856 502 speramus,
1890 452 1930 489 in

296 518 378 567 pijs
409 518 693 570 honestisque
726 521 971 559 actionibus
1002 534 1047 558 se
1078 521 1321 559 exercebit.
1343 521 1492 559 Tertia
1512 522 1700 560 nobilior
1721 535 1933 573 aggressa

299 595 365 627 est
386 590 635 641 nuperrime
663 591 740 629 has
770 592 862 642 pias
892 591 1220 640 medjtationes,
1255 605 1366 643 quae
1399 593 1609 642 optimum
1641 605 1744 632 sane
1774 594 1930 632 instru-

298 666 491 700 mentum
524 674 622 700 esse
650 663 813 713 poterit
835 662 889 701 ad
910 663 1190 712 alljciendum
1220 664 1481 715 plaerasque
1502 664 1607 702 alias
1628 664 1682 703 ad
1703 664 1931 715 pietatem.

352 742 388 781 5.
434 733 597 771 Noster
615 734 918 781 concionator,
941 736 1070 773 Pater
1084 736 1275 785 Joannes
1295 735 1491 785 Baptista
1507 736 1798 785 Carmjnatus,
1823 737 1934 787 (laus

297 804 411 854 Deo)
434 810 520 842 tam
541 805 781 855 prudenter
804 806 1015 844 talentum
1039 806 1118 843 sibi
1142 806 1358 855 credjtum
1379 807 1608 857 impendjt,
1641 813 1686 845 ut
1717 807 1810 846 eius
1840 809 1934 846 laus

295 889 382 914 non
404 876 445 914 in
468 877 656 919 obscuro
680 883 724 916 et
746 878 882 925 uario,
908 878 985 916 sed
1007 879 1049 916 in
1070 879 1225 916 illustri
1248 884 1292 916 et
1314 891 1400 916 uno
1425 879 1617 928 omnjum
1634 879 1934 929 Panhormjta-

295 961 450 986 norum
482 961 686 987 sermone
717 955 934 996 uersetur‚
966 956 1010 987 et
1031 950 1202 987 nobiles
1224 961 1364 1000 aeque
1388 962 1438 988 ac
1458 950 1677 1001 ignobiles
1699 951 1839 1001 ipsum
1862 963 1933 989 co-

294 1021 383 1058 lant
406 1026 451 1059 et
471 1020 757 1069 admjrentur,
790 1021 901 1059 Cum
930 1026 1078 1059 autem
1109 1021 1196 1059 hoc
1226 1020 1533 1070 quadrimestri
1563 1027 1764 1072 tempore
1795 1023 1860 1060 bis
1891 1022 1933 1060 in

297 1090 491 1130 externis
527 1091 728 1131 delubris
757 1100 775 1117 a
810 1093 1096 1130 concionatus
1137 1092 1206 1139 sit,
1245 1093 1421 1142 excepto
1455 1094 1606 1132 tamen
1640 1092 1934 1132 rothonensis

296 1162 568 1214 monasteris
589 1164 766 1213 templo,
791 1162 839 1201 id
854 1165 917 1202 est
940 1162 987 1201 in
1008 1164 1114 1202 aede
1137 1164 1187 1201 D.
1209 1163 1421 1210 Thomae‚
1441 1176 1493 1201 ac
1510 1164 1561 1202 D.
1583 1163 1823 1211 Michaelis,
1848 1164 1932 1202 for-

296 1240 494 1273 tunatum
516 1247 564 1273 se
594 1235 872 1286 nuncupabat
893 1235 975 1285 (sic
997 1235 1111 1272 enim
1134 1247 1256 1273 more
1278 1235 1454 1286 plebeio
1482 1235 1648 1274 idiotae
1680 1237 1933 1287 loquuntur)

295 1307 489 1357 quisquis
534 1307 652 1345 illum
699 1308 1036 1345 concionantem
1076 1306 1226 1344 audire
1266 1307 1502 1358 potujsset.
1550 1307 1644 1358 Ego
1686 1320 1793 1346 uero
1835 1320 1932 1346 cum

296 1379 422 1416 alteri
444 1379 646 1427 concionj
678 1378 976 1416 interfuissem
998 1377 1058 1428 (in
1080 1390 1164 1428 qua
1185 1377 1362 1428 quidem
1385 1378 1597 1417 acerrime
1620 1382 1751 1429 atque
1780 1378 1933 1417 arden-

295 1449 461 1488 tissime
483 1451 526 1488 in
547 1451 718 1488 scelera
740 1450 1044 1499 scelestosque
1066 1450 1270 1487 inuectus
1303 1455 1384 1496 est,
1419 1454 1463 1488 et
1490 1450 1763 1500 potissimum
1791 1450 1832 1487 in
1855 1462 1933 1488 eos

294 1522 366 1573 qui
389 1522 547 1572 passim
570 1535 667 1560 curn
689 1522 995 1560 meretricibus
1011 1534 1089 1572 per
1111 1521 1229 1559 urbis
1247 1521 1438 1572 compita
1460 1521 1614 1559 laruati
1636 1526 1864 1572 uagantur,
1889 1525 1933 1559 et

296 1594 338 1632 in
368 1595 588 1632 aleatores
610 1594 683 1644 qui
702 1599 836 1631 nocte
852 1594 923 1631 illa
944 1606 1071 1643 quam
1092 1593 1403 1642 foeljcissimus
1424 1593 1579 1630 natalis
1600 1592 1763 1631 Christi
1784 1592 1931 1631 subse-

294 1667 439 1717 quitur
456 1666 565 1714 dies‚
589 1665 966 1716 impudentissime
985 1678 1036 1703 ac
1050 1665 1405 1716 profligatissime
1422 1664 1594 1714 ludunt)
1617 1676 1718 1715 ego,
1742 1663 1929 1715 inquam,

295 1743 448 1790 aperte
478 1739 631 1776 testari
652 1751 846 1789 possum,
883 1743 1013 1789 prout
1045 1751 1099 1776 ex
1131 1738 1337 1784 motibus,
1370 1737 1658 1788 gestibusque
1689 1737 1929 1787 corporeis,

295 1811 538 1848 mutatione
557 1810 718 1848 coloris
741 1812 782 1848 et
798 1811 1030 1860 lachrymis
1050 1810 1218 1848 obortis
1235 1808 1539 1859 anjmaduerti‚
1559 1809 1806 1855 nonnullos,
1827 1809 1933 1846 tunc

287 1881 502 1933 forsitan
525 1882 714 1932 mortalj
749 1881 847 1920 labe
861 1881 1093 1933 foedatos,
1118 1883 1157 1920 et
1185 1881 1336 1919 adhuc
1358 1880 1570 1919 habentes
1599 1878 1649 1917 in
1680 1879 1835 1930 anjmo
1866 1891 1931 1918 re-

296 1953 409 1993 uerti
429 1955 488 1992 ad
508 1954 733 2004 uomJ'tum
756 1955 989 2005 canjnzrm,
1014 1953 1106 1992 imo
1130 1952 1423 1999 diabolicam,
1449 1951 1687 2001 mutaujsse
1720 1956 1928 1996 mentem,

294 2039 346 2064 ac
367 2026 578 2076 temporis
599 2039 713 2077 pene
741 2032 966 2064 momento
996 2038 1020 2063 a
1051 2030 1243 2064 tartareo
1276 2024 1484 2071 dracone,
1518 2024 1591 2074 qui
1621 2023 1787 2073 anjmas
1817 2023 1930 2073 ipso-

294 2111 387 2136 rum
423 2098 723 2137 crudelissime
755 2099 774 2123 b
800 2098 1059 2145 deuorabat‚
1085 2097 1360 2135 conuertisse
1393 2108 1493 2134 sese
1522 2095 1577 2134 ad
1607 2095 1930 2133 immaculatum

295 2184 455 2222 agnum
487 2171 725 2210 Christum.

346 2243 384 2280 6.
448 2241 579 2292 Quod
600 2242 654 2280 ad
672 2242 975 2280 confessiones
999 2246 1042 2279 et
1065 2239 1396 2279 communiones
1418 2240 1460 2277 in
1483 2238 1736 2276 uniuersum
1758 2237 1930 2279 attinet.

294 2314 529 2354 admodum
552 2314 648 2352 ΗΡΘ
678 2314 719 2352 in
753 2314 828 2352 X.0
865 2315 1009 2360 Pater,
1047 2313 1150 2351 licet
1186 2313 1401 2350 hactenus
1434 2310 1739 2361 quamplurjmi
1776 2307 1930 2346 diebus

295 2386 419 2424 festis
448 2390 697 2424 sanctorum
732 2391 864 2436 atque
899 2385 1130 2434 domjnicis
1165 2396 1275 2434 pane
1312 2383 1431 2432 ujtae
1466 2381 1729 2420 nutriuerint
1764 2380 1929 2430 anjmas

295 2472 409 2506 suas,
434 2459 499 2496 his
521 2464 667 2496 tamen
688 2458 812 2496 festis
834 2457 1042 2506 natalitijs
1063 2468 1201 2506 nuper
1221 2455 1378 2505 elapsis
1399 2454 1442 2504 (o
1466 2467 1561 2493 rem
1579 2466 1716 2503 quam
1733 2451 1930 2491 maxime

296 2529 620 2581 ade'rabz‘lem
649 2531 689 2568 et
718 2527 1074 2574 memorabilem,
1109 2527 1268 2566 habita
1291 2525 1472 2564 ratione
1495 2525 1633 2563 huius
1661 2523 1803 2573 secztlj
1824 2535 1930 2562 uere

288 2601 454 2654 ferrei,
480 2603 599 2652 quod
620 2599 980 2640 cumulatissime
1011 2599 1215 2638 abundat
1245 2597 1507 2648 iniqujtate,
1539 2609 1592 2635 ac
1612 2595 1661 2634 in
1683 2608 1768 2645 qao
1791 2593 1928 2642 refri-

291 2676 463 2725 gerata
484 2674 560 2719 est,
587 2671 696 2722 quin
717 2671 854 2710 etiam
883 2672 1205 2722 propemodum
1236 2668 1437 2709 extincta
1469 2666 1678 2707 charitas
1704 2666 1928 2717 plarjmo-

295 2745 418 2795 rum)
448 2749 454 2767 ¹
488 2743 573 2790 his,
598 2743 802 2793 inquam,
820 2742 956 2793 festis
987 2741 1234 2792 nataIJ'tijs,
1269 2740 1476 2789 conujuio
1500 2739 1558 2787 illj
1584 2739 1651 2787 cuj
1685 2737 1928 2775 ministrant

343 2920 362 2938 a
407 2910 583 2958 templis.
638 2909 876 2946 —bforsan.

346 3081 353 3099 ¹
409 3078 472 3116 Cf.
496 3079 682 3119 MATTH..
703 3076 866 3118 XXIV,
891 3076 944 3113 12.
