2038 3400
566 241 636 279 400
656 242 932 280 -ΜοκΑεΗῑο
958 243 981 280 6
1012 243 1201 281 Αυουετι
1230 243 1319 281 1560
1630 241 1699 281 717

185 353 222 391 4.
283 344 423 382 Venio
445 356 560 381 nunc
589 345 643 382 ad
674 351 981 383 sacrosanctae
1014 347 1303 385 eucharistiae
1336 353 1670 395 sacramentum,
1696 347 1749 385 de

131 415 253 452 cuius
287 415 462 465 quidem
495 416 876 467 fraequentatione
913 422 957 454 et
985 417 1130 455 fructu
1162 417 1417 467 propediem
1454 431 1580 468 spero
1613 419 1750 468 plura;

130 498 243 524 nunc
260 486 373 524 enim
389 488 633 537 suauissimj
653 489 778 526 huius
796 489 1056 526 sacramenti
1073 489 1239 526 fructus
1258 489 1437 526 delibari
1454 489 1636 540 primum
1654 503 1752 527 nos-

130 556 197 588 tro
215 552 255 589 in
269 553 432 603 templo
447 555 590 604 coepti
609 560 722 601 sunt,
737 567 824 592 non
838 555 929 592 sine
946 554 1108 592 inuidia
1121 555 1327 592 sathanae
1343 561 1387 592 et
1404 555 1637 593 multorum
1652 568 1751 593 con-

130 621 408 662 tradictione.
432 624 478 661 In
499 624 614 662 festo
639 626 930 663 Pentecostes
957 625 1155 675 proxime
1178 626 1326 675 elapso
1360 626 1637 676 septuaginta
1658 627 1752 676 plus

130 694 268 731 minus
290 694 516 732 habuimus
539 697 927 743 CO1nmunicanteS‚
952 696 1098 745 plures
1115 709 1221 734 uero
1245 697 1525 743 confitentes,
1545 702 1588 734 et
1605 696 1752 734 dicun·

129 770 198 802 tur
219 766 261 803 in
279 766 374 815 alijs
396 779 571 817 quoque
593 768 811 817 paroecijs
832 768 918 805 hoc
939 767 1032 817 ipso
1054 767 1169 805 festo
1190 774 1275 805 tam
1297 768 1418 817 multj
1439 769 1751 806 communicas-

129 849 192 882 se,
217 842 264 873 vt
285 836 347 885 rej
372 838 544 875 nouitas
575 838 615 875 in
639 838 969 876 admirationem
990 852 1077 876 non
1098 851 1263 888 paucos
1286 840 1490 889 rapuerit.
1516 840 1620 877 Post
1644 841 1750 877 Pen-

126 911 346 945 tescostes
366 908 480 946 festa
508 909 667 946 nullam
697 910 978 960 praeterijsse
999 916 1105 960 puto
1127 911 1428 961 septimanam,
1452 923 1535 961 qua
1569 923 1655 949 non
1679 924 1750 948 ex-

127 984 277 1016 ternos
307 979 475 1029 aliquos
507 985 565 1019 et.
583 981 847 1018 confitentes
880 986 923 1018 et
955 982 1332 1019 communicantes
1366 981 1660 1019 habuerimus.
1700 983 1751 1019 Et

127 1061 325 1100 magnam
360 1050 561 1100 profecto
587 1063 639 1088 ex
676 1051 1047 1102 indulgentiarum
1075 1053 1427 1102 promulgatione
1459 1065 1644 1090 messem
1683 1053 1749 1090 hic

126 1132 462 1170 speraueramus
485 1123 512 1167 ¹3
535 1134 688 1159 verum
710 1122 963 1160 fefellerunt
983 1136 1063 1160 nos
1095 1124 1268 1161 occulta
1287 1124 1581 1173 praelatorum
1613 1124 1751 1161 consi-

126 1191 198 1238 lia,
223 1203 333 1241 quae
358 1192 443 1230 hoc
464 1193 628 1231 habere
652 1193 745 1230 uisa
766 1200 879 1239 sunt,
904 1199 951 1231 vt
981 1195 1093 1244 apud
1116 1193 1342 1232 seductam
1374 1207 1530 1245 magna
1552 1208 1606 1232 ex
1630 1200 1750 1244 parte

124 1263 399 1311 plebeculam
421 1263 653 1301 thesaurus
676 1265 758 1301 iste
781 1265 1075 1303 abscondatur
1092 1265 1238 1315 potius
1255 1278 1381 1314 quam
1404 1266 1577 1315 publice
1596 1278 1750 1315 propo-

123 1339 263 1379 natur,
300 1346 354 1371 ne
391 1339 587 1372 sanctum
623 1335 751 1373 detur
787 1336 964 1373 canibus
996 1342 1039 1373 et
1070 1337 1329 1386 margaritae
1362 1342 1618 1387 spargantur
1649 1342 1748 1374 ante

122 1417 282 1455 porcos
304 1410 331 1443 ².
365 1406 504 1444 Nobis
534 1407 705 1444 interim
738 1408 901 1457 absque
932 1406 1283 1457 promulgatione
1315 1408 1396 1445 alia
1418 1406 1552 1446 licere
1583 1408 1750 1458 putaui-

124 1490 218 1513 mus
249 1489 336 1514 non
366 1479 507 1515 solum
539 1491 620 1516 nos
651 1479 768 1529 ipsos
798 1480 905 1516 tanti
936 1479 1127 1516 thesauri
1159 1479 1307 1517 facere
1329 1479 1578 1530 participes,
1604 1479 1681 1517 sed
1704 1484 1750 1517 vt

122 1547 238 1585 idem
272 1548 501 1587 nobiscum
536 1549 749 1596 facerent,
788 1550 1023 1600 discipulos
1059 1551 1190 1588 etiarn
1226 1556 1402 1588 nostros
1435 1557 1478 1588 et
1512 1550 1750 1589 amicorum

121 1619 353 1657 nonnullos
395 1620 595 1670 priuatim
627 1622 805 1659 hortari.
839 1622 1081 1659 Ieiunatum
1113 1635 1220 1673 ergo
1253 1628 1318 1660 est
1355 1635 1378 1660 a
1407 1623 1548 1667 nobis,
1592 1628 1635 1660 et
1666 1636 1750 1661 vna

121 1702 219 1728 cum
258 1690 479 1742 discipulis
514 1693 675 1730 nostris
716 1705 909 1743 congrua
948 1693 1188 1731 deuotione
1227 1699 1270 1732 et
1310 1694 1438 1743 animj
1480 1694 1748 1745 gratitudine

126 1761 318 1800 oblatum
350 1774 374 1799 a
394 1762 589 1812 pijssimo
620 1765 749 1801 Patre
780 1776 934 1801 munus
957 1766 1242 1814 suscepimus.
1278 1767 1492 1804 Carceres
1521 1779 1609 1803 non
1640 1766 1749 1803 frae-

123 1837 386 1881 quentantur
407 1846 432 1871 a
452 1833 594 1881 nobis,
625 1835 724 1885 quia
743 1835 1025 1885 plaerumque
1048 1836 1117 1873 hic
1148 1841 1247 1873 sunt
1268 1836 1411 1885 vacuj.
1437 1837 1666 1886 Hospitale
1690 1837 1749 1874 vi-

123 1903 230 1940 situr
251 1903 435 1942 subinde
472 1917 495 1942 a
526 1905 701 1951 nostris,
733 1911 776 1943 et
806 1906 985 1944 mirifice
1016 1912 1267 1945 nostrorum
1298 1908 1679 1946 exhortationibus
1707 1908 1749 1946 in

124 1974 310 2013 Domino
333 1975 587 2013 reficiuntur
609 1977 778 2014 infirmi.
804 1977 1125 2028 Nonnunquam
1149 1983 1191 2015 et
1215 1978 1268 2016 ad
1300 1992 1377 2017 eos
1399 1980 1470 2029 qui
1498 1980 1628 2017 morti
1649 1986 1749 2017 sunt

123 2046 308 2094 proximi
346 2059 570 2093 vocamur,
605 2053 648 2085 et
680 2048 943 2098 singularem
974 2050 1187 2088 hactenus
1218 2056 1468 2088 nostrorum
1498 2052 1749 2101 praesentia

121 2115 298 2154 infirmis
330 2118 678 2157 consolationem
710 2120 868 2166 attulit,
902 2133 1013 2170 quae
1046 2126 1089 2158 et
1119 2122 1256 2159 maior
1278 2123 1319 2160 in
1343 2123 1483 2160 Deum
1505 2122 1678 2170 fiducia,
1704 2129 1748 2161 et

119 2188 360 2238 promptior
379 2202 433 2226 ex
449 2190 531 2226 hac
547 2189 863 2239 lachrymarum
882 2192 994 2229 valle
1013 2192 1224 2242 migrandi
1242 2194 1446 2231 voluntas
1468 2193 1639 2233 abunde
1662 2200 1747 2232 tes-

121 2264 211 2297 tata
232 2265 345 2298 sunt.
372 2260 555 2299 Accedit
576 2275 712 2312 nuper
736 2268 781 2299 vt
803 2262 855 2300 ad
872 2262 1147 2313 illustrissimj
1167 2265 1371 2315 principis
1389 2266 1605 2304 medicum
1629 2268 1745 2305 lecto

122 2329 462 2369 decumbentem
486 2345 762 2379 vocaremur,
786 2346 930 2383 quem,
956 2335 1050 2372 Deo
1082 2336 1275 2382 iuuante,
1301 2337 1449 2386 paucis
1471 2338 1746 2375 sermonibus

123 2413 176 2437 eo
198 2401 496 2450 perduximus,
521 2409 569 2441 vt
589 2417 675 2441 non
699 2405 838 2441 solum
861 2402 1017 2443 iterum
1048 2412 1178 2456 atque
1201 2407 1357 2444 iterum
1391 2408 1679 2446 absolutionis
1701 2416 1745 2447 et

122 2471 409 2511 eucharistiae
432 2480 704 2511 sacramenta
724 2486 748 2511 a
768 2475 893 2512 nobis
916 2474 1097 2514 durante
1116 2477 1365 2515 infirmitate
1384 2479 1648 2528 perciperet,
1668 2480 1745 2517 sed

121 2544 315 2592 generali
348 2544 478 2582 etiam
508 2545 643 2583 totius
679 2546 796 2583 vitae
818 2546 934 2584 facta
965 2548 1262 2596 confessione,
1301 2556 1345 2587 et
1375 2549 1743 2601 indulgentiarum

121 2613 201 2652 sibi
223 2621 474 2665 comparato
499 2617 722 2661 thesauro,
748 2617 901 2655 lubens
923 2631 974 2655 ac
994 2619 1136 2657 laetus
1157 2620 1358 2658 miseram
1376 2622 1487 2659 hanc
1511 2627 1554 2659 et
1575 2635 1743 2661 aerum-

122 2697 274 2723 nosam
296 2699 393 2724 cum
415 2691 596 2725 aeterna
616 2688 720 2734 vita,
744 2700 871 2739 quam
887 2688 1068 2727 firmiter
1090 2691 1308 2741 sperabat,
1336 2696 1643 2731 commutaret.

174 2765 209 2804 5.
269 2756 496 2808 Superest,
520 2759 616 2797 the
633 2760 778 2807 Pater,
804 2765 849 2797 vt
871 2760 925 2798 de
957 2761 1118 2799 scholis
1150 2774 1386 2814 earumque
1409 2777 1646 2815 progressu
1670 2766 1743 2803 ali-

168 2920 176 2938 ¹
228 2918 528 2965 Indulgentiam
546 2921 713 2969 jubilaei
734 2922 828 2958 Pius
855 2922 915 2959 IV
941 2933 1197 2961 concesserat
1225 2926 1371 2962 litteris
1402 2927 1529 2964 Roma
1556 2928 1601 2963 25
1634 2927 1742 2964 Mar-

121 2978 161 3013 tii
186 2978 275 3014 1560
293 2979 410 3015 datis.
435 2979 540 3016 Vide
560 2994 646 3026 sup.
670 2994 706 3027 p.
726 2981 809 3018 697.

168 3038 180 3056 ²
233 3036 294 3075 Cf.
318 3038 504 3082 Mmm,
527 3039 621 3084 VII,
641 3040 676 3078 6.
