2038 3400
378 251 447 289 434
847 253 1066 291 LITTERAE
1093 255 1448 299 QUAomMESTREs

333 352 379 391 in
401 354 476 393 Χ.0
499 354 554 393 Ρ.
570 363 609 401 Υ,
635 355 769 405 liquit
791 357 850 394 ad
871 369 922 395 ea
945 369 1058 406 quae
1079 355 1319 395 scribenda
1340 358 1461 403 sunt,
1483 355 1689 395 animum
1713 357 1961 407 applicare,

331 425 545 474 quamuis
579 440 631 465 ea
666 425 891 465 eiusmodi
919 427 1025 474 sint,
1059 440 1172 477 quae
1206 426 1252 465 [ἶφι
1283 429 1550 466 enarrando
1582 429 1759 467 nullam
1788 428 1965 479 possint

332 494 513 547 afferre
535 496 805 536 molestiam.
834 498 932 537 Iam
954 498 1072 537 enim
1093 500 1111 516 η
1131 499 1247 536 bona
1279 510 1333 536 ex
1362 503 1485 548 parte
1517 499 1609 537 aliis
1640 512 1664 537 a
1694 513 1763 538 me
1794 500 1964 550 scriptis

329 567 466 605 literis
488 567 647 606 tradita
669 575 783 616 sunt,
807 569 826 594 b
849 572 888 608 et
911 570 945 608 si
967 569 1069 620 quid
1091 576 1107 594 e
1129 570 1233 607 noui
1254 571 1453 620 proxime
1487 571 1635 621 elapso
1659 571 1966 621 quadrimestri

329 638 503 687 accidit,
537 639 579 677 id
611 644 753 678 totum
784 654 951 678 summa
983 641 1204 679 breuitate
1237 640 1339 680 licet
1371 642 1616 693 explicabo.
1642 643 1739 680 Fuit
1760 643 1845 681 hoc
1866 656 1964 682 nos-

329 716 442 749 trum
460 712 697 763 collegium
717 725 771 750 ex
791 713 919 751 solita
937 714 1049 751 aeris
1067 712 1363 761 inclementia,
1384 726 1495 764 quae
1518 715 1791 752 lauretanum
1813 727 1963 766 agrum

329 783 443 821 solet
474 783 692 822 interdum
724 784 904 822 aestiuis
936 786 1209 835 temporibus
1237 784 1462 832 infestare,
1495 785 1683 823 aduersa
1712 786 1964 824 valetudine

329 855 642 904 aliquantulum
679 855 964 906 exagitatum.
1004 856 1162 894 Attulit
1199 869 1250 894 ea
1285 869 1355 894 res
1395 869 1482 895 non
1523 857 1662 895 solum
1698 857 1750 906 ijs
1781 858 1853 908 qui
1887 870 1964 908 pro

328 926 491 964 Christi
525 939 674 964 amore
698 925 858 976 aliquid
879 928 995 977 passi
1017 933 1131 973 sunt,
1158 928 1338 965 multum
1362 928 1575 975 vtilitatis,
1600 927 1679 966 sed
1703 929 1834 966 etiam
1857 929 1964 966 reci-

327 997 585 1036 netensibus
607 997 788 1048 aliisque
808 999 960 1037 vicinis
977 998 1148 1049 populis
1170 998 1375 1050 ingentes
1397 1000 1596 1038 cumulos
1614 999 1846 1051 spiritualis
1864 1013 1965 1038 con-

327 1069 570 1108 solationis.
595 1070 706 1108 Nam
730 1070 801 1108 diu
825 1076 975 1122 optata
996 1076 1244 1109 nostrorum
1274 1071 1498 1122 presentia
1527 1078 1570 1110 et
1602 1078 1752 1110 sancta
1783 1085 1965 1111 conuer-

329 1141 499 1180 satione
518 1154 570 1180 eo
587 1142 756 1181 facilius
773 1142 856 1180 frui
872 1147 1126 1193 potuerunt.
1153 1143 1308 1193 Neque
1327 1144 1501 1181 interim
1523 1144 1565 1181 in
1582 1144 1669 1182 hoc
1690 1144 1964 1182 sanctissimo

327 1214 492 1264 templo
516 1214 747 1265 quicquam
771 1220 838 1252 est
859 1215 1206 1265 pretermissum,
1231 1215 1350 1265 quod
1371 1221 1620 1253 nostrarum
1651 1215 1836 1266 partium
1867 1227 1964 1253 esse

327 1285 569 1325 videretur.
608 1286 792 1336 Semper
830 1286 943 1324 enim
979 1287 1141 1337 optima
1176 1300 1275 1337 pars
1311 1287 1592 1325 sacerdotum
1626 1286 1681 1325 ad
1710 1287 1965 1338 peregrino-

327 1370 420 1395 rum
443 1356 462 1382 ἃ
490 1358 841 1396 consolationem
871 1363 1021 1408 presto
1058 1358 1153 1396 fuit.
1190 1359 1276 1408 Qui
1311 1364 1457 1397 autern
1495 1359 1693 1397 Recineti
1725 1358 1963 1410 degebant,

325 1429 510 1480 publicis
533 1428 811 1468 contionibus
834 1435 878 1467 et
899 1429 1079 1480 priuatis
1101 1430 1485 1469 adhortationibus
1506 1430 1688 1482 aliisque
1718 1431 1856 1469 solitis
1878 1431 1965 1481 pie-

327 1501 428 1539 tatis
460 1502 683 1539 exercitiis
714 1503 897 1540 multum
928 1503 970 1540 in
1002 1502 1190 1541 Domino
1222 1503 1522 1553 profecerunt.
1554 1503 1706 1554 ltaque
1735 1508 1821 1541 tam
1843 1503 1871 1552 ij
1894 1503 1966 1554 qui

326 1572 517 1620 Laureti‚
537 1585 661 1623 quam
680 1573 751 1624 qui
775 1574 975 1612 Recineti
997 1579 1213 1612 aestatem
1236 1579 1561 1625 transegerunt,
1581 1587 1669 1613 non
1687 1575 1779 1613 sine
1797 1574 1966 1625 ingenti

324 1644 624 1695 proximorum
655 1644 964 1683 aedificatione
995 1646 1096 1684 laeti
1135 1652 1179 1684 et
1215 1647 1384 1685 alacres
1421 1645 1607 1685 Domino
1641 1646 1962 1685 deseruierunt.

326 1716 478 1767 Neque
500 1716 572 1755 his
593 1718 804 1756 contenta
827 1717 1038 1756 charitas
1060 1717 1113 1755 ad
1136 1718 1280 1756 vicina
1301 1724 1320 1745 e
1343 1719 1502 1770 oppida
1523 1719 1688 1769 aliquot
1720 1731 1773 1756 ex
1804 1717 1966 1756 nostris

328 1788 528 1826 Patribus
545 1789 615 1838 qui
633 1790 940 1839 prouectiores
963 1789 1004 1827 in
1028 1789 1166 1827 literis
1185 1796 1230 1828 et
1252 1790 1407 1842 spiritu
1425 1789 1703 1838 videbantur,
1733 1790 1745 1815 f
1764 1790 1827 1828 ire
1849 1802 1965 1829 com-

325 1860 447 1910 pulit.
473 1860 591 1898 Missi
614 1865 713 1898 sunt
735 1859 882 1911 itaque
905 1860 1187 1908 Maceratam,
1212 1861 1285 1912 qui
1307 1862 1472 1900 crebris
1496 1861 1775 1900 contionibus
1799 1865 1842 1899 et
1864 1874 1965 1900 con-

324 1931 591 1970 fessionibus
625 1932 833 1982 populum
869 1932 991 1969 illum
1022 1933 1148 1970 nobis
1181 1934 1325 1971 multis
1357 1933 1598 1971 rationibus
1628 1932 1880 1970 deuinctum
1911 1932 1965 1970 ad

324 2002 534 2055 pietatem
565 2003 773 2053 vitaeque
805 2004 1136 2042 sanctimoniam
1168 2005 1426 2043 animarent.
1461 2005 1559 2043 Hoc
1589 2005 1729 2054 ipsum
1762 2004 1892 2042 etiam
1923 2004 1964 2042 in

327 2074 652 2114 Castroficardo
692 2080 735 2112 et
770 2075 813 2112 in
848 2074 999 2113 Monte
1034 2075 1196 2114 Sancto
1236 2076 1445 2115 effectum
1486 2081 1551 2114 est
1582 2088 1740 2126 magno
1775 2075 1964 2114 omnium

325 2148 533 2199 applausu
571 2152 614 2185 et
650 2146 972 2194 consolatione,
1011 2147 1084 2185 Vbi
1126 2148 1257 2186 etiam
1299 2147 1693 2186 sanctimonialium
1730 2147 1963 2198 collegium

326 2218 534 2259 coelestis
566 2219 682 2257 vitae
714 2219 890 2257 monitis
922 2225 966 2257 et
997 2220 1235 2258 collatione
1268 2225 1641 2259 sacramentorum
1673 2220 1964 2258 vehementer

324 2292 366 2330 in
386 2291 572 2330 Domino
592 2290 902 2329 confirmarunt
921 2291 1274 2342 exilararuntque
1297 2299 1333 2330 g.
1353 2292 1399 2330 In
1417 2291 1511 2330 aliis
1528 2297 1675 2330 autem
1692 2291 1815 2338 locis,
1834 2303 1963 2342 quan-

325 2368 415 2401 tum
447 2362 656 2413 proximis
686 2362 822 2399 nostri
854 2362 1097 2411 profuerint
1129 2363 1248 2401 solus
1279 2363 1402 2402 nouit
1433 2362 1683 2401 altissimus.
1718 2363 1813 2400 Scis
1835 2367 1881 2399 tu
1904 2368 1964 2399 ta-

325 2447 440 2482 men,
465 2436 512 2472 R.
536 2434 579 2472 in
600 2434 675 2471 Χ.υ
698 2434 762 2479 R,
786 2438 996 2484 quantum
1018 2434 1187 2485 gratiae
1210 2440 1508 2485 quantumque
1532 2434 1766 2486 spiritualis
1798 2433 1960 2471 fauoris

371 2583 391 2603 a
439 2582 638 2631 quamuis.
695 2584 758 2608 —b
780 2595 885 2630 quae
906 2583 985 2619 iarn
1005 2584 1218 2621 scribenda
1240 2590 1389 2622 essent.
1503 2591 1521 2609 c
1541 2590 1691 2621 tamen.
1761 2582 1829 2609 —d
1848 2583 1962 2630 spiri-

325 2644 492 2680 tualem.
559 2650 623 2668 —e
646 2643 781 2679 etiam.
848 2643 906 2668 —f
946 2644 1134 2681 charitas.
1204 2652 1273 2676 -Ψ
1294 2644 1547 2690 Peffectum
1577 2656 1602 2680 ιι
1632 2643 1727 2681 Pol.
1761 2655 1810 2681 ex
1841 2644 1962 2680 exila-

325 2708 514 2750 runtque.

325 2835 366 2872 A
393 2834 570 2871 Polanco
596 2834 799 2880 aliquibus
827 2834 866 2871 in
893 2835 992 2872 locis
1012 2835 1241 2872 emendata.
1262 2834 1503 2881 Scriptionis
1521 2835 1621 2879 dies,
1642 2840 1686 2871 ut
1706 2848 1754 2871 ex
1775 2834 1835 2871 his
1857 2846 1961 2880 quae

324 2895 373 2932 ad
400 2894 554 2931 calcem
585 2898 778 2930 annotata
809 2899 915 2937 sunt,
949 2895 1137 2941 apparuit
1168 2894 1336 2939 incerta3
1375 2895 1445 2931 sed
1482 2907 1531 2931 ex
1566 2899 1757 2931 contextu
1793 2900 1962 2940 apparet

323 2954 513 3001 scriptam
549 2965 639 2990 esse
670 2958 758 3000 post
790 2953 880 2992 Cal.
911 2953 1166 3001 Septembris
1201 2953 1304 2991 1559.
1342 2954 1415 2991 Est
1451 2954 1575 2990 etiam
1610 2953 1889 3000 apographum
1921 2954 1961 2990 in

322 3016 408 3052 cod.
444 3013 666 3051 coloniensi
700 3012 782 3058 723,
817 3012 864 3057 ΙΙ,
903 3013 926 3050 f.
964 3014 1023 3058 65,
1060 3014 1165 3060 quod
1196 3015 1237 3051 in
1268 3014 1346 3050 fine
1378 3014 1516 3051 habet:
1550 3013 1745 3050 Calendis
1776 3011 1962 3059 Septem·

323 3074 406 3112 bris
427 3073 530 3111 1559.
