2038 3400
578 179 906 219 224.—C01.0N1A
929 180 952 217 6
974 177 1068 226 JAN.
1103 179 1191 217 1559
1612 180 1654 217 17

76 284 256 329 questus
286 284 367 326 est,
400 278 628 329 plurimum
651 277 730 316 sibi
748 276 891 315 damni
918 289 996 326 por
1018 276 1103 315 hoc
1125 276 1360 326 collegium
1382 276 1549 322 inferri,
1584 288 1702 314 cura-

74 355 217 388 turum
253 363 299 388 se
335 355 495 397 tamen,
531 355 576 387 vt
604 355 771 387 tantum
802 349 1127 394 detrimentum,
1160 347 1277 398 quod
1307 348 1519 384 hactenus
1551 360 1703 396 passus

76 425 156 467 est,
182 420 303 459 docti
331 426 660 471 praeceptores,
684 434 794 471 quos
816 419 1107 470 vndequaque
1135 418 1430 456 aduocaturus
1454 422 1571 454 esset
1603 416 1703 454 doc-

73 492 279 531 tissimos,
317 498 597 542 recuperent,
631 492 841 541 juuenum
880 492 1005 541 leges
1045 493 1315 528 renouentur
1352 494 1395 526 et
1432 488 1549 534 nihil,
1587 487 1703 537 quod

74 562 215 600 studia
249 563 624 601 commendatiora
659 561 829 609 reddat,
868 562 1045 599 scholae
1081 573 1184 599 suae
1221 560 1348 598 desit.
1387 558 1533 596 Faciat
1572 571 1701 608 porro

72 633 279 683 quidquid
318 634 454 681 lubet,
491 635 628 672 nostri
661 647 714 672 eo
751 632 1053 684 diligentiores
1091 633 1346 670 efficientur.
1386 630 1622 680 Diligentia
1652 630 1702 667 si-

73 703 247 754 quidem
289 704 382 742 eius
421 704 691 755 diligentiam
729 710 979 743 nostrorum
1020 703 1243 742 excitabit.
1288 701 1376 741 Sed
1417 707 1460 738 et
1498 705 1704 750 parentes

73 774 277 812 catholici
296 775 409 812 filios
431 787 534 813 suos
555 774 655 812 inde
683 775 737 813 ad
771 788 851 813 nos
873 780 1074 821 auocant,
1112 774 1185 812 vbi
1224 771 1472 823 intelligunt
1508 771 1701 815 scholam

71 846 186 883 illam
225 846 449 884 haeretica
482 847 698 897 prauitate
723 852 971 898 corruptam
995 859 1108 885 esse.
1132 846 1294 884 Verum
1317 843 1370 882 ad
1391 843 1474 881 alia
1495 842 1703 893 deinceps

71 916 349 955 accedamus.

124 989 161 1025 8.
222 988 399 1039 Regens
436 989 455 1006 a
492 994 645 1027 noster
683 989 806 1027 initio
847 989 1121 1039 Septembris
1160 1001 1183 1026 a
1217 988 1426 1026 facultate
1467 976 1622 1025 arti-um
1660 986 1702 1024 in

72 1056 437 1107 quodlibetarium
459 1060 523 1109 (vt
544 1059 615 1097 hic
636 1060 816 1109 vocant)
840 1066 907 1098 est
929 1060 1112 1107 electus,
1137 1059 1254 1109 quod
1276 1072 1431 1097 munus
1452 1058 1495 1096 in
1519 1059 1703 1096 Decem-

71 1129 136 1166 bri
169 1129 451 1168 foelicissime
492 1129 673 1178 subiuit,
716 1131 758 1168 in
795 1143 933 1182 eaque
975 1131 1150 1169 actione
1187 1144 1283 1169 cum
1321 1130 1494 1168 externi
1531 1128 1703 1179 plurimi

73 1200 256 1238 aliorum
291 1201 615 1251 gymnasiorum
650 1207 964 1252 praeceptores
997 1207 1040 1239 et
1070 1201 1280 1252 religiosi,
1313 1213 1390 1251 pro
1423 1204 1604 1250 recepta
1633 1199 1703 1236 hic

74 1271 410 1319 consuetudine,
431 1278 521 1310 tum
541 1284 595 1310 ex
612 1273 772 1310 nostris
790 1278 880 1310 tres
893 1272 1179 1311 disertissime
1193 1272 1504 1311 declamarunt.
1523 1271 1577 1309 M.
1593 1271 1702 1309 Gre-

74 1343 224 1392 gorius
254 1344 411 1381 Fabius
441 1344 652 1394 pietatem
689 1356 786 1382 cum
815 1344 951 1382 literis
988 1344 1340 1395 coniungendam
1372 1356 1488 1391 esse,
1519 1344 1573 1380 M.
1607 1343 1704 1380 Bal-

73 1412 227 1450 duinus
249 1413 304 1451 de
325 1414 582 1464 antiquitate
605 1415 850 1453 catholicae
872 1415 1114 1466 religionis,
1138 1415 1192 1453 M.
1218 1415 1435 1453 Henricus
1466 1413 1702 1463 Dionysius

72 1484 368 1524 conditionem
398 1485 705 1536 miseriamque
737 1487 855 1524 vitae
886 1488 1101 1525 humanae
1131 1499 1208 1538 per
1240 1487 1388 1536 sesqui
1421 1487 1573 1524 horam
1607 1486 1700 1523 fere

72 1556 261 1593 carmine
292 1555 553 1606 deplorauit,
585 1557 715 1609 idque
745 1563 834 1596 tam
865 1557 1073 1609 grauiter,
1106 1558 1243 1609 polite
1278 1564 1409 1608 atque
1441 1557 1621 1605 diserte,
1656 1564 1701 1595 vt

70 1627 317 1666 auditorum
340 1629 531 1667 omnium
554 1630 721 1668 animos
741 1630 784 1668 in
806 1628 1138 1668 admirationem
1161 1635 1349 1680 raperet.
1376 1630 1593 1667 Henricus
1610 1629 1700 1667 dio-

68 1699 291 1736 nantensis
315 1705 323 1724 ¹
346 1699 482 1750 parui,
502 1705 549 1738 vt
566 1706 742 1748 vocant,
762 1701 1071 1752 quodlibetarii
1092 1713 1273 1739 munere
1290 1701 1480 1748 functus,
1502 1701 1699 1739 oratione

69 1768 322 1808 doctissima
353 1770 546 1809 ostendit
574 1785 808 1822 prauorum
846 1785 943 1810 esse
980 1773 1202 1810 consortia
1229 1771 1453 1823 fugienda.
1491 1771 1700 1810 Facetiae

70 1839 247 1889 quidem
268 1854 392 1880 more
413 1841 546 1881 solito
578 1842 747 1882 mixtae
769 1842 969 1894 fuerunt
1003 1843 1191 1890 actioni,
1224 1844 1301 1882 sed
1329 1842 1424 1881 sine
1460 1844 1585 1882 dente
1621 1845 1700 1880 aut

67 1910 205 1949 vllius
225 1912 427 1952 conuitio
448 1913 482 1951 b.
507 1914 788 1952 Declaratum
811 1920 877 1952 est
898 1914 1018 1953 enim
1039 1914 1211 1952 abunde
1234 1913 1362 1960 satis,
1396 1913 1619 1963 quomodo
1652 1926 1699 1951 se

69 1982 388 2032 subsequentes
409 1984 718 2034 quodlibetarii
734 1986 776 2023 in
792 1984 1010 2036 pu[b]licis
1027 1986 1092 2023 his
1110 1985 1278 2023 actibus
1306 1997 1464 2036 gerere
1488 1985 1696 2023 debeant.

119 2063 158 2101 9.
218 2054 454 2105 Diligentia
485 2054 781 2106 sedulitasque
817 2062 1070 2094 nostrorum
1106 2057 1340 2094 multorum
1376 2055 1542 2094 animos
1572 2056 1699 2094 nobis

69 2122 276 2163 deuincit.
301 2126 435 2163 Dnus.
462 2125 682 2177 Philippus
703 2128 816 2175 Gail,
837 2128 1005 2175 consul,
1028 2133 1180 2165 noster
1213 2134 1279 2165 est
1309 2132 1443 2175 totus,
1477 2133 1523 2165 vt
1555 2132 1599 2165 et
1629 2128 1700 2165 alii

66 2195 212 2245 plures
233 2195 275 2234 in
306 2201 474 2236 senatu.
491 2198 647 2237 »Abbas
677 2212 852 2250 quoque
888 2200 939 2237 D.
979 2200 1168 2238 Huberti
1202 2205 1229 2247 ²,
1269 2205 1313 2237 et
1339 2203 1489 2250 pastor
1524 2199 1697 2250 quidam

69 2268 311 2317 campensis
332 2274 359 2316 ⁸,
383 2268 542 2320 aliique
563 2271 741 2319 similes,
765 2271 988 2323 quomodo
1011 2272 1139 2309 nobis
1162 2270 1326 2309 addicti
1354 2272 1453 2318 sint,
1480 2283 1631 2309 eorum
1652 2271 1698 2308 li-

68 2343 205 2387 terae‚
230 2352 335 2390 quas
357 2341 411 2379 ad
440 2346 615 2380 nostros
649 2343 871 2382 interdum
908 2345 1100 2391 mittunt,
1125 2349 1277 2395 aperte
1300 2343 1538 2382 declarant.
1563 2344 1697 2382 Reue-

69 2412 236 2449 urendus
251 2417 269 2435 0
289 2412 646 2464 archiepiscopus
668 2420 682 2439 4
704 2414 724 2438 d
760 2428 898 2454 vnum
916 2416 1072 2455 bouem
1087 2417 1232 2466 nuper
1246 2414 1386 2462 misit,
1406 2415 1485 2464 qui
1500 2414 1698 2454 decimus

113 2575 133 2594 a
181 2575 587 2625 Magisterjoannes.
645 2582 704 2606 -b
727 2580 921 2618 Demum.
976 2589 1040 2606 —0
1088 2582 1213 2617 Rmus
1266 2581 1333 2606 —d
1355 2581 1501 2618 bonum
1520 2582 1696 2618 suumin

68 2647 139 2672 nos
156 2636 335 2673 animum
355 2638 486 2675 missis
505 2639 627 2676 etiam
647 2640 882 2677 muneribus
898 2646 1084 2677 testatur.

116 2798 125 2817 ¹
177 2798 381 2837 Henricus
399 2799 618 2839 Somalius.

114 2863 127 2882 ²
179 2863 241 2901 De
259 2865 406 2902 abbate
425 2864 500 2903 Sti.
521 2865 696 2903 Huberti
715 2867 754 2903 in
774 2866 995 2905 Ardenues
1013 2868 1081 2915 agi
1100 2873 1215 2916 putat
1233 2868 1424 2914 HANSEN‚
1447 2871 1473 2905 l.
1495 2882 1544 2912 c.,
1565 2869 1646 2905 318.

113 2923 126 2942 ⁸
176 2922 226 2960 D.
250 2923 425 2971 Aggeus
443 2925 613 2963 Etheus.
634 2925 698 2964 Cf.
720 2925 912 2971 HANSEN‚
933 2927 1026 2965 ibid.

113 2981 128 3002 ⁴
170 2981 350 3029 Joannes
364 2983 623 3030 Gebhardus.
644 2998 779 3023 comes
796 2987 846 3024 de
867 2986 1084 3026 Mansfeld.

208 3065 371 3093 er'rnu
391 3066 749 3100 Qumamsrus.—T.
770 3069 823 3097 VI.
1538 3078 1555 3098 2
