2038 3400
425 262 929 300 330.——CAESARAUGUSTA
957 258 1204 307 3JANUAR11
1235 259 1324 296 1560
1578 257 1646 297 467

72 379 183 417 quae
219 379 393 405 causam
420 366 601 417 negotio
634 364 834 411 dederat,
872 364 1004 401 homo
1035 363 1106 400 ille
1138 366 1181 400 et
1217 362 1411 412 corporis⁴
1449 368 1491 399 et
1529 363 1694 400 animae

72 439 131 488 (in
162 451 247 489 quo
280 438 390 488 erat)
420 437 660 488 periculum
693 435 920 475 euaderet.
945 435 1065 472 Alius
1087 433 1275 484 quidam,
1300 434 1371 484 qui
1394 433 1447 471 de
1471 434 1694 471 Societate

72 514 222 547 nostra
256 513 299 547 et
334 508 389 547 de
410 508 536 546 nobis
571 507 832 546 immodeste
868 505 1100 544 admodum
1137 506 1412 556 loquebatur,
1450 505 1696 556 intelligens

73 592 183 630 quae
207 581 325 619 Deus
355 580 542 631 optimus
565 580 776 617 maximus
812 583 1062 617 nostrorum
1086 577 1327 615 ministerio
1352 582 1555 627 operatur
1586 576 1697 626 apud

73 650 213 699 indos,
237 652 444 703 perlectis
466 664 489 689 a
512 664 558 689 se
582 651 794 701 epistolis,
819 663 931 700 quae
954 650 1009 687 de
1031 650 1083 699 ijs
1111 649 1242 686 rebus
1263 653 1367 698 typo
1391 648 1697 686 circumferun-

74 727 142 760 tur
181 723 385 773 scriptae,
426 721 486 760 ita
526 728 673 760 mente
714 727 1003 772 compunctus
1039 721 1227 758 animum
1264 719 1523 767 immutauit,
1560 725 1607 757 vt
1646 720 1699 757 ad

75 807 205 832 vnum
228 806 282 832 ex
301 794 499 832 Patribus
517 792 774 840 accesserit,
798 799 1069 843 peccataque
1089 792 1333 838 confessus,
1354 790 1508 829 crebro
1526 791 1607 828 iam
1628 804 1699 828 ve-

73 865 161 903 niat
200 870 473 903 sacramenta
511 865 808 915 frequentare3
849 876 933 902 nec
971 864 1146 902 minima
1185 861 1347 900 deinde
1389 875 1484 899 cum
1524 862 1699 899 homine

75 937 222 988 coepit
244 937 412 987 operari
435 937 568 974 Deus.
594 936 714 974 Alius
737 937 870 974 etiam
895 947 997 973 casu
1019 935 1274 972 vulneratus
1296 933 1386 984 (qui
1408 933 1605 983 turpibus
1627 933 1700 970 de-

74 1007 188 1047 ditus
218 1007 347 1046 lucris
378 1008 489 1046 male
520 1007 561 1045 in
595 1008 757 1058 populo
789 1006 1013 1055 audiebat)
1043 1004 1259 1057 quendam
1292 1017 1346 1042 ex
1377 1005 1539 1043 nostris
1569 1004 1623 1042 ad
1653 1016 1700 1042 se

76 1080 179 1117 fecit
214 1079 434 1125 accersiri,
473 1078 677 1128 Patrique
714 1078 964 1117 confessum
999 1082 1197 1128 peccata,
1234 1076 1373 1126 ipsum
1410 1075 1621 1113 Dominus
1660 1076 1700 1112 in

77 1151 215 1189 virum
238 1152 423 1189 alterum
443 1150 709 1199 jmmutauit3
733 1149 883 1187 statuit
907 1148 1020 1186 enim
1043 1148 1199 1186 crebro
1233 1146 1449 1193 confiteri,
1475 1146 1509 1184 si
1539 1146 1702 1184 incolu-

76 1223 155 1261 mis
178 1221 403 1269 euaderet,
439 1227 483 1260 et
503 1222 615 1259 male
639 1222 834 1272 quaesita
867 1220 1038 1258 restitui
1062 1218 1294 1266 ordinauit;
1317 1223 1448 1269 atque
1470 1218 1506 1255 is
1527 1216 1701 1255 demum

77 1294 193 1332 Patri
225 1295 285 1333 illi
318 1293 506 1333 maximo
543 1293 730 1332 affectus
770 1305 935 1339 amore,
978 1291 1151 1330 diuinae
1195 1289 1409 1330 voluntati
1448 1289 1699 1336 conformis,

76 1365 242 1417 quieuit
262 1365 304 1403 in
325 1377 449 1417 pace.

128 1447 165 1484 3.
226 1438 380 1475 Patres
402 1450 534 1488 saepe
558 1437 712 1475 diebus
733 1436 799 1474 his
821 1436 874 1474 ad
894 1436 1093 1485 jnfirmos
1125 1439 1355 1481 vocantur,
1388 1439 1434 1471 vt
1456 1434 1527 1471 vel
1550 1445 1701 1471 eorum

76 1508 251 1547 audiant
273 1509 593 1556 confessiones,
619 1509 689 1547 vel
712 1514 758 1546 vt
781 1507 1064 1547 consolentur
1093 1506 1369 1557 languentes,
1393 1505 1464 1543 vel
1487 1510 1532 1542 vt
1555 1505 1702 1555 agoni-

76 1582 273 1619 zantibus
295 1581 453 1628 adsint3
478 1586 521 1619 et
542 1581 667 1627 haec,
692 1592 776 1631 qua
797 1592 1028 1630 possumus
1050 1576 1289 1628 diligentia,
1322 1582 1583 1627 prestamus3
1620 1588 1703 1613 nec

77 1653 168 1690 sine
191 1651 399 1703 spirituali
420 1651 564 1690 fructu
585 1652 669 1690 hec
692 1650 834 1689 omnia
855 1653 1138 1701 peraguntur.
1176 1648 1383 1686 Nonnulli
1406 1653 1450 1685 et
1471 1646 1524 1684 ad
1547 1648 1699 1685 Patres

77 1729 359 1762 accesserunt
393 1736 470 1774 per
500 1723 646 1774 plures
681 1734 817 1760 annos
852 1725 1036 1771 peccata
1057 1733 1143 1758 non
1176 1719 1382 1766 confessi,
1415 1719 1487 1768 qui
1519 1719 1699 1768 juuante

79 1795 281 1842 Domino,
305 1794 359 1832 ad
379 1795 551 1845 frugem
583 1794 776 1832 melioris
809 1794 924 1831 vitae
956 1791 1145 1830 rediere.
1172 1792 1223 1829 Et
1255 1791 1341 1829 hoc
1371 1791 1443 1829 dat
1470 1791 1597 1828 nobis
1628 1802 1704 1827 sua

75 1867 287 1915 jneffabili
309 1866 505 1904 bonitate
526 1867 658 1912 Deus,
679 1870 726 1903 vt
742 1866 1014 1914 frequenter,
1035 1863 1106 1913 qui
1128 1862 1182 1900 ad
1204 1875 1284 1900 nos
1305 1861 1537 1909 accedunt,
1562 1860 1703 1900 diuer-

80 1939 136 1976 sis
167 1939 373 1976 sathanae
408 1938 574 1976 retibus
608 1936 843 1988 illaqueati,
881 1936 1006 1974 breui
1042 1941 1244 1985 tempore
1272 1947 1359 1972 non
1394 1935 1534 1972 solum
1571 1934 1703 1971 vitam

80 2022 313 2060 moresque
331 2009 580 2058 jmmutent,
605 2008 683 2046 sed
705 2008 1000 2046 aedificationi
1023 2008 1107 2046 sint
1129 2007 1395 2055 videntibus,
1421 2012 1464 2044 et
1488 2006 1704 2055 exemplo.

80 2081 143 2118 Sit
165 2080 304 2131 gloria
324 2079 383 2118 illi
404 2093 428 2118 a
448 2093 533 2130 quo
557 2080 671 2117 bona
694 2085 850 2117 cuncta
870 2078 1131 2129 procedunt.

132 2163 170 2200 4.
232 2152 381 2190 Placet
402 2158 420 2176 a
442 2151 621 2189 multum
652 2155 782 2201 atque
815 2149 1009 2188 delectat
1039 2150 1103 2199 (vt
1134 2150 1280 2199 plures
1310 2148 1524 2197 referunt)
1554 2153 1705 2185 noster

83 2222 266 2260 canendi
290 2221 444 2260 modus
466 2222 507 2260 in
539 2221 695 2260 diuinis
729 2221 1003 2259 celebrandis
1025 2220 1180 2258 diebus
1202 2221 1387 2268 festinis,
1412 2232 1465 2257 ex
1488 2232 1572 2269 quo
1608 2232 1705 2256 nos-

82 2299 190 2331 tram
213 2292 444 2331 ecclesiam
481 2293 675 2330 nonnulli
697 2292 943 2330 affectuose
965 2292 1261 2342 frequentant.
1286 2291 1364 2328 His
1385 2291 1538 2328 natalis
1562 2290 1705 2328 Domi-

82 2365 122 2402 ni
144 2364 470 2411 festiuitatibus,
496 2368 541 2402 et
562 2364 727 2414 aliquot
749 2371 850 2402 ante
874 2364 1043 2411 diebus,
1067 2363 1273 2414 frequens
1294 2362 1529 2401 admodum
1558 2363 1637 2400 fuit
1665 2362 1705 2399 in

84 2435 272 2474 ecclesia
304 2441 454 2474 nostra
477 2435 803 2474 confessionum
826 2447 1049 2481 numerus3
1082 2435 1160 2472 sed
1182 2434 1236 2472 ad
1258 2434 1516 2472 matutinum
1540 2437 1582 2471 et
1610 2433 1706 2470 mis-

85 2518 152 2544 sas
175 2507 473 2545 sanctissimae
495 2506 637 2544 noctis
659 2507 818 2545 multus
842 2506 1026 2557 populus
1048 2506 1251 2551 accessit,
1285 2510 1329 2543 et
1351 2506 1391 2543 in
1423 2506 1553 2543 missa
1572 2505 1708 2554 prima

82 2590 169 2616 non
204 2578 295 2616 sine
327 2590 483 2628 magna
512 2577 819 2616 aedificatione
850 2576 1118 2616 audientium
1150 2582 1193 2614 et
1225 2577 1527 2615 consolatione
1559 2576 1705 2613 contio

84 2648 230 2687 habita
253 2655 333 2696 est,
359 2650 457 2700 quia
478 2662 602 2688 sacro
628 2654 779 2688 sancto
802 2649 928 2687 huius
959 2649 1102 2688 noctis
1124 2649 1320 2687 misterio
1344 2648 1534 2687 ecclesia
1560 2653 1708 2685 nostra

85 2719 228 2757 dicata
258 2726 338 2767 est,
371 2733 469 2758 cum
497 2721 727 2759 Bethleem
763 2733 923 2758 nomen
946 2721 1000 2758 sit
1024 2722 1062 2758 ei
1085 2720 1247 2758 datum.
1272 2720 1353 2757 Die
1376 2725 1521 2757 autem
1544 2718 1707 2756 circun-

87 2791 283 2829 cissionis
306 2797 350 2829 et
376 2791 562 2830 nominis
589 2794 692 2843 Jesu
715 2792 903 2830 maxima
923 2792 1155 2830 multitudo
1180 2792 1402 2835 conuenit,
1437 2796 1481 2828 et
1504 2803 1556 2827 ex
1588 2790 1707 2827 nobi-

86 2862 257 2900 lissimis
279 2863 540 2913 complures,
564 2863 676 2901 inter
706 2876 815 2914 quos
839 2876 990 2902 omnes
1010 2862 1294 2913 juquisitores
1316 2874 1496 2907 venere,
1527 2861 1597 2910 qui
1619 2866 1708 2897 tres

136 3072 154 3089 ἃ
207 3063 339 3100 Prius
357 3063 592 3110 applaudet.
