2038 3400
570 217 894 257 322.—C01,0N1A
920 229 1100 256 INEUNTE
1130 219 1221 257 1560
1592 224 1654 260 431

88 320 367 372 eloquentiae
398 320 616 359 candidati
636 326 838 372 quatuor,
870 321 1142 372 grammatici
1174 327 1294 369 octo,
1328 328 1369 360 et
1403 324 1581 362 ministri
1610 339 1710 375 qna-

88 398 199 430 tuor.
239 392 402 430 Omnes
437 396 541 430 vota
577 393 830 440 emiserunt,
869 392 1069 443 exceptis
1101 398 1302 444 quatuor.
1336 395 1438 432 Sani
1474 401 1586 442 sunt,
1626 410 1709 433 vno

86 463 280 513 dempto,
303 476 433 514 quem
455 468 665 514 quartana
686 464 797 502 febri
817 465 1011 515 grauiter
1033 464 1305 502 laborantem
1328 465 1531 515 precibus
1555 467 1712 503 vestris

87 534 463 573 commendamus.
516 535 615 573 Hoc
659 547 770 573 anno
819 536 860 573 in
913 548 1018 574 vere
1066 536 1137 574 vel
1185 540 1393 575 autumno
1443 537 1610 586 aliquos
1659 537 1710 575 ad

88 607 135 645 R.
170 608 215 644 P.
241 607 289 644 T.
315 606 449 644 Dnus.
470 606 725 645 Leonardus
749 614 756 631 ¹
781 606 1033 654 destinabit,
1058 620 1167 658 quos
1201 608 1293 645 sine
1314 613 1544 658 parentum
1578 609 1713 646 offen-

88 678 211 716 sione
233 677 334 716 hinc
355 678 490 725 abire,
516 684 559 716 et
590 680 779 717 romanis
800 679 1064 718 lectionibus
1086 679 1402 718 accommodos
1424 680 1520 718 fore
1548 681 1712 731 putabi-

86 762 195 795 mus,
219 754 266 786 vt
287 753 464 787 sanctae
496 748 656 787 deinde
687 748 788 788 huic
818 749 1126 788 SOCIETATI
1148 751 1189 788 in
1219 751 1565 802 quibuscumque
1589 752 1712 789 voles

87 819 287 869 collegijs
322 819 592 866 deseruiant,
633 820 674 857 in
713 833 897 870 quorum
937 821 1060 859 locos
1100 821 1219 859 Deus
1261 821 1550 872 congregabit
1589 822 1711 869 alios,

85 903 194 941 quos
215 891 425 941 probatos
449 896 491 928 et
513 890 568 929 ad
590 897 762 929 vestras
783 892 1000 930 lectiones
1021 898 1305 943 praeparatos
1337 893 1516 930 Romam
1539 906 1712 943 quoque

86 961 401 1012 ablegabimus.
428 961 564 1011 Quid?
585 962 630 1000 Si
661 961 744 1012 [ad]
770 963 855 1001 hoc
877 963 997 1001 Deus
1020 963 1155 1014 elegit
1177 963 1424 1010 Coloniam,
1455 968 1501 1001 vt
1533 964 1627 1013 alijs
1659 964 1713 1001 ci-

86 1032 292 1070 uitatibus
311 1033 469 1071 fratres
492 1033 684 1084 colligat,
709 1034 853 1084 quoad
875 1035 1141 1073 coloniensis
1162 1035 1349 1086 populus
1372 1035 1712 1074 SOCIETATIS

85 1104 300 1142 beneficia
334 1104 488 1142 melius
524 1105 760 1155 intelliget?
782 1106 880 1143 Non
911 1105 1010 1144 dico
1047 1105 1163 1156 quod
1200 1106 1478 1144 colonienses
1513 1106 1615 1156 quid
1651 1106 1713 1144 eis

85 1175 365 1214 SOCIETAS
395 1180 605 1226 praestet,
629 1189 717 1214 non
744 1177 1010 1228 intelligunt3
1033 1177 1282 1228 intelligunt
1306 1177 1419 1215 enim
1442 1177 1591 1215 vtilem
1616 1190 1712 1215 esse

89 1247 356 1296 reipublicae
377 1252 626 1285 nostrorum
647 1248 860 1295 laborem,
884 1248 1099 1299 prodesse
1123 1250 1412 1287 vehementer
1442 1261 1594 1286 eorum
1615 1248 1713 1297 filijs

84 1325 277 1357 nostram
299 1319 634 1365 institutionem,
657 1324 700 1356 et
721 1332 857 1370 prope
874 1319 1168 1358 necessariam
1185 1320 1240 1358 M.
1261 1319 1441 1358 Henrici
1463 1320 1645 1368 Dionisij
1670 1320 1712 1357 in

82 1403 249 1429 summa
270 1390 381 1428 aede
404 1402 501 1428 esse
525 1403 690 1429 sacram
713 1390 989 1439 concionem3
1013 1404 1145 1443 quare
1167 1391 1209 1430 in
1238 1392 1355 1430 omni
1386 1396 1501 1430 statu
1523 1392 1710 1442 permul-

83 1468 154 1500 tos
179 1462 374 1513 reperire
396 1466 462 1499 est
493 1461 834 1501 SOCIETATIS
866 1462 1030 1501 amicos
1054 1469 1098 1501 et
1119 1463 1331 1510 fautores,
1356 1463 1397 1501 in
1427 1464 1525 1501 aula
1546 1462 1712 1501 archie-

83 1533 266 1585 piscopi,
290 1534 332 1571 in
363 1534 607 1572 coloniensi
629 1539 799 1580 senatu,
824 1535 866 1572 in
898 1535 1033 1581 clero,
1058 1535 1100 1572 in
1134 1530 1421 1573 v'niuersitate
1453 1540 1496 1572 et
1531 1535 1710 1585 populo,

85 1604 157 1655 qui
177 1606 230 1643 ab
260 1606 531 1644 aemulorum
562 1606 778 1644 morsibus
808 1617 894 1642 non
925 1618 1024 1644 raro
1055 1620 1136 1644 nos
1159 1606 1416 1654 detendunt,
1453 1611 1495 1644 et
1527 1606 1713 1645 SOCIE-

84 1676 251 1714 TATIS
280 1678 462 1727 negotia
491 1690 577 1715 non
609 1677 805 1728 segniter
835 1682 1114 1727 promouent.
1140 1678 1369 1728 Templum
1403 1690 1555 1716 eorum
1578 1689 1714 1728 opera

85 1748 138 1784 ab
159 1747 492 1798 archiepiscopo
516 1760 644 1799 spero
669 1748 978 1795 obtinebimus,
1005 1754 1049 1786 vt
1071 1761 1095 1786 a
1121 1755 1276 1786 senatu
1299 1749 1535 1800 collegium
1558 1753 1601 1786 et
1624 1748 1712 1786 SO-

84 1818 348 1856 CIETATIS
371 1818 525 1857 domus
547 1819 778 1870 impetrata
798 1819 892 1858 fuit.
916 1819 1120 1871 Collegio
1144 1820 1293 1869 quieto
1317 1820 1492 1867 vfimur,
1516 1825 1712 1858 nostrum

84 1901 213 1939 speio
242 1890 502 1937 remanebit3
525 1890 661 1928 aedes
681 1889 908 1929 adiunctas
931 1895 1100 1929 certum
1133 1896 1200 1928 est
1221 1890 1339 1941 quod
1373 1903 1503 1929 nemo
1527 1890 1711 1929 SOCIE-

86 1960 219 1998 TATI
243 1961 412 2012 eripiet.
436 1961 483 1999 In
518 1962 582 1999 his
611 1961 772 2000 fratres
795 1962 997 2001 disiuncti
1020 1975 1044 2000 a
1074 1962 1403 2001 conuictoribus
1424 1962 1634 2009 habitant,
1670 1968 1712 2000 et

85 2032 127 2070 in
164 2032 431 2081 obedientia,
469 2033 825 2081 mortificatione,
857 2034 1118 2081 humilitate,
1157 2035 1391 2073 virtutibus
1427 2035 1634 2081 coeteris,
1672 2033 1713 2071 in

85 2105 247 2154 regulis
269 2104 624 2152 SOCIETATIS,
649 2106 1041 2144 constitutionibus
1071 2107 1272 2157 gnauiter
1299 2119 1347 2144 se
1371 2111 1597 2145 exercent.
1633 2107 1713 2143 Re-

85 2176 209 2225 gulas
231 2176 285 2214 M.
310 2176 566 2215 Franciscus
584 2177 799 2215 Costerus
821 2177 1026 2224 absoluit,
1046 2178 1383 2216 constitutiones
1401 2178 1610 2228 deinceps
1629 2178 1712 2216 lec·

85 2251 207 2284 turus
244 2253 324 2285 est.
358 2247 480 2286 Idem
501 2247 679 2286 fratrum
704 2260 850 2286 curam
872 2249 1003 2299 gerit,
1030 2254 1073 2286 et
1090 2249 1338 2287 adiutorem
1360 2250 1493 2288 habet
1512 2250 1567 2287 M.
1585 2250 1711 2287 Fran-

87 2318 249 2356 ciscum
271 2320 574 2358 Homerolum.
600 2320 744 2371 Atque
767 2321 981 2358 hactenus
999 2321 1054 2359 de
1076 2321 1296 2360 fratribus.
1598 2369 1603 2373 ¹

139 2400 175 2427 2.
235 2390 528 2429 Conuictores
549 2391 785 2430 admodum
807 2392 930 2430 multi
951 2398 1049 2430 sunt
1088 2399 1132 2430 et
1162 2393 1371 2431 nobilium
1408 2394 1709 2443 clarorumque

86 2459 267 2498 aliorum
298 2461 490 2499 virorum
525 2462 616 2511 filij.
655 2463 842 2501 Student
879 2463 1129 2514 diligenter,
1169 2470 1212 2501 et
1242 2476 1329 2501 non
1360 2467 1527 2502 tantum
1558 2462 1709 2508 literis,

87 2544 240 2570 verum
260 2532 390 2570 etiam
407 2533 642 2571 virtutibus
661 2546 837 2584 operam
860 2533 1130 2585 impendunt.
1150 2534 1323 2573 Octauo
1342 2534 1412 2574 die
1430 2535 1709 2579 confitentur,

86 2604 249 2654 templa
269 2604 461 2651 visitant,
495 2617 618 2643 sacra
636 2611 690 2646 ,et
721 2605 981 2644 concionem
1012 2606 1206 2654 audiunt,
1242 2611 1286 2645 et
1315 2605 1439 2645 testis
1466 2605 1711 2644 dominicis-

87 2688 171 2726 que
211 2675 366 2713 diebus
404 2676 794 2715 antemeridianum
836 2683 1008 2728 tempus
1047 2678 1089 2715 in
1130 2678 1264 2716 sacris
1304 2678 1435 2716 rebus
1475 2678 1708 2716 collocant.

87 2747 249 2784 Verum
271 2746 325 2784 de
357 2747 577 2785 extraneis
599 2747 671 2798 qui
692 2749 907 2786 lectiones
924 2754 1092 2787 tantum
1115 2756 1132 2773 a
1162 2749 1354 2795 visitant,
1374 2748 1475 2799 quid
1497 2749 1712 2787 dicturus?

137 2889 156 2907 a
205 2894 287 2926 tam
303 2899 383 2926 ms.

137 3027 145 3045 ¹
198 3026 244 3064 P.
265 3026 504 3064 Leonardus
523 3026 684 3070 KesseL
705 3029 868 3075 collegii
888 3034 1033 3067 rector.
