<?xml version="1.0" encoding="UTF-8"?>
<!DOCTYPE html PUBLIC "-//W3C//DTD XHTML 1.0 Transitional//EN"
    "http://www.w3.org/TR/xhtml1/DTD/xhtml1-transitional.dtd">
<html xmlns="http://www.w3.org/1999/xhtml" xml:lang="en" lang="en">
 <head>
  <title>
</title>
<meta http-equiv="Content-Type" content="text/html;charset=utf-8" />
  <meta name='ocr-system' content='tesseract 3.04.00' />
  <meta name='ocr-capabilities' content='ocr_page ocr_carea ocr_par ocr_line ocrx_word'/>
</head>
<body>
  <div class='ocr_page' id='page_1' title='image "./litteraequadrime18lain_0349.png"; bbox 0 0 2038 3400; ppageno 0'>
   <div class='ocr_carea' id='block_1_1' title="bbox 507 270 1691 309">
    <p class='ocr_par' dir='ltr' id='par_1_1' title="bbox 507 270 1691 309">
     <span class='ocr_line' id='line_1_1' title="bbox 507 270 1691 309; baseline 0.001 -1"><span class='ocrx_word' id='word_1_1' title='bbox 507 271 896 308; x_wconf 64' lang='lat' dir='ltr'><strong>296.—V1Noossom</strong></span> <span class='ocrx_word' id='word_1_2' title='bbox 931 272 940 306; x_wconf 83' lang='lat'>1</span> <span class='ocrx_word' id='word_1_3' title='bbox 978 270 1239 308; x_wconf 73' lang='lat' dir='ltr'><strong>SEPTEMBRls</strong></span> <span class='ocrx_word' id='word_1_4' title='bbox 1270 272 1356 308; x_wconf 52' lang='lat'><strong>1552)</strong></span> <span class='ocrx_word' id='word_1_5' title='bbox 1628 274 1691 309; x_wconf 76' lang='lat'><strong>331</strong></span> 
     </span>
    </p>
   </div>
   <div class='ocr_carea' id='block_1_2' title="bbox 120 371 1755 2421">
    <p class='ocr_par' dir='ltr' id='par_1_2' title="bbox 122 371 1742 492">
     <span class='ocr_line' id='line_1_2' title="bbox 122 371 1742 422; baseline 0.001 -14"><span class='ocrx_word' id='word_1_6' title='bbox 122 371 235 408; x_wconf 88' lang='lat' dir='ltr'><strong>tibus</strong></span> <span class='ocrx_word' id='word_1_7' title='bbox 259 371 513 409; x_wconf 78' lang='lat' dir='ltr'>dederimus</span> <span class='ocrx_word' id='word_1_8' title='bbox 535 371 646 418; x_wconf 87' lang='lat' dir='ltr'><strong>fore,</strong></span> <span class='ocrx_word' id='word_1_9' title='bbox 672 371 984 422; x_wconf 88' lang='lat' dir='ltr'><strong>utaliquando,</strong></span> <span class='ocrx_word' id='word_1_10' title='bbox 1020 373 1114 410; x_wconf 90' lang='lat' dir='ltr'><strong>Deo</strong></span> <span class='ocrx_word' id='word_1_11' title='bbox 1146 371 1273 417; x_wconf 86' lang='lat' dir='ltr'><strong>duce,</strong></span> <span class='ocrx_word' id='word_1_12' title='bbox 1299 384 1450 409; x_wconf 87' lang='lat' dir='ltr'><strong>eorum</strong></span> <span class='ocrx_word' id='word_1_13' title='bbox 1475 372 1545 421; x_wconf 82' lang='lat' dir='ltr'><strong>filij</strong></span> <span class='ocrx_word' id='word_1_14' title='bbox 1571 372 1742 410; x_wconf 84' lang='lat' dir='ltr'><strong>tandem</strong></span> 
     </span>
     <span class='ocr_line' id='line_1_3' title="bbox 122 442 601 492; baseline 0.004 -13"><span class='ocrx_word' id='word_1_15' title='bbox 122 442 386 492; x_wconf 77' lang='lat' dir='ltr'><strong>recipiantur</strong></span> <span class='ocrx_word' id='word_1_16' title='bbox 407 455 432 481; x_wconf 89' lang='lat' dir='ltr'><strong>a</strong></span> <span class='ocrx_word' id='word_1_17' title='bbox 462 442 601 481; x_wconf 90' lang='lat' dir='ltr'><strong>nobis.</strong></span> 
     </span>
    </p>

    <p class='ocr_par' dir='ltr' id='par_1_3' title="bbox 120 513 1752 1923">
     <span class='ocr_line' id='line_1_4' title="bbox 179 513 1746 565; baseline 0 -14"><span class='ocrx_word' id='word_1_18' title='bbox 179 524 237 551; x_wconf 86' lang='lat'><strong>12.</strong></span> <span class='ocrx_word' id='word_1_19' title='bbox 302 513 535 562; x_wconf 72' lang='lat' dir='ltr'><strong>Quantum</strong></span> <span class='ocrx_word' id='word_1_20' title='bbox 556 521 574 539; x_wconf 59' lang='grc' dir='ltr'><strong><em>ἢ</em></strong></span> <span class='ocrx_word' id='word_1_21' title='bbox 595 514 648 553; x_wconf 86' lang='lat' dir='ltr'><strong>ad</strong></span> <span class='ocrx_word' id='word_1_22' title='bbox 672 514 905 565; x_wconf 83' lang='lat' dir='ltr'>collegium</span> <span class='ocrx_word' id='word_1_23' title='bbox 936 526 1112 561; x_wconf 92' lang='lat' dir='ltr'><strong>nouum,</strong></span> <span class='ocrx_word' id='word_1_24' title='bbox 1138 513 1192 552; x_wconf 89' lang='lat' dir='ltr'><strong>de</strong></span> <span class='ocrx_word' id='word_1_25' title='bbox 1214 527 1299 564; x_wconf 89' lang='lat' dir='ltr'><strong>quo</strong></span> <span class='ocrx_word' id='word_1_26' title='bbox 1332 514 1492 552; x_wconf 81' lang='lat' dir='ltr'><strong>factam</strong></span> <span class='ocrx_word' id='word_1_27' title='bbox 1514 514 1596 552; x_wconf 88' lang='lat' dir='ltr'><strong>iam</strong></span> <span class='ocrx_word' id='word_1_28' title='bbox 1618 520 1746 552; x_wconf 80' lang='lat' dir='ltr'><strong>antea</strong></span> 
     </span>
     <span class='ocr_line' id='line_1_5' title="bbox 121 584 1745 636; baseline 0 -14"><span class='ocrx_word' id='word_1_29' title='bbox 121 585 389 623; x_wconf 80' lang='lat' dir='ltr'>mentionem</span> <span class='ocrx_word' id='word_1_30' title='bbox 411 585 428 609; x_wconf 69' lang='grc' dir='ltr'>ὓ</span> <span class='ocrx_word' id='word_1_31' title='bbox 450 585 574 632; x_wconf 72' lang='lat' dir='ltr'><strong>noni,</strong></span> <span class='ocrx_word' id='word_1_32' title='bbox 601 584 775 632; x_wconf 65' lang='lat' dir='ltr'><strong>attinet,</strong></span> <span class='ocrx_word' id='word_1_33' title='bbox 800 584 954 636; x_wconf 83' lang='lat' dir='ltr'><strong>viginti</strong></span> <span class='ocrx_word' id='word_1_34' title='bbox 977 597 1073 623; x_wconf 90' lang='lat' dir='ltr'><strong>cum</strong></span> <span class='ocrx_word' id='word_1_35' title='bbox 1096 584 1137 622; x_wconf 93' lang='lat' dir='ltr'><strong>in</strong></span> <span class='ocrx_word' id='word_1_36' title='bbox 1160 596 1212 623; x_wconf 91' lang='lat' dir='ltr'><strong>eo</strong></span> <span class='ocrx_word' id='word_1_37' title='bbox 1236 584 1410 623; x_wconf 80' lang='lat' dir='ltr'><strong>circiter</strong></span> <span class='ocrx_word' id='word_1_38' title='bbox 1433 585 1530 631; x_wconf 86' lang='lat' dir='ltr'><strong>sint,</strong></span> <span class='ocrx_word' id='word_1_39' title='bbox 1557 585 1745 635; x_wconf 81' lang='lat' dir='ltr'><strong>optimae</strong></span> 
     </span>
     <span class='ocr_line' id='line_1_6' title="bbox 121 654 1745 706; baseline -0.001 -13"><span class='ocrx_word' id='word_1_40' title='bbox 121 655 213 706; x_wconf 87' lang='lat' dir='ltr'><strong>spei</strong></span> <span class='ocrx_word' id='word_1_41' title='bbox 234 669 285 694; x_wconf 87' lang='lat' dir='ltr'><strong>ac</strong></span> <span class='ocrx_word' id='word_1_42' title='bbox 306 655 463 694; x_wconf 88' lang='lat' dir='ltr'><strong>indolis</strong></span> <span class='ocrx_word' id='word_1_43' title='bbox 493 656 817 704; x_wconf 74' lang='lat' dir='ltr'><strong>adolescentes,</strong></span> <span class='ocrx_word' id='word_1_44' title='bbox 844 656 994 694; x_wconf 88' lang='lat' dir='ltr'><strong>effecit</strong></span> <span class='ocrx_word' id='word_1_45' title='bbox 1016 661 1162 694; x_wconf 89' lang='lat' dir='ltr'><strong>tamen</strong></span> <span class='ocrx_word' id='word_1_46' title='bbox 1197 654 1343 694; x_wconf 89' lang='lat' dir='ltr'><strong>diuina</strong></span> <span class='ocrx_word' id='word_1_47' title='bbox 1364 656 1535 694; x_wconf 86' lang='lat' dir='ltr'><strong>bonitas</strong></span> <span class='ocrx_word' id='word_1_48' title='bbox 1557 668 1633 706; x_wconf 87' lang='lat' dir='ltr'><strong>per</strong></span> <span class='ocrx_word' id='word_1_49' title='bbox 1664 656 1745 693; x_wconf 67' lang='lat' dir='ltr'><strong>liis-</strong></span> 
     </span>
     <span class='ocr_line' id='line_1_7' title="bbox 121 726 1746 778; baseline -0.001 -14"><span class='ocrx_word' id='word_1_50' title='bbox 121 739 271 777; x_wconf 82' lang='lat' dir='ltr'><strong>panos,</strong></span> <span class='ocrx_word' id='word_1_51' title='bbox 295 727 367 778; x_wconf 90' lang='lat' dir='ltr'><strong>qui</strong></span> <span class='ocrx_word' id='word_1_52' title='bbox 390 727 648 765; x_wconf 84' lang='lat' dir='ltr'><strong>sanctissimi</strong></span> <span class='ocrx_word' id='word_1_53' title='bbox 665 727 791 765; x_wconf 86' lang='lat' dir='ltr'><strong>huius</strong></span> <span class='ocrx_word' id='word_1_54' title='bbox 813 726 996 765; x_wconf 89' lang='lat' dir='ltr'><strong>instituti</strong></span> <span class='ocrx_word' id='word_1_55' title='bbox 1016 727 1226 765; x_wconf 86' lang='lat' dir='ltr'><strong>authores</strong></span> <span class='ocrx_word' id='word_1_56' title='bbox 1258 732 1301 764; x_wconf 89' lang='lat' dir='ltr'><strong>et</strong></span> <span class='ocrx_word' id='word_1_57' title='bbox 1331 732 1610 777; x_wconf 87' lang='lat' dir='ltr'><strong>promotores</strong></span> <span class='ocrx_word' id='word_1_58' title='bbox 1632 727 1746 764; x_wconf 86' lang='lat' dir='ltr'><strong>alen-</strong></span> 
     </span>
     <span class='ocr_line' id='line_1_8' title="bbox 121 797 1747 849; baseline 0 -14"><span class='ocrx_word' id='word_1_59' title='bbox 121 797 274 836; x_wconf 83' lang='lat' dir='ltr'><strong>dorum</strong></span> <span class='ocrx_word' id='word_1_60' title='bbox 296 797 593 837; x_wconf 82' lang='lat' dir='ltr'><strong>studiosorum</strong></span> <span class='ocrx_word' id='word_1_61' title='bbox 615 811 853 849; x_wconf 86' lang='lat' dir='ltr'><strong>pauperum</strong></span> <span class='ocrx_word' id='word_1_62' title='bbox 874 797 998 849; x_wconf 88' lang='lat' dir='ltr'><strong>primi</strong></span> <span class='ocrx_word' id='word_1_63' title='bbox 1019 797 1144 835; x_wconf 86' lang='lat' dir='ltr'><strong>fuere</strong></span> <span class='ocrx_word' id='word_1_64' title='bbox 1173 797 1384 845; x_wconf 83' lang='lat' dir='ltr'><strong>Viennae,</strong></span> <span class='ocrx_word' id='word_1_65' title='bbox 1409 810 1460 836; x_wconf 91' lang='lat' dir='ltr'><strong>ac</strong></span> <span class='ocrx_word' id='word_1_66' title='bbox 1481 810 1557 848; x_wconf 89' lang='lat' dir='ltr'><strong>per</strong></span> <span class='ocrx_word' id='word_1_67' title='bbox 1579 810 1747 849; x_wconf 82' lang='lat' dir='ltr'><strong>germa-</strong></span> 
     </span>
     <span class='ocr_line' id='line_1_9' title="bbox 120 869 1746 920; baseline -0.001 -12"><span class='ocrx_word' id='word_1_68' title='bbox 120 882 199 908; x_wconf 89' lang='lat' dir='ltr'><strong>nos</strong></span> <span class='ocrx_word' id='word_1_69' title='bbox 223 870 367 916; x_wconf 90' lang='lat' dir='ltr'><strong>etiarn,</strong></span> <span class='ocrx_word' id='word_1_70' title='bbox 392 882 446 907; x_wconf 90' lang='lat' dir='ltr'><strong>ne</strong></span> <span class='ocrx_word' id='word_1_71' title='bbox 468 870 698 920; x_wconf 87' lang='lat' dir='ltr'><strong>quicquam</strong></span> <span class='ocrx_word' id='word_1_72' title='bbox 722 870 784 907; x_wconf 94' lang='lat' dir='ltr'><strong>eis</strong></span> <span class='ocrx_word' id='word_1_73' title='bbox 805 869 920 907; x_wconf 88' lang='lat' dir='ltr'><strong>desit</strong></span> <span class='ocrx_word' id='word_1_74' title='bbox 942 881 1093 907; x_wconf 88' lang='lat' dir='ltr'><strong>eorum</strong></span> <span class='ocrx_word' id='word_1_75' title='bbox 1115 882 1226 920; x_wconf 85' lang='lat' dir='ltr'><strong>quae</strong></span> <span class='ocrx_word' id='word_1_76' title='bbox 1248 869 1502 920; x_wconf 88' lang='lat' dir='ltr'><strong>quotidiana</strong></span> <span class='ocrx_word' id='word_1_77' title='bbox 1529 869 1746 907; x_wconf 87' lang='lat' dir='ltr'><strong>studioso-</strong></span> 
     </span>
     <span class='ocr_line' id='line_1_10' title="bbox 123 939 1749 992; baseline -0.001 -12"><span class='ocrx_word' id='word_1_78' title='bbox 123 955 214 980; x_wconf 85' lang='lat' dir='ltr'><strong>rum</strong></span> <span class='ocrx_word' id='word_1_79' title='bbox 238 941 480 979; x_wconf 84' lang='lat' dir='ltr'><strong>necessitas</strong></span> <span class='ocrx_word' id='word_1_80' title='bbox 502 941 707 992; x_wconf 90' lang='lat' dir='ltr'><strong>reposcit.</strong></span> <span class='ocrx_word' id='word_1_81' title='bbox 740 941 863 979; x_wconf 86' lang='lat' dir='ltr'><strong>Ratio</strong></span> <span class='ocrx_word' id='word_1_82' title='bbox 886 939 1062 992; x_wconf 88' lang='lat' dir='ltr'><strong>quidem</strong></span> <span class='ocrx_word' id='word_1_83' title='bbox 1084 941 1271 979; x_wconf 88' lang='lat' dir='ltr'><strong>uestitus</strong></span> <span class='ocrx_word' id='word_1_84' title='bbox 1305 941 1550 991; x_wconf 89' lang='lat' dir='ltr'><strong>modusque</strong></span> <span class='ocrx_word' id='word_1_85' title='bbox 1573 940 1749 979; x_wconf 87' lang='lat' dir='ltr'><strong>uiuendi</strong></span> 
     </span>
     <span class='ocr_line' id='line_1_11' title="bbox 123 1011 1750 1062; baseline -0.001 -11"><span class='ocrx_word' id='word_1_86' title='bbox 123 1018 190 1051; x_wconf 89' lang='lat' dir='ltr'><strong>est</strong></span> <span class='ocrx_word' id='word_1_87' title='bbox 208 1013 408 1051; x_wconf 89' lang='lat' dir='ltr'><strong>omnibus</strong></span> <span class='ocrx_word' id='word_1_88' title='bbox 427 1013 685 1060; x_wconf 81' lang='lat' dir='ltr'><strong>communis3</strong></span> <span class='ocrx_word' id='word_1_89' title='bbox 702 1016 894 1051; x_wconf 83' lang='lat' dir='ltr'><strong>attamen</strong></span> <span class='ocrx_word' id='word_1_90' title='bbox 911 1012 1073 1051; x_wconf 72' lang='lat' dir='ltr'><strong>iaciunt</strong></span> <span class='ocrx_word' id='word_1_91' title='bbox 1088 1012 1428 1051; x_wconf 85' lang='lat' dir='ltr'><strong>excellentiores</strong></span> <span class='ocrx_word' id='word_1_92' title='bbox 1445 1013 1541 1062; x_wconf 88' lang='lat' dir='ltr'><strong>alijs</strong></span> <span class='ocrx_word' id='word_1_93' title='bbox 1557 1011 1750 1051; x_wconf 86' lang='lat' dir='ltr'><strong>nonnulli</strong></span> 
     </span>
     <span class='ocr_line' id='line_1_12' title="bbox 123 1082 1750 1136; baseline -0.001 -13"><span class='ocrx_word' id='word_1_94' title='bbox 123 1098 274 1123; x_wconf 87' lang='lat' dir='ltr'><strong>eorum</strong></span> <span class='ocrx_word' id='word_1_95' title='bbox 296 1097 571 1136; x_wconf 69' lang='lat' dir='ltr'><strong>progreSSUS,</strong></span> <span class='ocrx_word' id='word_1_96' title='bbox 592 1096 689 1122; x_wconf 92' lang='lat' dir='ltr'><strong>cum</strong></span> <span class='ocrx_word' id='word_1_97' title='bbox 711 1084 752 1122; x_wconf 91' lang='lat' dir='ltr'><strong>in</strong></span> <span class='ocrx_word' id='word_1_98' title='bbox 775 1082 944 1133; x_wconf 87' lang='lat' dir='ltr'><strong>studijs,</strong></span> <span class='ocrx_word' id='word_1_99' title='bbox 969 1090 1059 1122; x_wconf 91' lang='lat' dir='ltr'><strong>tum</strong></span> <span class='ocrx_word' id='word_1_100' title='bbox 1080 1083 1352 1134; x_wconf 87' lang='lat' dir='ltr'><strong>potissimum</strong></span> <span class='ocrx_word' id='word_1_101' title='bbox 1374 1084 1415 1122; x_wconf 93' lang='lat' dir='ltr'><strong>in</strong></span> <span class='ocrx_word' id='word_1_102' title='bbox 1437 1083 1616 1135; x_wconf 87' lang='lat' dir='ltr'><strong>pietate.</strong></span> <span class='ocrx_word' id='word_1_103' title='bbox 1642 1084 1750 1123; x_wconf 84' lang='lat' dir='ltr'><strong>Sunt</strong></span> 
     </span>
     <span class='ocr_line' id='line_1_13' title="bbox 122 1154 1749 1207; baseline -0.002 -12"><span class='ocrx_word' id='word_1_104' title='bbox 122 1169 175 1194; x_wconf 79' lang='lat' dir='ltr'><strong>ex</strong></span> <span class='ocrx_word' id='word_1_105' title='bbox 199 1157 281 1195; x_wconf 85' lang='lat' dir='ltr'><strong>illis</strong></span> <span class='ocrx_word' id='word_1_106' title='bbox 314 1156 445 1206; x_wconf 88' lang='lat' dir='ltr'><strong>aliqui</strong></span> <span class='ocrx_word' id='word_1_107' title='bbox 468 1156 624 1207; x_wconf 88' lang='lat' dir='ltr'><strong>quibus</strong></span> <span class='ocrx_word' id='word_1_108' title='bbox 646 1154 882 1194; x_wconf 86' lang='lat' dir='ltr'><strong>Societatis</strong></span> <span class='ocrx_word' id='word_1_109' title='bbox 912 1167 963 1193; x_wconf 87' lang='lat' dir='ltr'><strong>ac</strong></span> <span class='ocrx_word' id='word_1_110' title='bbox 997 1155 1183 1193; x_wconf 88' lang='lat' dir='ltr'><strong>instituti</strong></span> <span class='ocrx_word' id='word_1_111' title='bbox 1216 1156 1353 1193; x_wconf 87' lang='lat' dir='ltr'><strong>nostri</strong></span> <span class='ocrx_word' id='word_1_112' title='bbox 1388 1155 1498 1193; x_wconf 88' lang='lat' dir='ltr'><strong>ratio</strong></span> <span class='ocrx_word' id='word_1_113' title='bbox 1520 1155 1749 1206; x_wconf 89' lang='lat' dir='ltr'><strong>plurimum</strong></span> 
     </span>
     <span class='ocr_line' id='line_1_14' title="bbox 121 1226 1749 1279; baseline -0.001 -13"><span class='ocrx_word' id='word_1_114' title='bbox 121 1228 347 1279; x_wconf 85' lang='lat' dir='ltr'><strong>probetur,</strong></span> <span class='ocrx_word' id='word_1_115' title='bbox 372 1226 425 1266; x_wconf 88' lang='lat' dir='ltr'><strong>ad</strong></span> <span class='ocrx_word' id='word_1_116' title='bbox 448 1239 633 1278; x_wconf 89' lang='lat' dir='ltr'><strong>eamque</strong></span> <span class='ocrx_word' id='word_1_117' title='bbox 664 1227 855 1277; x_wconf 89' lang='lat' dir='ltr'><strong>aspirare</strong></span> <span class='ocrx_word' id='word_1_118' title='bbox 878 1227 962 1265; x_wconf 88' lang='lat' dir='ltr'><strong>iam</strong></span> <span class='ocrx_word' id='word_1_119' title='bbox 985 1239 1009 1264; x_wconf 90' lang='lat' dir='ltr'><strong>a</strong></span> <span class='ocrx_word' id='word_1_120' title='bbox 1029 1226 1238 1278; x_wconf 91' lang='lat' dir='ltr'><strong>principio</strong></span> <span class='ocrx_word' id='word_1_121' title='bbox 1262 1228 1505 1278; x_wconf 87' lang='lat' dir='ltr'><strong>coeperint,</strong></span> <span class='ocrx_word' id='word_1_122' title='bbox 1530 1239 1655 1278; x_wconf 88' lang='lat' dir='ltr'><strong>quam</strong></span> <span class='ocrx_word' id='word_1_123' title='bbox 1684 1240 1749 1264; x_wconf 91' lang='lat' dir='ltr'><strong>se-</strong></span> 
     </span>
     <span class='ocr_line' id='line_1_15' title="bbox 121 1297 1750 1350; baseline -0.001 -13"><span class='ocrx_word' id='word_1_124' title='bbox 121 1299 292 1350; x_wconf 87' lang='lat' dir='ltr'><strong>quimur</strong></span> <span class='ocrx_word' id='word_1_125' title='bbox 313 1298 599 1349; x_wconf 88' lang='lat' dir='ltr'><strong>perfectionis</strong></span> <span class='ocrx_word' id='word_1_126' title='bbox 620 1310 829 1336; x_wconf 87' lang='lat' dir='ltr'><strong>normam.</strong></span> <span class='ocrx_word' id='word_1_127' title='bbox 855 1298 972 1336; x_wconf 89' lang='lat' dir='ltr'><strong>Inter</strong></span> <span class='ocrx_word' id='word_1_128' title='bbox 994 1297 1100 1336; x_wconf 85' lang='lat' dir='ltr'><strong>alios</strong></span> <span class='ocrx_word' id='word_1_129' title='bbox 1123 1310 1357 1349; x_wconf 83' lang='lat' dir='ltr'><strong>germanos</strong></span> <span class='ocrx_word' id='word_1_130' title='bbox 1378 1299 1450 1349; x_wconf 86' lang='lat' dir='ltr'><strong>qui</strong></span> <span class='ocrx_word' id='word_1_131' title='bbox 1470 1299 1556 1337; x_wconf 90' lang='lat' dir='ltr'><strong>hoc</strong></span> <span class='ocrx_word' id='word_1_132' title='bbox 1576 1298 1750 1350; x_wconf 89' lang='lat' dir='ltr'><strong>pietatis</strong></span> 
     </span>
     <span class='ocr_line' id='line_1_16' title="bbox 123 1370 1750 1423; baseline -0.001 -13"><span class='ocrx_word' id='word_1_133' title='bbox 123 1384 262 1422; x_wconf 81' lang='lat' dir='ltr'><strong>genus</strong></span> <span class='ocrx_word' id='word_1_134' title='bbox 284 1384 335 1410; x_wconf 87' lang='lat' dir='ltr'><strong>ac</strong></span> <span class='ocrx_word' id='word_1_135' title='bbox 366 1370 556 1409; x_wconf 90' lang='lat' dir='ltr'><strong>studium</strong></span> <span class='ocrx_word' id='word_1_136' title='bbox 586 1383 664 1421; x_wconf 90' lang='lat' dir='ltr'><strong>pro</strong></span> <span class='ocrx_word' id='word_1_137' title='bbox 696 1371 806 1409; x_wconf 90' lang='lat' dir='ltr'><strong>uirili</strong></span> <span class='ocrx_word' id='word_1_138' title='bbox 836 1375 959 1423; x_wconf 90' lang='lat' dir='ltr'><strong>parte</strong></span> <span class='ocrx_word' id='word_1_139' title='bbox 990 1376 1267 1421; x_wconf 90' lang='lat' dir='ltr'><strong>promouent,</strong></span> <span class='ocrx_word' id='word_1_140' title='bbox 1307 1377 1374 1410; x_wconf 91' lang='lat' dir='ltr'><strong>est</strong></span> <span class='ocrx_word' id='word_1_141' title='bbox 1405 1372 1640 1411; x_wconf 86' lang='lat' dir='ltr'><strong>canonicus</strong></span> <span class='ocrx_word' id='word_1_142' title='bbox 1661 1371 1750 1423; x_wconf 86' lang='lat' dir='ltr'><strong>qui-</strong></span> 
     </span>
     <span class='ocr_line' id='line_1_17' title="bbox 123 1442 1751 1495; baseline 0 -13"><span class='ocrx_word' id='word_1_143' title='bbox 123 1443 235 1490; x_wconf 87' lang='lat' dir='ltr'><strong>dam,</strong></span> <span class='ocrx_word' id='word_1_144' title='bbox 261 1448 305 1482; x_wconf 89' lang='lat' dir='ltr'><strong>et</strong></span> <span class='ocrx_word' id='word_1_145' title='bbox 335 1442 593 1494; x_wconf 85' lang='lat' dir='ltr'><strong>antiquitate</strong></span> <span class='ocrx_word' id='word_1_146' title='bbox 625 1442 742 1490; x_wconf 90' lang='lat' dir='ltr'><strong>fidei,</strong></span> <span class='ocrx_word' id='word_1_147' title='bbox 777 1448 820 1481; x_wconf 90' lang='lat' dir='ltr'><strong>et</strong></span> <span class='ocrx_word' id='word_1_148' title='bbox 851 1444 968 1481; x_wconf 89' lang='lat' dir='ltr'><strong>uitae</strong></span> <span class='ocrx_word' id='word_1_149' title='bbox 1000 1444 1256 1482; x_wconf 89' lang='lat' dir='ltr'><strong>castimonia</strong></span> <span class='ocrx_word' id='word_1_150' title='bbox 1285 1444 1398 1495; x_wconf 88' lang='lat' dir='ltr'><strong>apud</strong></span> <span class='ocrx_word' id='word_1_151' title='bbox 1430 1456 1581 1482; x_wconf 84' lang='lat' dir='ltr'><strong>omnes</strong></span> <span class='ocrx_word' id='word_1_152' title='bbox 1611 1445 1751 1482; x_wconf 90' lang='lat' dir='ltr'><strong>bonos</strong></span> 
     </span>
     <span class='ocr_line' id='line_1_18' title="bbox 124 1511 1750 1565; baseline 0 -12"><span class='ocrx_word' id='word_1_153' title='bbox 124 1515 387 1565; x_wconf 86' lang='lat' dir='ltr'><strong>praeclarus,</strong></span> <span class='ocrx_word' id='word_1_154' title='bbox 413 1515 468 1552; x_wconf 89' lang='lat' dir='ltr'><strong>M.</strong></span> <span class='ocrx_word' id='word_1_155' title='bbox 492 1514 752 1552; x_wconf 88' lang='lat' dir='ltr'><strong>Laurentius</strong></span> <span class='ocrx_word' id='word_1_156' title='bbox 786 1515 979 1561; x_wconf 78' lang='lat' dir='ltr'><strong>nomine3</strong></span> <span class='ocrx_word' id='word_1_157' title='bbox 1002 1514 1036 1552; x_wconf 87' lang='lat' dir='ltr'><strong>is</strong></span> <span class='ocrx_word' id='word_1_158' title='bbox 1057 1520 1231 1565; x_wconf 90' lang='lat' dir='ltr'><strong>praeter</strong></span> <span class='ocrx_word' id='word_1_159' title='bbox 1254 1511 1463 1553; x_wconf 86' lang='lat' dir='ltr'><strong>summam</strong></span> <span class='ocrx_word' id='word_1_160' title='bbox 1485 1516 1750 1554; x_wconf 88' lang='lat' dir='ltr'><strong>florenorum</strong></span> 
     </span>
     <span class='ocr_line' id='line_1_19' title="bbox 125 1585 1749 1638; baseline -0.001 -13"><span class='ocrx_word' id='word_1_161' title='bbox 125 1587 416 1625; x_wconf 84' lang='lat' dir='ltr'><strong>ducentorum</strong></span> <span class='ocrx_word' id='word_1_162' title='bbox 439 1599 566 1638; x_wconf 88' lang='lat' dir='ltr'><strong>quam</strong></span> <span class='ocrx_word' id='word_1_163' title='bbox 589 1586 630 1624; x_wconf 94' lang='lat' dir='ltr'><strong>in</strong></span> <span class='ocrx_word' id='word_1_164' title='bbox 662 1599 785 1624; x_wconf 87' lang='lat' dir='ltr'><strong>usum</strong></span> <span class='ocrx_word' id='word_1_165' title='bbox 808 1586 983 1637; x_wconf 83' lang='lat' dir='ltr'><strong>collegij</strong></span> <span class='ocrx_word' id='word_1_166' title='bbox 1007 1586 1130 1624; x_wconf 89' lang='lat' dir='ltr'><strong>istius</strong></span> <span class='ocrx_word' id='word_1_167' title='bbox 1165 1599 1302 1637; x_wconf 87' lang='lat' dir='ltr'><strong>nuper</strong></span> <span class='ocrx_word' id='word_1_168' title='bbox 1325 1586 1559 1634; x_wconf 84' lang='lat' dir='ltr'><strong>conuertit,</strong></span> <span class='ocrx_word' id='word_1_169' title='bbox 1583 1585 1749 1633; x_wconf 87' lang='lat' dir='ltr'><strong>statuit,</strong></span> 
     </span>
     <span class='ocr_line' id='line_1_20' title="bbox 124 1656 1748 1709; baseline 0 -13"><span class='ocrx_word' id='word_1_170' title='bbox 124 1659 242 1708; x_wconf 73' lang='lat' dir='ltr'><strong>quod</strong></span> <span class='ocrx_word' id='word_1_171' title='bbox 258 1656 468 1708; x_wconf 75' lang='lat' dir='ltr'><strong>proxime</strong></span> <span class='ocrx_word' id='word_1_172' title='bbox 499 1656 669 1696; x_wconf 77' lang='lat' dir='ltr'><strong>rectori</strong></span> <span class='ocrx_word' id='word_1_173' title='bbox 703 1658 860 1695; x_wconf 72' lang='lat' dir='ltr'><strong>nostro</strong></span> <span class='ocrx_word' id='word_1_174' title='bbox 890 1656 1195 1708; x_wconf 74' lang='lat' dir='ltr'><strong>significa-uit,</strong></span> <span class='ocrx_word' id='word_1_175' title='bbox 1219 1658 1345 1696; x_wconf 89' lang='lat' dir='ltr'><strong>breui</strong></span> <span class='ocrx_word' id='word_1_176' title='bbox 1377 1658 1520 1696; x_wconf 92' lang='lat' dir='ltr'><strong>eidem</strong></span> <span class='ocrx_word' id='word_1_177' title='bbox 1542 1658 1748 1709; x_wconf 84' lang='lat' dir='ltr'><strong>collegio,</strong></span> 
     </span>
     <span class='ocr_line' id='line_1_21' title="bbox 130 1727 1751 1780; baseline 0 -12"><span class='ocrx_word' id='word_1_178' title='bbox 130 1740 203 1768; x_wconf 91' lang='lat'><strong>100</strong></span> <span class='ocrx_word' id='word_1_179' title='bbox 223 1728 331 1769; x_wconf 89' lang='lat' dir='ltr'><strong>alios</strong></span> <span class='ocrx_word' id='word_1_180' title='bbox 354 1728 592 1779; x_wconf 87' lang='lat' dir='ltr'><strong>assignare,</strong></span> <span class='ocrx_word' id='word_1_181' title='bbox 618 1730 666 1766; x_wconf 74' lang='lat' dir='ltr'><strong>ut</strong></span> <span class='ocrx_word' id='word_1_182' title='bbox 697 1728 903 1779; x_wconf 72' lang='lat' dir='ltr'><strong>perpetui</strong></span> <span class='ocrx_word' id='word_1_183' title='bbox 935 1727 1035 1766; x_wconf 79' lang='lat' dir='ltr'><strong>inde</strong></span> <span class='ocrx_word' id='word_1_184' title='bbox 1067 1728 1181 1766; x_wconf 76' lang='lat' dir='ltr'><strong>anni</strong></span> <span class='ocrx_word' id='word_1_185' title='bbox 1209 1741 1366 1768; x_wconf 79' lang='lat' dir='ltr'><strong>census</strong></span> <span class='ocrx_word' id='word_1_186' title='bbox 1395 1731 1622 1768; x_wconf 74' lang='lat' dir='ltr'><strong>emantur.</strong></span> <span class='ocrx_word' id='word_1_187' title='bbox 1646 1730 1751 1780; x_wconf 88' lang='lat' dir='ltr'><strong>Spe-</strong></span> 
     </span>
     <span class='ocr_line' id='line_1_22' title="bbox 125 1800 1752 1851; baseline 0.001 -12"><span class='ocrx_word' id='word_1_188' title='bbox 125 1813 269 1839; x_wconf 85' lang='lat' dir='ltr'><strong>ramus</strong></span> <span class='ocrx_word' id='word_1_189' title='bbox 291 1800 332 1839; x_wconf 90' lang='lat' dir='ltr'><strong>in</strong></span> <span class='ocrx_word' id='word_1_190' title='bbox 368 1800 555 1838; x_wconf 90' lang='lat' dir='ltr'><strong>Domino</strong></span> <span class='ocrx_word' id='word_1_191' title='bbox 577 1800 724 1850; x_wconf 88' lang='lat' dir='ltr'><strong>plures</strong></span> <span class='ocrx_word' id='word_1_192' title='bbox 755 1800 862 1838; x_wconf 90' lang='lat' dir='ltr'><strong>alios</strong></span> <span class='ocrx_word' id='word_1_193' title='bbox 892 1800 1046 1838; x_wconf 88' lang='lat' dir='ltr'><strong>horum</strong></span> <span class='ocrx_word' id='word_1_194' title='bbox 1080 1800 1284 1851; x_wconf 87' lang='lat' dir='ltr'><strong>exemplo</strong></span> <span class='ocrx_word' id='word_1_195' title='bbox 1318 1813 1530 1840; x_wconf 87' lang='lat' dir='ltr'><strong>accensos</strong></span> <span class='ocrx_word' id='word_1_196' title='bbox 1562 1807 1605 1840; x_wconf 87' lang='lat' dir='ltr'><strong>et</strong></span> <span class='ocrx_word' id='word_1_197' title='bbox 1636 1813 1752 1840; x_wconf 87' lang='lat' dir='ltr'><strong>corn-</strong></span> 
     </span>
     <span class='ocr_line' id='line_1_23' title="bbox 125 1870 1450 1923; baseline -0.002 -12"><span class='ocrx_word' id='word_1_198' title='bbox 125 1877 286 1919; x_wconf 84' lang='lat' dir='ltr'><strong>motos,</strong></span> <span class='ocrx_word' id='word_1_199' title='bbox 310 1871 448 1922; x_wconf 87' lang='lat' dir='ltr'><strong>magis</strong></span> <span class='ocrx_word' id='word_1_200' title='bbox 469 1870 510 1908; x_wconf 89' lang='lat' dir='ltr'><strong>in</strong></span> <span class='ocrx_word' id='word_1_201' title='bbox 531 1871 737 1909; x_wconf 85' lang='lat' dir='ltr'><strong>auxilium</strong></span> <span class='ocrx_word' id='word_1_202' title='bbox 760 1871 886 1909; x_wconf 90' lang='lat' dir='ltr'><strong>huius</strong></span> <span class='ocrx_word' id='word_1_203' title='bbox 909 1872 1083 1923; x_wconf 80' lang='lat' dir='ltr'><strong>collegij</strong></span> <span class='ocrx_word' id='word_1_204' title='bbox 1109 1871 1450 1923; x_wconf 80' lang='lat' dir='ltr'><strong>conspiraturos.</strong></span> 
     </span>
    </p>

    <p class='ocr_par' dir='ltr' id='par_1_4' title="bbox 125 1942 1755 2421">
     <span class='ocr_line' id='line_1_24' title="bbox 182 1942 1752 1994; baseline -0.001 -12"><span class='ocrx_word' id='word_1_205' title='bbox 182 1953 241 1991; x_wconf 85' lang='lat'><strong>13.</strong></span> <span class='ocrx_word' id='word_1_206' title='bbox 302 1942 597 1982; x_wconf 86' lang='lat' dir='ltr'><strong>Conuictores</strong></span> <span class='ocrx_word' id='word_1_207' title='bbox 618 1948 851 1993; x_wconf 86' lang='lat' dir='ltr'><strong>praeterea</strong></span> <span class='ocrx_word' id='word_1_208' title='bbox 872 1944 1025 1993; x_wconf 89' lang='lat' dir='ltr'><strong>reliqui</strong></span> <span class='ocrx_word' id='word_1_209' title='bbox 1048 1944 1193 1982; x_wconf 90' lang='lat' dir='ltr'><strong>multis</strong></span> <span class='ocrx_word' id='word_1_210' title='bbox 1214 1943 1390 1994; x_wconf 89' lang='lat' dir='ltr'><strong>quidem</strong></span> <span class='ocrx_word' id='word_1_211' title='bbox 1419 1942 1559 1981; x_wconf 87' lang='lat' dir='ltr'><strong>modis</strong></span> <span class='ocrx_word' id='word_1_212' title='bbox 1581 1956 1632 1982; x_wconf 90' lang='lat' dir='ltr'><strong>ac</strong></span> <span class='ocrx_word' id='word_1_213' title='bbox 1652 1943 1752 1982; x_wconf 91' lang='lat' dir='ltr'><strong>loco</strong></span> 
     </span>
     <span class='ocr_line' id='line_1_25' title="bbox 125 2013 1753 2065; baseline -0.001 -13"><span class='ocrx_word' id='word_1_214' title='bbox 125 2019 222 2053; x_wconf 84' lang='lat' dir='ltr'><strong>sunt</strong></span> <span class='ocrx_word' id='word_1_215' title='bbox 244 2027 269 2053; x_wconf 90' lang='lat' dir='ltr'><strong>a</strong></span> <span class='ocrx_word' id='word_1_216' title='bbox 288 2013 651 2065; x_wconf 88' lang='lat' dir='ltr'><strong>praememoratis</strong></span> <span class='ocrx_word' id='word_1_217' title='bbox 674 2014 975 2065; x_wconf 84' lang='lat' dir='ltr'><strong>collegialibus</strong></span> <span class='ocrx_word' id='word_1_218' title='bbox 998 2015 1198 2062; x_wconf 87' lang='lat' dir='ltr'><strong>seiuncti,</strong></span> <span class='ocrx_word' id='word_1_219' title='bbox 1222 2013 1540 2065; x_wconf 89' lang='lat' dir='ltr'><strong>plurimumque</strong></span> <span class='ocrx_word' id='word_1_220' title='bbox 1562 2013 1628 2063; x_wconf 92' lang='lat' dir='ltr'><strong>(ut</strong></span> <span class='ocrx_word' id='word_1_221' title='bbox 1655 2019 1753 2052; x_wconf 81' lang='lat' dir='ltr'><strong>sunt</strong></span> 
     </span>
     <span class='ocr_line' id='line_1_26' title="bbox 126 2084 1753 2136; baseline -0.001 -12"><span class='ocrx_word' id='word_1_222' title='bbox 126 2086 280 2124; x_wconf 88' lang='lat' dir='ltr'><strong>horum</strong></span> <span class='ocrx_word' id='word_1_223' title='bbox 302 2091 549 2135; x_wconf 90' lang='lat' dir='ltr'><strong>temporum</strong></span> <span class='ocrx_word' id='word_1_224' title='bbox 571 2085 751 2134; x_wconf 88' lang='lat' dir='ltr'><strong>mores),</strong></span> <span class='ocrx_word' id='word_1_225' title='bbox 775 2089 865 2122; x_wconf 91' lang='lat' dir='ltr'><strong>tum</strong></span> <span class='ocrx_word' id='word_1_226' title='bbox 889 2086 929 2122; x_wconf 90' lang='lat' dir='ltr'><strong>in</strong></span> <span class='ocrx_word' id='word_1_227' title='bbox 965 2085 1117 2136; x_wconf 91' lang='lat' dir='ltr'><strong>spiritu</strong></span> <span class='ocrx_word' id='word_1_228' title='bbox 1138 2090 1229 2124; x_wconf 90' lang='lat' dir='ltr'><strong>tum</strong></span> <span class='ocrx_word' id='word_1_229' title='bbox 1252 2086 1293 2123; x_wconf 90' lang='lat' dir='ltr'><strong>in</strong></span> <span class='ocrx_word' id='word_1_230' title='bbox 1321 2084 1447 2123; x_wconf 88' lang='lat' dir='ltr'><strong>bonis</strong></span> <span class='ocrx_word' id='word_1_231' title='bbox 1468 2084 1604 2123; x_wconf 91' lang='lat' dir='ltr'><strong>literis</strong></span> <span class='ocrx_word' id='word_1_232' title='bbox 1626 2085 1753 2136; x_wconf 89' lang='lat' dir='ltr'><strong>profi-</strong></span> 
     </span>
     <span class='ocr_line' id='line_1_27' title="bbox 126 2156 1755 2207; baseline -0.001 -11"><span class='ocrx_word' id='word_1_233' title='bbox 126 2158 258 2196; x_wconf 88' lang='lat' dir='ltr'><strong>ciunt.</strong></span> <span class='ocrx_word' id='word_1_234' title='bbox 292 2157 486 2195; x_wconf 91' lang='lat' dir='ltr'><strong>Numero</strong></span> <span class='ocrx_word' id='word_1_235' title='bbox 508 2157 579 2195; x_wconf 89' lang='lat' dir='ltr'><strong>isti</strong></span> <span class='ocrx_word' id='word_1_236' title='bbox 610 2161 708 2195; x_wconf 90' lang='lat' dir='ltr'><strong>sunt</strong></span> <span class='ocrx_word' id='word_1_237' title='bbox 738 2156 963 2194; x_wconf 88' lang='lat' dir='ltr'><strong>sexdecim</strong></span> <span class='ocrx_word' id='word_1_238' title='bbox 985 2163 1017 2204; x_wconf 79' lang='lat'><strong>⁰,</strong></span> <span class='ocrx_word' id='word_1_239' title='bbox 1041 2169 1224 2207; x_wconf 90' lang='lat' dir='ltr'><strong>quorum</strong></span> <span class='ocrx_word' id='word_1_240' title='bbox 1247 2157 1363 2196; x_wconf 90' lang='lat' dir='ltr'><strong>bona</strong></span> <span class='ocrx_word' id='word_1_241' title='bbox 1382 2169 1480 2207; x_wconf 86' lang='lat' dir='ltr'><strong>pars</strong></span> <span class='ocrx_word' id='word_1_242' title='bbox 1502 2169 1526 2195; x_wconf 88' lang='lat' dir='ltr'><strong>a</strong></span> <span class='ocrx_word' id='word_1_243' title='bbox 1548 2168 1755 2195; x_wconf 89' lang='lat' dir='ltr'><strong>caesarea</strong></span> 
     </span>
     <span class='ocr_line' id='line_1_28' title="bbox 125 2228 1753 2278; baseline -0.001 -11"><span class='ocrx_word' id='word_1_244' title='bbox 125 2229 355 2268; x_wconf 89' lang='lat' dir='ltr'><strong>maiestate</strong></span> <span class='ocrx_word' id='word_1_245' title='bbox 387 2229 625 2267; x_wconf 87' lang='lat' dir='ltr'><strong>liberaliter</strong></span> <span class='ocrx_word' id='word_1_246' title='bbox 659 2233 943 2266; x_wconf 87' lang='lat' dir='ltr'><strong>sustentatur.</strong></span> <span class='ocrx_word' id='word_1_247' title='bbox 969 2230 1166 2278; x_wconf 87' lang='lat' dir='ltr'><strong>Suntque</strong></span> <span class='ocrx_word' id='word_1_248' title='bbox 1199 2241 1253 2266; x_wconf 84' lang='lat' dir='ltr'><strong>ex</strong></span> <span class='ocrx_word' id='word_1_249' title='bbox 1276 2228 1358 2266; x_wconf 91' lang='lat' dir='ltr'><strong>illis</strong></span> <span class='ocrx_word' id='word_1_250' title='bbox 1390 2228 1656 2274; x_wconf 82' lang='lat' dir='ltr'><strong>cantoribus,</strong></span> <span class='ocrx_word' id='word_1_251' title='bbox 1681 2228 1753 2278; x_wconf 91' lang='lat' dir='ltr'><strong>qui</strong></span> 
     </span>
     <span class='ocr_line' id='line_1_29' title="bbox 127 2299 1754 2351; baseline -0.001 -12"><span class='ocrx_word' id='word_1_252' title='bbox 127 2313 181 2338; x_wconf 84' lang='lat' dir='ltr'><strong>ex</strong></span> <span class='ocrx_word' id='word_1_253' title='bbox 204 2313 412 2339; x_wconf 89' lang='lat' dir='ltr'><strong>caesareo</strong></span> <span class='ocrx_word' id='word_1_254' title='bbox 445 2299 623 2347; x_wconf 89' lang='lat' dir='ltr'><strong>sacello,</strong></span> <span class='ocrx_word' id='word_1_255' title='bbox 647 2312 775 2350; x_wconf 89' lang='lat' dir='ltr'><strong>quam</strong></span> <span class='ocrx_word' id='word_1_256' title='bbox 804 2300 988 2350; x_wconf 89' lang='lat' dir='ltr'><strong>primurn</strong></span> <span class='ocrx_word' id='word_1_257' title='bbox 1020 2312 1177 2338; x_wconf 88' lang='lat' dir='ltr'><strong>uocem</strong></span> <span class='ocrx_word' id='word_1_258' title='bbox 1207 2304 1389 2347; x_wconf 89' lang='lat' dir='ltr'><strong>mutant,</strong></span> <span class='ocrx_word' id='word_1_259' title='bbox 1422 2299 1475 2338; x_wconf 93' lang='lat' dir='ltr'><strong>ad</strong></span> <span class='ocrx_word' id='word_1_260' title='bbox 1507 2300 1649 2338; x_wconf 86' lang='lat' dir='ltr'><strong>studia</strong></span> <span class='ocrx_word' id='word_1_261' title='bbox 1677 2313 1754 2351; x_wconf 86' lang='lat' dir='ltr'><strong>per</strong></span> 
     </span>
     <span class='ocr_line' id='line_1_30' title="bbox 126 2370 1754 2421; baseline 0.001 -11"><span class='ocrx_word' id='word_1_262' title='bbox 126 2372 372 2419; x_wconf 84' lang='lat' dir='ltr'><strong>triennium,</strong></span> <span class='ocrx_word' id='word_1_263' title='bbox 396 2372 514 2410; x_wconf 90' lang='lat' dir='ltr'><strong>iussu</strong></span> <span class='ocrx_word' id='word_1_264' title='bbox 546 2371 735 2410; x_wconf 88' lang='lat' dir='ltr'><strong>caesaris</strong></span> <span class='ocrx_word' id='word_1_265' title='bbox 753 2370 1083 2421; x_wconf 73' lang='lat' dir='ltr'><strong>permittuntur.</strong></span> <span class='ocrx_word' id='word_1_266' title='bbox 1110 2371 1297 2410; x_wconf 83' lang='lat' dir='ltr'><strong>Auctum</strong></span> <span class='ocrx_word' id='word_1_267' title='bbox 1331 2377 1397 2410; x_wconf 89' lang='lat' dir='ltr'><strong>est</strong></span> <span class='ocrx_word' id='word_1_268' title='bbox 1427 2373 1583 2411; x_wconf 89' lang='lat' dir='ltr'><strong>horum</strong></span> <span class='ocrx_word' id='word_1_269' title='bbox 1613 2372 1754 2411; x_wconf 85' lang='lat' dir='ltr'><strong>unius-</strong></span> 
     </span>
    </p>
   </div>
   <div class='ocr_carea' id='block_1_3' title="bbox 176 2548 1680 2596">
    <p class='ocr_par' dir='ltr' id='par_1_5' title="bbox 176 2548 1680 2596">
     <span class='ocr_line' id='line_1_31' title="bbox 176 2548 1680 2596; baseline 0.001 -10"><span class='ocrx_word' id='word_1_270' title='bbox 176 2549 194 2568; x_wconf 74' lang='lat' dir='ltr'><strong>a</strong></span> <span class='ocrx_word' id='word_1_271' title='bbox 244 2549 350 2596; x_wconf 94' lang='lat' dir='ltr'><strong>quod</strong></span> <span class='ocrx_word' id='word_1_272' title='bbox 369 2549 526 2586; x_wconf 85' lang='lat' dir='ltr'><strong>attinet.</strong></span> <span class='ocrx_word' id='word_1_273' title='bbox 579 2550 645 2574; x_wconf 79' lang='lat' dir='ltr'><strong>—b</strong></span> <span class='ocrx_word' id='word_1_274' title='bbox 666 2548 772 2586; x_wconf 79' lang='lat' dir='ltr'><strong>sacta</strong></span> <span class='ocrx_word' id='word_1_275' title='bbox 792 2554 896 2585; x_wconf 87' lang='lat' dir='ltr'><strong>est...</strong></span> <span class='ocrx_word' id='word_1_276' title='bbox 919 2548 1080 2585; x_wconf 82' lang='lat' dir='ltr'><strong>mentio.</strong></span> <span class='ocrx_word' id='word_1_277' title='bbox 1137 2556 1199 2575; x_wconf 79' lang='lat'><strong>—0</strong></span> <span class='ocrx_word' id='word_1_278' title='bbox 1221 2549 1405 2587; x_wconf 83' lang='lat' dir='ltr'><strong>Emend.</strong></span> <span class='ocrx_word' id='word_1_279' title='bbox 1424 2560 1474 2588; x_wconf 86' lang='lat' dir='ltr'><strong>ex</strong></span> <span class='ocrx_word' id='word_1_280' title='bbox 1492 2551 1680 2588; x_wconf 89' lang='lat' dir='ltr'><strong>sedecim.</strong></span> 
     </span>
    </p>
   </div>
   <div class='ocr_carea' id='block_1_4' title="bbox 128 2718 1754 3113">
    <p class='ocr_par' dir='ltr' id='par_1_6' title="bbox 129 2718 1754 2815">
     <span class='ocr_line' id='line_1_32' title="bbox 196 2718 1754 2765; baseline 0.002 -10"><span class='ocrx_word' id='word_1_281' title='bbox 196 2718 442 2756; x_wconf 88' lang='lat' dir='ltr'><strong>Benedictus</strong></span> <span class='ocrx_word' id='word_1_282' title='bbox 460 2718 569 2755; x_wconf 77' lang='lat' dir='ltr'><strong>Z&#39;ach</strong></span> <span class='ocrx_word' id='word_1_283' title='bbox 588 2718 764 2755; x_wconf 89' lang='lat' dir='ltr'><strong>nondum</strong></span> <span class='ocrx_word' id='word_1_284' title='bbox 784 2731 973 2765; x_wconf 85' lang='lat' dir='ltr'><strong>egressus</strong></span> <span class='ocrx_word' id='word_1_285' title='bbox 991 2718 1036 2754; x_wconf 77' lang='lat'><strong>24</strong></span> <span class='ocrx_word' id='word_1_286' title='bbox 1066 2730 1229 2763; x_wconf 84' lang='lat' dir='ltr'><strong>annum,</strong></span> <span class='ocrx_word' id='word_1_287' title='bbox 1259 2724 1352 2756; x_wconf 84' lang='lat' dir='ltr'><strong>ante</strong></span> <span class='ocrx_word' id='word_1_288' title='bbox 1380 2724 1462 2756; x_wconf 84' lang='lat' dir='ltr'><strong>tres</strong></span> <span class='ocrx_word' id='word_1_289' title='bbox 1491 2733 1652 2757; x_wconf 90' lang='lat' dir='ltr'><strong>menses</strong></span> <span class='ocrx_word' id='word_1_290' title='bbox 1684 2721 1754 2758; x_wconf 82' lang='lat' dir='ltr'><strong>So-</strong></span> 
     </span>
     <span class='ocr_line' id='line_1_33' title="bbox 129 2778 579 2815; baseline -0.004 0"><span class='ocrx_word' id='word_1_291' title='bbox 129 2778 266 2815; x_wconf 89' lang='lat' dir='ltr'><strong>cietati</strong></span> <span class='ocrx_word' id='word_1_292' title='bbox 286 2783 346 2815; x_wconf 90' lang='lat' dir='ltr'><strong>est</strong></span> <span class='ocrx_word' id='word_1_293' title='bbox 365 2778 579 2815; x_wconf 86' lang='lat' dir='ltr'><strong>donatus...</strong></span> 
     </span>
    </p>

    <p class='ocr_par' dir='ltr' id='par_1_7' title="bbox 128 2836 1753 3004">
     <span class='ocr_line' id='line_1_34' title="bbox 198 2836 1753 2884; baseline 0.001 -10"><span class='ocrx_word' id='word_1_294' title='bbox 198 2836 440 2874; x_wconf 87' lang='lat' dir='ltr'><strong>Franciscus</strong></span> <span class='ocrx_word' id='word_1_295' title='bbox 461 2837 654 2884; x_wconf 85' lang='lat' dir='ltr'><strong>Vngarus</strong></span> <span class='ocrx_word' id='word_1_296' title='bbox 673 2838 930 2884; x_wconf 86' lang='lat' dir='ltr'><strong>septennium</strong></span> <span class='ocrx_word' id='word_1_297' title='bbox 950 2837 1249 2875; x_wconf 88' lang='lat' dir='ltr'><strong>adolescentiae</strong></span> <span class='ocrx_word' id='word_1_298' title='bbox 1275 2838 1460 2884; x_wconf 89' lang='lat' dir='ltr'><strong>quamuis</strong></span> <span class='ocrx_word' id='word_1_299' title='bbox 1487 2839 1662 2875; x_wconf 89' lang='lat' dir='ltr'><strong>nondum</strong></span> <span class='ocrx_word' id='word_1_300' title='bbox 1690 2852 1753 2876; x_wconf 85' lang='lat' dir='ltr'><strong>ex-</strong></span> 
     </span>
     <span class='ocr_line' id='line_1_35' title="bbox 128 2896 1751 2943; baseline 0.001 -10"><span class='ocrx_word' id='word_1_301' title='bbox 128 2897 316 2943; x_wconf 89' lang='lat' dir='ltr'><strong>pleuerit,</strong></span> <span class='ocrx_word' id='word_1_302' title='bbox 344 2897 472 2933; x_wconf 87' lang='lat' dir='ltr'><strong>tribus</strong></span> <span class='ocrx_word' id='word_1_303' title='bbox 503 2902 639 2933; x_wconf 86' lang='lat' dir='ltr'><strong>tamen</strong></span> <span class='ocrx_word' id='word_1_304' title='bbox 657 2896 802 2933; x_wconf 84' lang='lat' dir='ltr'><strong>abhinc</strong></span> <span class='ocrx_word' id='word_1_305' title='bbox 822 2897 1027 2934; x_wconf 88' lang='lat' dir='ltr'><strong>mensibus</strong></span> <span class='ocrx_word' id='word_1_306' title='bbox 1046 2897 1096 2933; x_wconf 91' lang='lat' dir='ltr'><strong>ad</strong></span> <span class='ocrx_word' id='word_1_307' title='bbox 1114 2909 1186 2934; x_wconf 92' lang='lat' dir='ltr'><strong>nos</strong></span> <span class='ocrx_word' id='word_1_308' title='bbox 1204 2898 1424 2934; x_wconf 87' lang='lat' dir='ltr'><strong>conuolans</strong></span> <span class='ocrx_word' id='word_1_309' title='bbox 1443 2897 1751 2942; x_wconf 80' lang='lat' dir='ltr'><strong>humillioribus,</strong></span> 
     </span>
     <span class='ocr_line' id='line_1_36' title="bbox 129 2955 1302 3004; baseline 0 -11"><span class='ocrx_word' id='word_1_310' title='bbox 129 2955 366 3002; x_wconf 78' lang='lat' dir='ltr'><strong>experiundi</strong></span> <span class='ocrx_word' id='word_1_311' title='bbox 385 2955 471 2992; x_wconf 88' lang='lat' dir='ltr'><strong>eius</strong></span> <span class='ocrx_word' id='word_1_312' title='bbox 490 2956 613 2993; x_wconf 87' lang='lat' dir='ltr'><strong>animi</strong></span> <span class='ocrx_word' id='word_1_313' title='bbox 632 2968 768 3000; x_wconf 89' lang='lat' dir='ltr'><strong>causa,</strong></span> <span class='ocrx_word' id='word_1_314' title='bbox 789 2956 829 2993; x_wconf 89' lang='lat' dir='ltr'><strong>in</strong></span> <span class='ocrx_word' id='word_1_315' title='bbox 849 2956 1051 3004; x_wconf 80' lang='lat' dir='ltr'><strong>exereitijs</strong></span> <span class='ocrx_word' id='word_1_316' title='bbox 1071 2961 1302 2994; x_wconf 89' lang='lat' dir='ltr'><strong>versatur...</strong></span> 
     </span>
    </p>

    <p class='ocr_par' dir='ltr' id='par_1_8' title="bbox 129 3013 1752 3113">
     <span class='ocr_line' id='line_1_37' title="bbox 199 3013 1752 3063; baseline 0.001 -11"><span class='ocrx_word' id='word_1_317' title='bbox 199 3013 365 3052; x_wconf 86' lang='lat' dir='ltr'><strong>Marcus</strong></span> <span class='ocrx_word' id='word_1_318' title='bbox 380 3014 429 3052; x_wconf 88' lang='lat' dir='ltr'><strong>de</strong></span> <span class='ocrx_word' id='word_1_319' title='bbox 449 3015 588 3053; x_wconf 87' lang='lat' dir='ltr'><strong>Phano</strong></span> <span class='ocrx_word' id='word_1_320' title='bbox 607 3016 743 3057; x_wconf 81' lang='lat' dir='ltr'><strong>italus,</strong></span> <span class='ocrx_word' id='word_1_321' title='bbox 766 3020 884 3053; x_wconf 87' lang='lat' dir='ltr'><strong>natus</strong></span> <span class='ocrx_word' id='word_1_322' title='bbox 902 3015 948 3053; x_wconf 84' lang='lat'><strong>26</strong></span> <span class='ocrx_word' id='word_1_323' title='bbox 966 3028 1092 3053; x_wconf 90' lang='lat' dir='ltr'><strong>annos</strong></span> <span class='ocrx_word' id='word_1_324' title='bbox 1110 3016 1318 3063; x_wconf 81' lang='lat' dir='ltr'><strong>ingressus</strong></span> <span class='ocrx_word' id='word_1_325' title='bbox 1334 3021 1394 3053; x_wconf 90' lang='lat' dir='ltr'><strong>est</strong></span> <span class='ocrx_word' id='word_1_326' title='bbox 1411 3017 1484 3054; x_wconf 89' lang='lat' dir='ltr'><strong>hoc</strong></span> <span class='ocrx_word' id='word_1_327' title='bbox 1499 3028 1604 3054; x_wconf 86' lang='lat' dir='ltr'><strong>anno</strong></span> <span class='ocrx_word' id='word_1_328' title='bbox 1619 3015 1752 3054; x_wconf 84' lang='lat' dir='ltr'><strong>Socie-</strong></span> 
     </span>
     <span class='ocr_line' id='line_1_38' title="bbox 129 3073 848 3113; baseline 0.001 -1"><span class='ocrx_word' id='word_1_329' title='bbox 129 3079 254 3112; x_wconf 86' lang='lat' dir='ltr'><strong>tatem</strong></span> <span class='ocrx_word' id='word_1_330' title='bbox 273 3073 380 3112; x_wconf 89' lang='lat' dir='ltr'><strong>circa</strong></span> <span class='ocrx_word' id='word_1_331' title='bbox 400 3073 549 3112; x_wconf 81' lang='lat' dir='ltr'><strong>festum</strong></span> <span class='ocrx_word' id='word_1_332' title='bbox 568 3074 848 3113; x_wconf 76' lang='lat' dir='ltr'><strong>Trinitatis...»</strong></span> 
     </span>
    </p>
   </div>
  </div>
 </body>
</html>
