2038 3400
610 254 936 294 287.—COLON1A
961 251 1006 290 27
1033 252 1137 299 JULn
1169 251 1258 290 1559
1648 250 1717 289 287

901 490 1009 542 287

536 633 586 680 P.
626 631 970 679 HENRICUS
1005 630 1373 678 DIONYSIUS

673 775 855 804 COLONIA
881 765 927 803 27
949 764 1060 812 JULu
1093 763 1181 801 1559
1210 765 1215 782 ¹

143 889 174 926 1.
201 886 547 938 Discipulorum
567 887 607 925 et
629 884 941 924 convictorum
962 894 1180 922 numerus
1200 879 1475 921 auctus.—2.
1503 881 1766 932 Complures

220 951 491 992 Societatem
514 950 700 1002 ingredi
724 948 967 989 avent.—3.
993 948 1172 987 Novitii
1186 947 1525 999 peregrinandi
1544 947 1767 998 cupidi——

219 1017 260 1057 4.
296 1017 541 1057 Sociorum
571 1015 831 1068 diligentia,
868 1013 1198 1065 occupationes,
1232 1013 1412 1053 Novum
1441 1013 1659 1052 sacellum
1690 1016 1768 1063 pa-

219 1086 388 1123 ratum.
423 1081 549 1123 Socii
580 1083 635 1121 ab
665 1081 864 1121 externis
893 1079 1256 1132 segregant-5.
1288 1078 1395 1130 Spes
1413 1078 1656 1131 fundandi
1682 1080 1768 1119 col-

218 1149 332 1201 legii
353 1147 585 1200 Neomagi
605 1150 644 1188 et
667 1147 837 1187 Leodii.

196 1300 229 1327 Ι.
288 1290 317 1340 †
348 1289 438 1326 Pax
469 1286 585 1327 Chri.
612 1287 761 1326 Monet
783 1285 983 1337 publicae
1006 1284 1203 1325 vtilitatis
1225 1283 1430 1331 studium,
1455 1283 1610 1322 suadet
1633 1283 1770 1322 chari-

141 1367 221 1408 tas,
247 1359 476 1399 extimulat
500 1357 766 1405 obedientia,
793 1358 840 1396 R.
865 1359 930 1405 P.,
956 1364 1002 1396 ut
1023 1370 1134 1408 quae
1156 1368 1233 1408 per
1254 1368 1334 1394 nos
1357 1355 1568 1394 Dominus
1600 1356 1769 1406 operari

139 1430 340 1483 dignatus
364 1436 444 1478 est,
469 1430 523 1469 ad
553 1430 686 1482 ipsius
707 1431 892 1481 gloriam
913 1429 953 1467 in
985 1428 1176 1467 medium
1196 1427 1484 1478 proteramus.
1509 1426 1659 1477 Spicas
1681 1426 1770 1477 qui-

139 1503 239 1541 dem
272 1504 499 1550 habemus,
537 1502 615 1541 sed
638 1502 880 1553 manipulos
915 1500 1077 1539 offerre
1113 1512 1387 1550 cuperemus.
1426 1499 1473 1536 In
1507 1498 1654 1549 primis
1685 1510 1770 1535 non

139 1587 371 1624 possumus
393 1575 440 1613 R.
475 1575 522 1612 Ρ.
556 1575 606 1611 T.
640 1573 800 1620 celare,
833 1572 951 1624 quod
982 1576 1024 1610 et
1055 1584 1261 1610 numerus
1284 1570 1587 1609 conuictorum
1611 1574 1653 1607 et
1684 1574 1771 1606 stu-

140 1646 363 1684 diosorum
385 1646 437 1684 ab
459 1645 619 1684 ultimis
639 1645 777 1683 literis
807 1644 948 1682 factus
978 1643 1032 1681 sit
1053 1642 1331 1694 locupletior.
1361 1642 1486 1680 Hanc
1508 1639 1770 1680 cantilenam

144 1719 339 1770 quamuis
362 1716 535 1767 saepius
558 1717 819 1763 recinamus,
843 1728 960 1754 noua
980 1721 1127 1753 tamen
1150 1727 1324 1765 semper
1346 1714 1553 1752 iuuenum
1574 1712 1771 1750 accessio

140 1790 270 1828 etiam
291 1801 450 1827 nouam
473 1787 693 1827 scribendi
724 1788 950 1826 materiam
981 1785 1245 1838 suppeditat.
1283 1787 1462 1823 Praeter
1494 1784 1602 1823 alios
1630 1796 1775 1834 quam-

139 1861 360 1912 plurimos,
398 1861 520 1899 venit
556 1861 685 1899 etiarn
720 1860 774 1898 ad
808 1873 888 1898 nos
925 1858 1082 1909 elapsis
1117 1858 1281 1908 aliquot
1317 1857 1472 1896 diebus
1512 1856 1776 1895 adolescens

139 1931 311 1984 quidam
333 1932 636 1983 parrhisiensis
671 1932 865 1977 natione,
889 1931 961 1982 qui
983 1930 1267 1968 asseuerabat
1290 1942 1337 1968 se
1359 1929 1620 1967 celebritate
1642 1927 1768 1966 huius

138 2003 390 2042 academiae
421 2001 473 2040 ad
504 2015 584 2041 nos
606 2003 842 2054 pellectum
866 2014 980 2040 esse.
1014 2001 1338 2040 Adolescentes
1359 1999 1432 2051 qui
1465 2005 1644 2038 nostrae
1666 1997 1771 2037 fidei

140 2075 359 2114 commissi
381 2080 494 2122 sunt,
519 2075 631 2113 adeo
654 2075 696 2113 in
718 2074 883 2125 pietate
905 2086 956 2112 ac
977 2073 1115 2112 literis
1136 2071 1494 2123 progrediuntur,
1519 2076 1564 2110 ut
1598 2071 1770 2110 illorum

139 2146 362 2197 profectus
398 2146 686 2197 collegiorum
720 2150 1036 2197 praeceptores
1070 2157 1157 2183 non
1192 2149 1279 2182 tam
1315 2143 1368 2182 ad
1398 2144 1535 2183 nostri
1568 2143 1771 2182 imitatio-

139 2231 254 2265 nem,
278 2230 406 2269 quam
435 2217 640 2256 inuidiam
668 2219 799 2268 (quae
829 2217 1154 2268 praeclarorum
1179 2228 1360 2267 operum
1393 2228 1542 2254 comes
1575 2227 1674 2253 esse
1704 2227 1770 2253 so-

140 2291 218 2339 let)
252 2289 474 2329 concitare
502 2289 719 2328 videatur.
745 2288 1019 2339 Quamquam
1055 2288 1097 2326 id
1132 2287 1258 2326 nobis
1293 2288 1482 2325 maxime
1504 2286 1771 2325 dissimulan-

141 2361 240 2399 dum
264 2373 363 2400 esse
383 2367 599 2411 putamus,
623 2373 675 2399 ac
696 2360 886 2399 Domino
910 2360 1007 2398 Deo
1032 2358 1409 2398 committendum.

190 2443 228 2471 2.
288 2432 463 2470 Plurimi
486 2432 667 2471 mirifice
688 2432 874 2482 flagrant
896 2431 938 2469 in
969 2430 1115 2469 album
1137 2434 1320 2469 nostrae
1357 2430 1594 2468 Societatis
1616 2429 1766 2480 recipi,

141 2516 192 2543 ac
213 2503 445 2555 diligenter
468 2504 700 2554 exquirunt
723 2508 766 2541 et
788 2503 982 2541 rationes
1002 2501 1226 2553 indagant,
1250 2502 1406 2552 quibus
1428 2501 1517 2539 suis
1547 2499 1772 2539 satisface-

140 2588 186 2613 re
208 2581 369 2626 queant
405 2574 665 2624 desyderiis.
699 2574 826 2613 Nunc
857 2575 902 2612 P.
937 2572 1214 2612 Leonardum
1236 2574 1263 2620 ²,
1300 2585 1415 2611 nunc
1445 2572 1554 2611 alios
1584 2570 1770 2610 infracto

140 2647 282 2685 animo
305 2646 607 2692 sollicitantes,
631 2659 716 2697 quo
748 2646 908 2684 nostris
939 2645 1212 2683 annumerari
1242 2645 1426 2695 possint,
1459 2643 1771 2695 promptissimi

140 2716 193 2755 ad
211 2717 439 2757 offerenda
461 2723 565 2756 vota
581 2718 627 2755 P.
648 2716 894 2764 Leonardo‚
914 2716 986 2766 qui
1001 2716 1147 2766 potius
1167 2714 1286 2766 ipsos
1304 2714 1603 2754 exhortandos
1624 2706 1771 2753 existi-

192 2892 199 2911 “
252 2889 313 2927 Ex
332 2889 597 2936 autographo,
618 2893 662 2925 ut
680 2887 852 2931 videtur,
873 2887 913 2924 in
932 2886 1017 2924 cod.
1049 2886 1191 2924 Germ.
1222 2885 1315 2930 187,
1340 2885 1363 2922 2
1389 2885 1447 2931 ff..
1476 2898 1543 2922 nn.
1576 2878 1654 2929 147,
1692 2885 1769 2929 14&

141 2952 251 2998 prius
280 2949 362 2993 719,
393 2948 475 2994 720,
506 2948 588 2986 721.
621 2947 807 2986 Similem
838 2946 954 2992 epist.
975 2946 1111 2983 datam
1130 2945 1194 2982 die
1216 2945 1238 2982 2
1258 2945 1457 2992 Augusti,
1479 2946 1565 2982 sine
1596 2946 1772 2982 auctoris

142 3010 303 3048 nomine
321 3009 446 3047 edidit
464 3008 653 3053 HANSEN,
675 3008 702 3045 l.
724 3020 775 3048 e..
796 3006 982 3044 330-331.

191 3072 203 3090 ²
254 3069 297 3106 P.
318 3069 556 3106 Leonardus
575 3066 738 3111 Kessel‚
759 3067 923 3114 collegii
943 3071 1088 3104 rector.
