2038 3400
345 236 416 273 504
813 237 1033 275 LITTERAE
1059 237 1414 282 QUADRIMESTRES

300 351 388 377 non
408 339 540 378 fuerit
561 339 761 390 lacrymis
782 347 1056 390 prosecutus,
1078 353 1174 377 cum
1197 351 1353 389 inagna
1373 339 1507 377 totius
1528 340 1676 390 populi
1698 352 1827 391 super
1845 340 1926 377 vir-

300 415 440 448 tutem
458 411 596 449 sancti
617 412 697 448 viri
720 417 851 462 atque
872 411 1046 461 pietatis
1066 411 1272 461 egregiae
1296 410 1630 457 acclamatione,
1653 411 1746 448 siue
1768 411 1810 448 in
1832 411 1925 449 solo

301 483 456 532 patrio,
482 484 574 522 siue
593 483 637 521 in
657 484 719 522 eis
740 484 911 534 populis
933 496 1115 533 quorum
1138 481 1374 532 spiritalem
1392 481 1812 520 administrationem
1831 495 1926 533 ges-

302 560 434 592 serat.
459 555 514 592 Vt
532 560 678 592 autem
695 555 737 593 in
754 555 826 592 illo
844 554 1073 605 probitatis
1091 553 1205 590 aliud
1223 558 1526 603 argumentum
1543 566 1631 591 non
1647 554 1924 600 haberemus,

301 625 404 662 illud
426 625 627 675 profecto
650 626 806 663 fuisset
828 625 999 663 abunde
1024 637 1240 674 magnum,
1265 623 1383 674 quod
1401 624 1552 661 annuis
1569 623 1781 662 reditibus
1803 631 1821 649 a
1838 638 1927 662 sus-

304 697 419 747 cepti
442 697 679 746 sacerdotij
699 697 741 734 in
758 710 862 734 vsus
878 702 1055 734 nostrae
1074 694 1311 732 Societatis
1328 694 1442 732 Vltro
1461 694 1683 745 impensis,
1704 708 1831 733 vnam
1849 696 1929 733 sibi

302 767 511 817 pascendi
547 780 694 805 curam
730 772 1017 805 reseruasset.
1058 768 1156 817 Quo
1193 766 1330 816 magis
1364 778 1522 816 precor
1556 767 1718 805 sanctis
1754 768 1927 805 Patrum

302 844 552 877 nostrorum
590 840 860 877 orationibus
894 838 1031 877 iuuari
1066 839 1301 885 hominem,
1339 838 1411 888 qui
1447 843 1613 876 tantum
1648 838 1929 889 benignitatis

303 911 488 949 contulit
510 911 552 949 in
574 924 680 959 rem,
705 925 792 949 non
810 916 977 949 tantum
1001 911 1236 949 Societatis
1253 915 1447 957 nostrae,
1471 923 1625 949 verum
1644 910 1775 948 etiam
1793 912 1929 949 totius

303 983 573 1033 reipublicae
596 983 872 1021 christianae.
900 983 1024 1032 Quae
1048 995 1118 1019 res
1140 995 1236 1020 cum
1266 982 1410 1020 subito
1442 981 1690 1029 accidisset,
1725 983 1930 1033 suspicati

303 1053 358 1091 de
380 1055 543 1105 populo
566 1055 792 1106 plaerique
814 1067 894 1092 nos
919 1053 1125 1091 continuo
1150 1059 1394 1091 mutaturos
1416 1053 1568 1091 sedem
1596 1059 1775 1104 propter
1806 1066 1930 1105 eges·

303 1130 439 1163 tatem
465 1138 611 1163 rerum
642 1125 1004 1172 necessariarium
1037 1138 1156 1162 suam
1187 1124 1333 1175 potius
1363 1123 1751 1175 (quemadmodum
1782 1125 1930 1163 dicere

304 1197 480 1245 solent),
506 1209 632 1247 quam
654 1197 890 1234 Societatis
914 1195 1054 1234 uicem
1076 1196 1293 1243 dolentes,
1322 1195 1584 1246 pollicentur
1615 1208 1638 1233 e
1668 1197 1688 1221 b
1716 1197 1930 1235 facultati-

303 1268 382 1306 bus
419 1267 774 1319 suppeditaturos
809 1273 976 1305 tantum
1010 1267 1238 1318 pecuniae,
1276 1272 1483 1317 quantum
1514 1267 1699 1305 sufficiat
1735 1268 1931 1306 emendis

302 1339 607 1391 prouentibus,
645 1340 800 1390 quibus
836 1340 1004 1377 alantur
1040 1340 1081 1376 in
1121 1351 1258 1377 annos
1298 1339 1494 1390 singulos
1532 1339 1575 1376 in
1613 1340 1696 1377 isto
1739 1339 1929 1391 collegio

304 1417 643 1449 commorantes.
684 1411 900 1460 Quoniam
936 1416 1083 1448 autem
1131 1411 1213 1448 ista
1249 1423 1401 1461 parum
1445 1410 1601 1460 juuare
1649 1410 1929 1459 videbantur3

268 1475 271 1479 ’
302 1483 561 1532 praesertim
582 1482 700 1532 quod
721 1483 906 1532 populus
928 1482 997 1519 hic
1017 1495 1104 1519 non
1121 1482 1255 1520 habet
1276 1481 1477 1520 homines
1498 1481 1733 1520 admodum
1755 1482 1928 1530 divites,

302 1553 491 1591 animum
526 1554 701 1604 quidem
737 1554 927 1604 benigne
960 1554 1246 1604 suscepimus:
1285 1557 1510 1592 Caeterum
1545 1561 1561 1579 e
1591 1553 1931 1604 pollicitationes

302 1625 474 1663 interim
507 1625 526 1650 d
555 1639 642 1663 non
678 1625 944 1672 admisimus,
982 1639 1210 1677 quousque
1241 1631 1519 1676 perspectam
1554 1626 1793 1665 habeamus
1823 1627 1930 1665 Mar-

304 1697 473 1734 chionis
497 1697 550 1735 de
575 1698 745 1735 Villena
769 1701 775 1720 ¹
799 1697 1156 1735 beneuolentiam
1187 1705 1220 1735 e·
1246 1697 1371 1746 cujus
1391 1703 1516 1748 pater
1538 1697 1550 1715 ²
1570 1711 1651 1736 nos
1672 1698 1757 1737 huc
1778 1701 1931 1738 contn-

304 1767 357 1806 lit
395 1769 420 1807 f.
470 1769 656 1807 Primum
701 1769 891 1807 omnium
927 1770 1044 1820 cepit
1085 1782 1179 1807 eam
1222 1781 1327 1820 erga
1365 1782 1446 1807 nos
1485 1768 1774 1818 demostrare,
1817 1783 1929 1818 cum,

304 1841 374 1879 illo
398 1839 622 1887 defuncto,
649 1842 817 1878 curauit
841 1841 1071 1879 confestim
1097 1841 1151 1879 de
1174 1840 1453 1892 suscipienda
1472 1841 1669 1891 benefitij
1688 1843 1931 1892 possessio-

301 1925 355 1949 ne
378 1911 553 1951 nomine
577 1912 805 1951 cardinalis
836 1913 1051 1950 Paciecho
1082 1918 1109 1959 ³,
1145 1913 1213 1950 cui
1243 1913 1420 1963 quidem
1451 1912 1504 1950 ad
1535 1913 1790 1952 benefitium
1824 1914 1931 1952 obti-

302 1983 493 2022 nendum
516 1989 615 2021 sunt
637 1984 709 2034 qui
730 1984 994 2022 arbitrentur
1016 1984 1109 2022 iura
1130 1984 1410 2034 patrocinari.
1436 1984 1592 2022 Missus
1615 1990 1681 2022 est
1713 1985 1844 2023 etiam
1873 1987 1931 2023 le-

302 2061 430 2107 gatus
454 2056 633 2093 Romam
656 2055 709 2093 ab
732 2055 890 2093 eodem
926 2055 1191 2102 Marchione,
1216 2063 1264 2093 vt
1298 2069 1394 2094 cum
1431 2055 1636 2095 cardinali
1666 2063 1819 2107 patruo
1852 2071 1930 2096 suo

302 2132 403 2178 agat
424 2126 479 2164 de
501 2126 659 2165 alendo
688 2126 773 2164 isto
807 2127 1013 2177 collegio,
1045 2128 1266 2179 perceptis
1298 2140 1352 2165 ex
1384 2127 1559 2175 eodem,
1591 2141 1678 2179 quo
1700 2134 1843 2176 antea,
1869 2143 1931 2168 sa-

303 2198 518 2246 cerdotio,
542 2198 820 2247 necessarijs.
845 2199 1118 2249 Significauit
1138 2205 1371 2250 praeterea
1391 2200 1653 2251 praepositis
1675 2214 1699 2239 a
1720 2213 1767 2239 se
1789 2202 1830 2239 in
1847 2202 1933 2240 hoc

302 2272 478 2321 populo,
504 2276 548 2308 et
567 2271 728 2309 rectori
755 2277 797 2308 et
822 2271 1100 2309 oechonomo
1124 2284 1392 2322 magnopere
1412 2284 1511 2310 sese
1528 2285 1771 2323 percupere
1789 2273 1844 2311 de
1867 2287 1931 2312 re-

301 2343 381 2380 bus
402 2343 562 2380 nostris
584 2343 747 2380 habere
772 2342 1126 2393 intelligentiam
1147 2351 1183 2391 g,
1208 2342 1576 2393 quemadmodum
1607 2357 1707 2383 sese
1742 2345 1932 2384 habeant

348 2501 367 2518 a
411 2493 458 2529 ln
479 2504 545 2529 ms
581 2497 640 2529 est
660 2495 750 2529 alin
773 2495 914 2530 littera
936 2494 958 2529 d
978 2500 1115 2539 ,snpra
1135 2506 1325 2531 versum.
1383 2516 1412 2519 —
1427 2496 1446 2520 b
1467 2495 1562 2531 suis.
1616 2503 1681 2521 —0
1700 2495 1790 2542 Seq.
1813 2496 1874 2532 id«
1888 2508 1930 2532 ιιι

300 2552 481 2590 verbzmz
501 2552 623 2589 delet.
682 2554 747 2577 —d
774 2553 922 2590 Praec.
943 2565 981 2590 v.
1003 2559 1139 2600 supra
1159 2565 1350 2592 versum.
1407 2563 1470 2580 -θ
1494 2554 1676 2591 Emeud.
1695 2566 1745 2592 ex
1760 2556 1915 2592 benebo

301 2611 480 2648 lentiam.
538 2613 593 2636 —f
619 2613 802 2649 adduxit.
861 2621 928 2645 —g
949 2614 1146 2650 notitiam.

350 2758 358 2777 ¹
413 2756 654 2793 Franciscus
673 2756 1036 2803 Lopez—Pacheco.
1056 2757 1120 2794 Cf.
1141 2757 1403 2794 FERNANDEZ
1419 2769 1473 2794 DE
1486 2757 1813 2799 BETHENCOURT,
1831 2759 1916 2795 His

301 2819 414 2854 tort'a
429 2817 710 2862 genealdgica
725 2828 757 2862 y
777 2816 1003 2853 lzera'ldz'ca
1024 2817 1078 2853 dc
1096 2818 1139 2853 la
1157 2819 1407 2864 nonarquia
1427 2818 1649 2864 espafiola,
1676 2817 1725 2862 II,
1751 2818 1821 2854 240
1843 2831 1928 2865 sqq.

348 2877 361 2896 ²
413 2876 593 2913 Didacus
628 2876 764 2922 Lopez
780 2897 791 2901 -
809 2876 1012 2915 Pacheeo.
1049 2876 1228 2913 marchio
1266 2878 1390 2914 etiam
1425 2878 1473 2915 de
1513 2878 1699 2921 Villena,
1750 2882 1931 2914 mortuus

300 2949 404 2974 anno
427 2936 527 2973 1556.
549 2935 812 2972 FERNANDEZ
835 2946 886 2971 DE
908 2935 1234 2980 ΒΕΤΗΕΝεουκΤ,
1258 2937 1330 2974 loc.
1351 2938 1434 2980 cit..
1455 2936 1525 2974 225
1542 2950 1614 2985 sqq
1638 2966 1644 2974 .

348 2997 361 3016 ³
412 2995 559 3032 Petrus
577 2995 796 3032 cardinalis
815 2994 1013 3040 Pacheco,
1034 2997 1099 3042 qui
1120 2999 1240 3044 paulo
1258 3002 1346 3045 post
1365 3009 1387 3034 e
1407 2997 1489 3035 vita
1509 2996 1714 3044 migravit.
1744 2994 1807 3033 Cf.
1827 2995 1929 3033 Lai-

302 3057 370 3096 nz‘z‘
386 3056 598 3102 Monam,
619 3054 694 3101 IV,
714 3054 796 3098 697.
817 3060 951 3092 annot.
973 3055 1007 3093 2.
