2038 3400
564 285 846 328 3OO.—GEiwA
876 289 919 327 15
944 289 1204 328 SEPTEMBRIS
1234 290 1323 328 1559
1634 289 1703 328 319

125 390 283 430 deinde
303 391 453 431 ordine
476 392 794 431 sanctissimum
816 392 978 431 Christi
1001 405 1173 443 corpus,
1198 398 1287 431 tum
1310 393 1438 442 hujus
1460 392 1567 443 reip.
1592 393 1747 432 (lucem

129 470 172 501 et
195 477 291 502 cum
315 477 367 502 eo
388 465 406 483 ²¹
430 470 650 503 oratorem
669 465 907 515 hispanum,
927 470 1152 516 postremo
1172 471 1311 503 totum
1330 469 1527 503 senatum
1547 466 1754 515 elegiacis⁴

128 536 512 587 epigrammatibus
546 537 801 584 salutarunt,
840 538 967 575 tanto
1000 538 1018 561 b
1054 538 1245 575 omnium
1281 538 1504 588 applausu,
1543 542 1587 574 ut
1625 536 1716 574 illis
1739 546 1753 561 s

127 608 359 657 episcopus
382 613 424 646 et
447 608 619 659 legatus
650 607 854 660 hispanus
877 614 921 646 et
942 608 1035 659 ipse
1058 607 1144 646 dux
1169 614 1298 658 caput
1320 608 1500 646 honoris
1521 607 1660 658 gratia
1681 608 1753 645 ‹le-

127 680 352 718 clinarent.
378 680 480 717 Erat
503 679 678 717 demum
709 684 828 718 totus
850 680 922 717 ille
945 679 964 704 d
986 679 1122 718 callis
1151 679 1350 729 undique
1385 680 1584 718 laterum
1615 679 1755 729 coriss-

126 751 339 789 deauratis
361 750 550 802 mz'rzfice
573 757 826 798 exornatus,
851 752 891 788 in
920 750 1075 801 quibus
1096 750 1323 788 innumera
1357 751 1544 789 nominis
1565 751 1664 788 Iesu
1693 751 1752 789 in-

125 822 263 873 signia
302 821 569 871 pendebant,
607 822 875 873 singulisque
916 821 1165 860 nominibus
1201 821 1371 872 singula
1405 821 1591 861 disticha
1631 829 1753 860 erant

129 893 274 932 affixa.

181 975 240 1003 10.
301 966 444 1012 Esset,
472 966 521 1004 R.
548 965 614 1012 P.,
639 966 777 1003 breue
800 966 903 1004 mihi
935 978 1064 1004 omne
1095 971 1283 1016 tempus,
1317 966 1353 1005 si
1389 964 1532 1004 omnia
1553 977 1665 1016 quae
1698 977 1751 1003 eo

123 1035 208 1083 die,
233 1038 413 1075 tantum
436 1037 556 1076 abest
585 1037 668 1075 hoc
690 1044 707 1061 θ
729 1036 1034 1088 quadrimestri
1074 1047 1098 1084 f,
1125 1036 1351 1076 Dominus
1378 1038 1532 1076 noster
1554 1039 1637 1087 per
1672 1049 1754 1075 nos

125 1105 346 1158 indignos
380 1120 538 1146 seruos
569 1107 757 1158 operari
786 1107 1011 1160 dignatus
1041 1109 1118 1154 est,
1151 1114 1307 1146 texere
1339 1107 1459 1147 hisce
1490 1107 1586 1146 iam
1616 1107 1753 1145 literis

123 1179 297 1217 uellem.
323 1180 430 1218 Cum
453 1180 589 1218 multa
619 1179 718 1227 sint,
743 1192 854 1231 quae
885 1180 926 1218 in
957 1179 1262 1229 xenodochijs,
1287 1192 1399 1231 quae
1421 1180 1462 1217 in
1485 1179 1750 1225 carceribus,

121 1263 233 1301 quae
254 1263 332 1302 per
353 1251 475 1290 uicos
499 1257 543 1289 et
573 1252 689 1289 urbis
711 1252 839 1300 hujus
871 1251 1080 1302 regiones
1100 1264 1126 1289 a
1156 1251 1316 1290 nostris
1346 1251 1552 1289 fratribus
1579 1252 1712 1301 gesfa
1731 1257 1753 1282 g

123 1328 237 1369 sunt3
269 1322 340 1373 qui
370 1323 524 1361 diebus
559 1323 683 1361 festis
714 1323 783 1372 alij
821 1322 935 1373 apud
967 1323 1154 1369 uinctos,
1187 1322 1257 1372 alij
1292 1321 1405 1373 apud
1436 1322 1644 1369 infirmos,
1681 1322 1749 1370 alij

122 1393 237 1432 circa
258 1393 375 1432 urbis
397 1395 571 1433 moenia
602 1394 771 1432 otiosos
794 1392 1093 1444 quaeritantes
1116 1411 1150 1440 h,
1184 1406 1425 1443 eorumque
1456 1392 1561 1431 folia
1591 1393 1752 1431 lusoria

122 1464 427 1512 dilacerantes,
450 1466 610 1503 bonam
632 1464 720 1503 diei
740 1471 909 1516 partem
933 1465 1152 1504 insumere
1175 1465 1336 1512 solent3
1371 1463 1450 1502 sed
1485 1464 1494 1488 i
1525 1463 1618 1502 iam
1649 1463 1753 1509 finis

120 1535 193 1573 sit.
218 1536 354 1575 Faxz't
386 1536 506 1575 Dens
528 1538 567 1575 et
598 1536 650 1575 ob
673 1537 794 1582 haec,
814 1538 858 1574 vt
879 1535 951 1575 his
969 1537 1105 1588 louge
1134 1537 1277 1586 plura
1295 1536 1488 1586 posthac
1513 1538 1751 1585 praestare

118 1607 361 1656 possimus.
389 1608 596 1655 [Praeces
613 1608 848 1658 postuma]
874 1609 982 1646 Vale
1004 1607 1032 1646 J'.
1056 1608 1241 1646 Genuae
1265 1607 1437 1646 decimo
1472 1606 1660 1656 septimo
1683 1619 1750 1645 ca-

122 1678 272 1717 lendas
295 1678 501 1717 Octobris
527 1689 641 1729 1559.

114 1799 117 1801 Β
199 1750 263 1787 Ex
286 1749 538 1789 obedientia
560 1751 606 1789 R.
632 1752 678 1789 P.
703 1749 899 1789 doctoris
930 1751 1091 1789 Loarti.
1117 1751 1160 1789 T.
1197 1752 1243 1789 R.
1284 1753 1329 1789 P.
1363 1765 1518 1790 seruus
1549 1751 1749 1802 indignus

119 1820 158 1858 in
181 1822 291 1872 Xpo.

1243 1907 1437 1944 MICHAEL
1469 1906 1575 1944 SPEs
1608 1914 1633 1945 ¹.

199 1988 309 2026 Pola
318 1988 391 2027 nei
410 2001 548 2027 manu
558 2019 566 2027 .
591 1989 668 2028 Em
676 1988 846 2028 endata.

164 2181 183 2199 a
203 2185 251 2210 eo
269 2178 405 2220 supra
421 2184 529 2210 verS.
584 2175 648 2199 *b
677 2175 792 2210 miro.
852 2181 914 2199 —0
936 2174 1084 2220 pueris.
1140 2174 1204 2199 —d
1227 2175 1350 2211 locus.
1396 2182 1461 2200 -θ
1483 2175 1629 2212 nedum
1648 2181 1743 2212 toto.

118 2233 175 2258 —f
199 2239 290 2270 sunt
309 2245 380 2279 per
402 2232 478 2270 Dei
498 2234 672 2279 gratiam
691 2238 822 2280 gesta.
869 2241 936 2266 -Ξ
957 2240 1061 2270 acta.
1108 2235 1172 2259 —11
1194 2234 1443 2280 quaen-states
1463 2245 1544 2272 ms.
1591 2236 1647 2260 —i
1673 2235 1745 2271 hac

118 2300 238 2329 tenus
257 2293 361 2329 dieta
380 2292 594 2330 sufficiant.
649 2293 705 2325 ——J'
731 2294 769 2329 in
790 2293 879 2330 dno.

165 2500 173 2518 ¹
227 2497 443 2544 Hispanus,
465 2503 872 2544 caesaraugustanus.
898 2498 958 2534 De
979 2498 1050 2535 hoc
1072 2498 1156 2535 viro
1174 2499 1240 2546 qui
1262 2505 1401 2546 postea
1422 2512 1443 2536 e
1463 2499 1668 2536 societate
1689 2499 1727 2535 di

117 2558 260 2595 missus
278 2562 352 2599 est,
374 2557 462 2593 vide
485 2557 725 2601 POLANCUM,
750 2558 916 2601 Clzron„
939 2558 1006 2601 ΙΙΙ,
1027 2558 1109 2600 215,
1131 2558 1182 2600 V,
1201 2558 1282 2600 221,
1301 2559 1375 2601 Vl,
1395 2560 1476 2601 325,
1497 2560 1567 2596 335
1597 2561 1679 2606 3362
1703 2566 1742 2598 et

123 2617 253 2664 Epist.
277 2617 327 2654 P.
350 2617 511 2659 Narin&
532 2617 581 2659 ΙΙ,
601 2618 682 2654 575.
