2038 3400
365 221 433 258 454
834 223 1054 261 LITTERAE
1082 224 1437 270 QUADRIMESTRES

316 325 514 364 contulit.
555 326 768 365 Catholici
804 340 910 366 uero
948 328 1146 365 homines
1183 334 1226 365 et
1260 327 1428 377 priscae
1465 327 1688 378 religionis
1728 334 1948 366 amatores

317 402 448 447 atque
472 404 815 436 conseruatores
851 399 956 437 mire
993 399 1202 449 gaudent:
1239 399 1463 436 inuentum
1497 399 1696 436 nimirum
1733 413 1829 438 esse
1865 400 1950 436 1106

319 473 517 519 tempore
542 469 685 507 locum
708 470 748 507 in
772 470 1021 513 Germania,
1047 484 1101 507 ex
1124 483 1209 519 quo
1232 482 1319 507 non
1341 470 1526 508 adulteri
1548 470 1625 508 sed
1645 471 1739 508 ueri
1770 483 1820 508 ac
1855 484 1950 520 syn-

326 540 415 577 ceri
437 539 576 578 libelli
596 547 614 565 a
635 540 826 591 prodire,
851 541 891 578 in
915 541 1335 591 christianorumque
1359 541 1554 578 manibus
1576 542 1740 579 uersari
1768 542 1949 592 possint.

323 610 467 660 Atque
505 611 615 649 haec
650 624 719 649 res
755 623 850 648 cum
886 612 1032 662 plures
1049 612 1171 651 alios.
1196 617 1285 648 tum
1308 612 1493 649 maxime
1517 613 1763 662 agriensem
1785 613 1952 662 episco-

318 695 417 731 pum
453 681 518 730 (ut
553 681 606 719 de
642 682 836 732 plurimis
871 682 966 731 alijs
1002 683 1171 720 interim
1208 683 1396 732 taceam)
1431 683 1663 733 permouit,
1698 695 1793 721 curn
1817 683 1952 722 semel

318 758 448 802 atque
485 752 642 790 iterum
674 753 909 803 collegium
933 754 1018 791 1106
1040 753 1274 799 inuisisset,
1299 754 1361 791 uti
1381 754 1698 804 typographiae
1722 768 1767 793 se
1791 767 1952 793 memo-

319 836 409 861 rem
431 823 765 874 quibuscunque
790 824 830 861 in
853 824 984 862 rebus
1005 830 1171 874 posset,
1194 824 1492 874 polliceretur.

371 905 408 942 3.
466 896 559 945 Jam
582 908 688 933 uero
712 908 765 933 ne
791 900 975 933 conatus
997 896 1037 932 in
1059 896 1372 946 promouendis
1394 895 1568 947 collegij
1593 896 1725 934 rebus
1759 902 1953 946 praeter-

320 965 559 1012 mittantur,
584 972 792 1016 quantum
821 967 874 1004 sit
900 967 1186 1013 elaboratum,
1210 980 1263 1005 ne
1287 967 1519 1017 quidquam
1540 980 1627 1005 non
1649 967 1779 1006 modo
1803 981 1954 1006 eorum

321 1050 429 1088 quae
453 1037 602 1074 usibus
624 1038 823 1075 humanis
845 1038 1190 1088 pernecessaria,
1216 1038 1293 1075 sed
1315 1051 1425 1088 quae
1455 1039 1757 1077 conseruando
1780 1052 1953 1090 quoque

320 1108 557 1146 Societatis
599 1109 767 1159 spiritui
807 1115 1137 1160 peropportuna
1174 1115 1286 1156 sunt,
1329 1110 1457 1157 desit,
1498 1110 1694 1148 breuiter
1729 1111 1952 1162 attingam.

319 1180 686 1227 Constitutiones,
702 1193 903 1230 quarum
920 1180 1258 1219 simulachrum
1272 1182 1501 1230 quoddam
1513 1180 1647 1232 prius
1661 1181 1952 1229 habebamus,
1984 1190 1987 1193 ’

320 1263 518 1301 quasque
538 1252 659 1290 uelut
671 1254 753 1302 per
772 1251 1091 1291 transiennam
1111 1251 1492 1304 intelligebamus,
1513 1254 1560 1291 R.
1582 1254 1650 1291 Pr.
1672 1254 1833 1292 Rector
1852 1253 1859 1272 ¹
1879 1267 1955 1304 per

321 1323 481 1361 mensis
498 1323 611 1373 (plus
629 1323 788 1372 minus)
812 1324 1004 1374 spacium
1027 1323 1227 1362 absolute
1251 1324 1474 1374 explicuit,
1494 1329 1615 1362 tanta
1633 1337 1729 1362 cum
1751 1325 1954 1371 utilitate,

320 1399 481 1444 quanta
517 1395 681 1444 sperari
716 1408 794 1444 pro
832 1396 1000 1433 ratione
1038 1395 1231 1445 regionis
1262 1395 1448 1433 maxima
1467 1396 1624 1446 potuit.
1651 1397 1822 1434 Etenim
1846 1398 1955 1436 adeo

320 1465 478 1503 fratres
501 1466 542 1503 in
566 1465 737 1505 CHRO.
764 1467 902 1504 nostri
926 1479 1074 1504 earum
1096 1467 1282 1504 maxime
1314 1467 1524 1505 virtutum
1556 1467 1806 1517 desyderio,
1844 1481 1955 1519 quae

320 1537 523 1588 propriae
556 1537 796 1575 Societatis
833 1544 946 1585 sunt,
990 1538 1158 1581 ardent,
1202 1543 1247 1575 ut
1282 1538 1335 1576 ad
1376 1551 1542 1578 morem
1574 1540 1739 1578 romani
1780 1539 1954 1590 collegij

320 1609 518 1659 proxime
543 1611 761 1648 accedant
788 1610 824 1656 b,
850 1610 1062 1660 siquidem
1083 1611 1345 1660 paupertati,
1370 1623 1484 1660 quae
1505 1610 1654 1649 virtus
1676 1613 1738 1650 est
1761 1612 1813 1650 ob
1837 1624 1957 1650 amo-

322 1693 418 1720 rem
441 1680 540 1727 Dei,
566 1681 847 1720 obedientiae
872 1682 936 1729 (ut
958 1683 1131 1720 interim
1153 1682 1206 1721 de
1231 1683 1435 1721 castitate
1457 1688 1642 1729 taceam,
1681 1696 1733 1722 ea
1768 1684 1882 1722 enim
1917 1684 1957 1721 in

321 1765 367 1790 re
404 1752 647 1803 angelicam
682 1753 917 1803 puritatem
949 1753 1119 1800 imitari,
1147 1755 1239 1791 Deo
1262 1753 1369 1800 laus,
1393 1754 1606 1804 nituntur)
1629 1768 1683 1793 ex
1705 1755 1847 1793 animo
1872 1760 1957 1793 stu-

322 1823 445 1870 dent,
482 1823 779 1873 poenitentias
815 1824 1002 1862 libenter
1043 1824 1247 1871 subeunt3
1289 1830 1333 1863 et
1372 1825 1579 1875 quidquid
1616 1839 1670 1864 ex
1709 1826 1956 1877 regularum

325 1906 456 1932 sensu
480 1906 579 1932 esse
600 1892 865 1945 intelligunt,
888 1895 1017 1933 enixe
1036 1895 1290 1946 expediunt,
1311 1908 1361 1934 36
1383 1901 1535 1934 sancte
1555 1894 1669 1934 inter
1690 1909 1738 1934 se
1767 1909 1919 1935 omnes
1941 1903 1958 1922 c

320 1979 397 2017 pro
420 1966 706 2017 perfectionis
729 1967 933 2014 culmine,
959 1968 991 2005 si
1015 1980 1202 2018 unquam
1225 1971 1368 2015 antea,
1394 1972 1516 2006 certe
1537 1980 1653 2006 nunc
1689 1968 1877 2007 maxime
1908 1981 1959 2007 36

321 2043 500 2076 strenue
520 2042 731 2089 pugnant3
757 2043 801 2075 et
824 2050 980 2089 magna
1000 2038 1173 2076 interim
1206 2039 1420 2077 charitate
1452 2051 1551 2077 sese
1583 2044 1734 2077 mutuo
1770 2040 1957 2090 amplec-

320 2114 483 2153 tuntur,
510 2113 554 2147 et
574 2109 639 2158 (ut
661 2108 863 2159 Apostoli
887 2109 1033 2147 uerbis
1057 2110 1170 2159 utar)
1192 2109 1379 2147 inuicem
1404 2109 1561 2159 officijs
1588 2110 1852 2160 preueniunt
1874 2110 1901 2149 ²³.

376 2193 415 2230 4.
476 2180 586 2219 Cum
609 2186 739 2218 antea
758 2186 955 2219 curatum
975 2180 1208 2232 diligenter
1230 2182 1400 2229 fuisset,
1420 2193 1475 2219 ne
1498 2182 1608 2219 ullus
1630 2181 1834 2232 antiquae
1856 2181 1959 2220 fidei

323 2264 375 2290 ae
410 2251 636 2303 religionis
672 2255 954 2303 contemptor
990 2253 1031 2290 in
1071 2257 1408 2304 praeceptorem
1447 2253 1633 2291 filiorum
1670 2254 1807 2291 ser.mi
1843 2254 1959 2305 regis

323 2322 602 2362 Maximiliani
633 2321 975 2370 adscisceretur3
1005 2324 1092 2373 jam
1123 2324 1166 2362 id
1196 2337 1372 2375 quoque
1403 2324 1546 2375 agitur
1577 2330 1623 2362 ut
1654 2323 1716 2362 uir
1744 2323 1956 2372 doctrina,

321 2396 439 2433 vitae
456 2394 746 2434 sanctimonia
766 2395 1023 2446 pietateque
1047 2396 1280 2434 christiana
1302 2396 1509 2447 egregius
1526 2396 1679 2447 aliquis
1696 2396 1957 2444 inueniatur,

321 2466 393 2517 qui
416 2478 567 2504 eorum
591 2467 644 2505 sit
666 2467 838 2504 futurus
860 2472 1140 2518 praeceptor,
1165 2479 1219 2505 ex
1241 2480 1426 2518 quorum
1447 2467 1520 2518 pia
1540 2473 1780 2518 sanctaque
1803 2467 1958 2506 educa-

320 2538 440 2577 tione
477 2538 592 2577 531115
627 2537 948 2589 propemodum
985 2538 1212 2577 maximae
1241 2538 1394 2589 partis
1416 2538 1555 2577 totius
1577 2539 1698 2578 orbis
1719 2540 1738 2565 d
1759 2539 1956 2591 pendere

322 2609 511 2648 uidetur.
537 2609 706 2648 Omitto
728 2610 960 2648 breuitatis
983 2622 1114 2648 causa
1134 2610 1300 2660 reliqua
1321 2622 1433 2661 quae
1456 2610 1572 2649 circa
1587 2611 1673 2649 hoc
1689 2612 1833 2663 magni
1856 2623 1956 2649 meo

368 2763 388 2784 ³·
437 2764 543 2801 libri.
598 2766 663 2791 —b
691 2765 888 2801 accedere
909 2764 1111 2801 nituntur.
1180 2772 1244 2791 -0
1265 2764 1401 2802 Prius
1428 2765 1605 2803 videtur
1633 2766 1776 2815 script.
1809 2767 1954 2804 cuncti.

327 2824 394 2850 —d
416 2824 560 2861 harum
580 2824 807 2870 regionum.

372 2976 380 2995 ¹
435 2974 480 3011 P.
496 2973 675 3021 joannes
694 2973 744 3010 de
761 2971 958 3010 Victoria.

370 3031 385 3055 ¹
435 3032 500 3073 Cf.
522 3031 646 3078 Rom„
667 3031 759 3079 XII,
785 3032 837 3071 10.
