2038 3400
368 249 439 285 326
837 249 1059 287 LITTERAE
1086 249 1443 294 QUADRIMESTRES

322 352 487 401 sparsa
509 354 547 391 et
570 351 824 404 diuulgata
849 358 916 390 est
938 350 993 390 de
1015 357 1168 390 nostro
1206 352 1395 403 collegio
1426 365 1477 392 ac
1511 354 1673 392 scholis
1710 353 1870 405 opinio,
1908 361 1952 393 ut

321 423 512 461 nonnulli
554 422 821 462 viennenses
858 424 1150 462 eleemosinas
1187 424 1420 473 egentibus
1455 437 1506 463 ac
1544 426 1787 476 peregrinis
1816 426 1953 464 nolint

323 505 525 544 erogare,
549 493 630 532 nisi
650 498 722 533 aut
745 499 1000 533 nostrorum
1024 495 1277 532 testimonio
1302 495 1681 543 commendentur,
1718 503 1790 535 aut
1830 503 1952 535 certo

322 570 497 604 constet
520 578 598 604 eos
620 579 707 604 non
731 566 832 604 alibi
854 578 981 616 quam
1004 565 1117 617 apud
1137 578 1217 603 nos
1239 565 1376 603 literis
1399 578 1577 617 operam
1613 567 1733 615 dare,
1770 581 1951 618 quorum

323 649 346 675 e
363 650 545 675 numero
570 642 635 675 est
658 637 699 675 in
721 637 869 688 primis
892 637 1018 676 R.diSS
1040 636 1396 688 archiepiscopus
1417 637 1683 689 Strigoniae,
1713 652 1764 678 ac
1794 638 1953 678 deinde

321 712 562 759 supremus
583 709 791 748 sereniss.
817 708 995 760 reginae
1018 708 1260 747 Bohemiae
1283 708 1658 749 eleemosinarius.

377 792 412 829 5.
475 779 562 819 Sed
584 782 756 830 tempus
777 782 858 827 est,
883 780 990 819 Rde.
1016 780 1169 827 Pater,
1195 781 1240 818 m}
1262 780 1498 819 enarratis
1517 780 1577 832 {js
1598 794 1711 831 quae
1733 782 1955 833 proprius

323 854 381 891 ad
397 851 633 903 publicum
656 851 821 890 bonnm
859 851 1133 891 uidebantur
1167 854 1383 902 spectare,
1422 854 1603 892 tandem
1627 855 1685 892 ad
1701 853 1895 904 priuata
1917 857 1955 894 et

323 924 568 964 domestica
603 936 855 963 sermonem
896 925 1160 963 conuertam
1197 925 1421 963 nostrum.
1446 925 1639 964 Tametsi
1661 932 1836 965 rectore
1857 940 1955 965 nos-

321 999 390 1034 tro
416 998 421 1015 ¹
447 1001 634 1046 quatuor
656 995 839 1046 integris
864 994 1088 1033 mensibus
1106 995 1338 1042 caruimus,
1360 1000 1404 1033 et
1426 994 1560 1035 solius
1576 996 1625 1035 R.
1645 997 1692 1035 P.
1714 997 1785 1036 Μ.ἰ
1812 999 1957 1037 Caroli

323 1069 444 1107 Grim
466 1066 737 1118 prorectoris
771 1079 906 1118 opera
943 1067 1008 1105 usi
1045 1081 1208 1115 sumus,
1247 1067 1334 1105 suis
1363 1071 1511 1106 tamen
1545 1068 1618 1107 ille
1653 1081 1786 1120 saepe
1820 1070 1957 1108 literis

323 1140 457 1190 officij
480 1153 561 1178 nos
583 1140 751 1178 monuit
772 1139 926 1178 nostri.
953 1140 1061 1179 Cum
1084 1139 1184 1177 hinc
1207 1140 1406 1191 Pragam‚
1430 1144 1475 1178 ut
1493 1140 1706 1191 quaedam
1728 1139 1840 1180 illius
1871 1142 1958 1180 col-

321 1212 425 1263 legij
449 1210 630 1263 negotia
651 1210 705 1249 ad
727 1211 858 1249 finem
894 1210 1153 1257 deduceret,
1187 1223 1286 1249 sese
1323 1210 1596 1259 contulisset,
1634 1212 1687 1250 ab
1722 1212 1957 1251 archiduce

322 1283 602 1322 Ferdinando
636 1281 950 1334 benignissime
973 1283 1374 1335 humanissimeque
1401 1283 1480 1322 fuit
1512 1289 1739 1334 exceptus,
1765 1297 1815 1323 ac
1836 1284 1958 1323 uiati-

324 1369 375 1395 co
417 1354 582 1395 deinde
623 1368 709 1406 quo
751 1355 994 1405 Augustam
1024 1354 1381 1405 proficisceretur
1411 1355 1665 1403 instructus,
1699 1368 1752 1394 eo
1785 1357 1898 1394 enim
1934 1369 1958 1394 a

324 1429 371 1466 R.
398 1429 444 1466 P.
472 1426 734 1466 Prouinciali
755 1426 768 1446 ²
789 1430 895 1464 tunc
917 1426 1145 1476 temporis,
1169 1438 1257 1464 non
1293 1426 1433 1465 solum
1463 1432 1643 1478 propter
1671 1428 1957 1479 collegiorum

321 1499 503 1550 negotia
522 1503 789 1545 nostrorum,
815 1496 893 1535 sed
917 1497 972 1535 ob
994 1496 1151 1535 arduas
1184 1496 1314 1536 etiam
1349 1497 1454 1536 alias
1488 1510 1540 1537 ac
1574 1499 1719 1550 magni
1752 1498 1959 1550 ponderis

324 1583 476 1610 causas
497 1570 640 1608 fuerat
661 1574 860 1608 uocatus.
899 1569 980 1607 Vbi
1012 1569 1147 1606 multa
1182 1581 1278 1607 cum
1316 1570 1363 1607 R.
1398 1570 1444 1607 P.
1483 1569 1662 1620 Lanoyo
1704 1574 1747 1608 et
1782 1576 1958 1609 rectore

323 1648 474 1682 nostro
500 1643 547 1680 R.
572 1643 619 1682 P.
644 1640 924 1692 prouincialis
947 1640 1001 1678 de
1025 1640 1210 1679 diuersis
1242 1641 1285 1679 in
1315 1640 1554 1680 Germania
1575 1642 1791 1693 cossegijs,
1832 1655 1883 1681 ac
1916 1643 1958 1681 in

322 1713 472 1765 primis
493 1713 549 1751 de
572 1717 882 1763 oenepontano
915 1717 1048 1763 atque
1079 1713 1334 1750 monacensi
1369 1713 1606 1764 erigendis,
1630 1713 1774 1764 deque
1798 1715 1960 1766 optima

324 1790 573 1824 erectorum
595 1784 917 1836 gubernatione
940 1783 1158 1822 tractauit.
1185 1784 1284 1834 Quo
1307 1792 1524 1835 tempore,
1557 1798 1644 1824 non
1674 1786 1790 1824 leuia
1818 1786 1901 1825 illis
1935 1800 1960 1825 a

324 1870 533 1897 caesarea
555 1857 686 1894 etiam
708 1856 939 1894 maiestate
961 1855 1157 1907 negotia,
1181 1856 1386 1894 nonnulla
1410 1856 1552 1896 etia-m
1581 1858 1634 1895 ab
1655 1857 1751 1907 alijs
1770 1858 1959 1908 primati-

324 1931 403 1968 bus
425 1942 476 1968 ac
499 1929 786 1968 ecclesiarum
808 1929 1097 1979 praesulibus,
1122 1940 1173 1967 ac
1195 1940 1247 1966 ea
1271 1928 1547 1979 potissimum
1568 1942 1679 1981 quae
1702 1930 1958 1982 religionem

323 2014 374 2041 ac
408 2001 540 2040 fidem
563 2001 827 2039 chatolicam
865 2000 1209 2047 concernebant,
1242 2000 1470 2039 tractanda
1502 2001 1679 2040 fuerunt
1717 2003 1955 2053 proposita.

323 2075 434 2113 Cum
456 2074 568 2112 haec
589 2078 830 2124 agerentur
853 2078 896 2110 et
918 2085 1079 2124 graues
1103 2072 1233 2111 etiam
1258 2071 1313 2111 de
1331 2072 1547 2124 religione
1565 2086 1723 2112 causae
1745 2073 1786 2111 in
1804 2087 1959 2126 augus·

324 2147 435 2184 tanis
457 2145 648 2195 comitijs
670 2157 829 2195 magna
865 2157 962 2183 cum
994 2144 1253 2183 difficultate
1289 2149 1422 2195 atque
1456 2144 1613 2184 timore
1649 2150 1957 2193 tractarentur,

325 2222 369 2256 et
389 2217 607 2268 permulta
628 2215 863 2255 admodum
886 2216 1097 2267 perplexa
1120 2219 1269 2254 essent
1290 2227 1342 2254 ac
1362 2215 1578 2264 intricata,
1612 2216 1788 2255 tandem
1823 2229 1959 2269 nego-

323 2289 396 2339 tijs
419 2288 595 2339 quidem
618 2287 837 2327 nonnullis
858 2293 949 2326 tum
973 2288 1143 2338 Pragae
1165 2292 1256 2325 tum
1279 2287 1507 2338 Augustae
1530 2288 1759 2336 confectis,
1778 2291 1959 2328 nonnul-

327 2361 378 2399 lis
400 2372 507 2398 uero
530 2360 670 2407 breui,
696 2360 792 2398 Deo
817 2359 918 2411 Opt.
944 2360 1058 2398 Max.
1083 2358 1212 2407 duce,
1252 2358 1554 2410 expediendiS‚
1592 2359 1646 2398 ad
1679 2373 1760 2399 nos
1795 2366 1956 2408 rector,

326 2432 420 2470 Deo
443 2432 552 2478 laus,
576 2436 728 2469 noster
750 2430 897 2480 redijt,
924 2436 968 2468 et
989 2443 1069 2469 nos
1093 2442 1245 2468 omnes
1267 2429 1321 2468 ad
1350 2430 1562 2469 maiorem
1598 2443 1622 2469 e
1654 2431 1844 2483 uestigio
1879 2445 1957 2483 pro

322 2501 509 2541 instituti
529 2502 666 2541 nostri
689 2501 861 2541 ratione
883 2501 1205 2553 perfectionem
1227 2501 1419 2552 aspirare
1443 2502 1684 2553 coepimus,
1720 2503 1837 2554 quod
1863 2516 1958 2555 per-

326 2575 475 2622 multa,
497 2586 550 2612 eo
569 2574 809 2622 referente,
829 2573 981 2613 auditu
999 2573 1252 2624 dignissima
1271 2573 1635 2621 intellexerimus3
1657 2578 1748 2612 tum
1771 2575 1958 2614 maxime

325 2645 443 2697 quod
465 2650 627 2696 quanta
643 2646 685 2684 in
702 2646 927 2684 hominum
945 2645 1250 2684 uniuersorum
1267 2645 1544 2695 spectatione
1567 2652 1585 2670 a
1614 2644 1762 2693 simus,
1781 2652 1958 2697 quanta-

325 2729 411 2769 que
434 2716 746 2765 sollicitudine,
772 2718 968 2765 solertia,
989 2716 1291 2764 contentione,
1311 2715 1683 2767 exspectationem
1704 2717 1823 2756 hanc
1843 2718 1863 2743 b
1884 2717 1957 2756 de-

371 2868 390 2887 a
441 2866 734 2915 expectatione.
790 2868 854 2893 —b
876 2880 979 2904 eam.

375 3013 383 3033 ¹
436 3010 478 3048 P.
493 3010 674 3058 Joannes
693 3010 742 3046 de
763 3009 958 3047 Victoria.

373 3072 385 3092 ²
436 3070 482 3107 P.
505 3070 651 3108 Petrus
673 3068 870 3107 Canisius.
