2038 3400
308 271 373 314 174
772 275 990 314 Liri-Eme
1026 271 1389 322 QUADMMESTRES

256 383 442 427 vterque
464 379 550 416 hoc
579 384 732 416 sancto
765 379 1099 426 exercitio‚cum
1130 391 1262 430 saepe
1293 379 1397 417 alias
1428 385 1518 417 tum
1550 378 1886 417 resurrectionis

259 450 503 488 dominicae
526 456 742 501 tempore,
768 464 871 489 suae
895 451 1197 490 concionando
1222 450 1447 502 respondit
1470 451 1708 490 uocationi.
1740 450 1887 489 Taceo

258 521 313 560 de
344 521 453 560 Rdo.
489 523 560 560 Re
581 522 633 560 D.
667 522 902 560 Lamberto
937 523 961 570 ¹,
995 524 1065 573 qui
1097 523 1277 574 singulis
1305 522 1533 561 dominicis
1560 522 1743 573 alijsque
1765 522 1888 559 festis

259 593 413 631 diebus
435 594 516 631 hac
546 593 882 644 quadragesima
915 606 1073 645 magno
1111 607 1209 633 cum
1244 593 1492 632 auditorum
1528 606 1745 632 concursu
1781 593 1888 631 duas

258 665 408 702 habuit
431 665 685 711 conciones,
709 677 890 715 quarum
912 665 954 702 in
985 679 1069 704 una
1100 666 1378 717 euangelium
1409 671 1596 714 enarrat,
1630 666 1671 703 in
1702 665 1889 716 pomeri-

258 735 384 774 diana
417 749 521 774 vero
555 737 832 774 christianam
869 736 1112 775 doctrinam
1149 738 1355 789 explicat3
1393 736 1681 775 decantantur
1716 736 1888 774 interim

258 813 361 845 tunc
382 819 539 858 preces
560 820 736 858 quoque
758 809 1055 859 uespertinae‚
1078 810 1191 847 sicut
1211 815 1313 847 ante
1334 808 1561 860 prandium
1583 809 1727 847 missa.

311 889 349 926 3.
410 879 742 927 Confessiones,
768 880 848 917 Dei
871 881 1025 931 gratia,
1045 881 1221 919 fuerunt
1242 893 1369 931 quam
1392 881 1580 919 antehac
1601 893 1789 930 unquam
1806 880 1890 918 fre-

258 950 530 1000 quentiores,
556 956 600 988 et
621 951 747 989 unius
770 952 1040 1002 septimanae
1062 953 1203 1003 spatio
1232 953 1407 991 circiter
1430 954 1508 1001 780
1534 960 1552 977 3
1583 952 1785 1003 (quorum
1817 952 1890 989 mi-

258 1022 373 1061 nima
394 1023 570 1074 quidem
591 1035 691 1073 pars
712 1023 915 1061 italorum
938 1029 1012 1061 aut
1032 1024 1313 1075 hispanorum
1334 1024 1429 1071 fuit,
1454 1024 1642 1062 maxima
1663 1035 1771 1061 uero
1794 1035 1890 1074 ger-

259 1094 519 1143 manorum),
557 1095 597 1132 in
632 1100 785 1132 nostro
828 1094 992 1146 templo
1029 1100 1120 1133 tum
1156 1095 1387 1134 confessos
1416 1095 1568 1143 fuisse,
1601 1100 1692 1132 turn
1723 1107 1889 1133 sacram

259 1166 613 1204 communionem
634 1166 903 1217 percepisse,
938 1179 993 1204 ex
1025 1167 1226 1205 Patribus
1256 1167 1468 1205 intellexi.
1504 1168 1745 1205 Praetereo
1776 1166 1888 1213 illos,

258 1238 329 1289 qui
359 1237 486 1276 nobis
518 1237 723 1284 confessi,
757 1238 857 1275 alibi
888 1250 1055 1276 sacram
1086 1238 1235 1276 adiere
1266 1239 1464 1276 sinaxim.
1500 1238 1639 1276 Mirati
1671 1243 1771 1276 sunt
1804 1249 1891 1275 non

258 1309 390 1348 modo
412 1310 566 1357 nostri,
591 1308 671 1347 sed
693 1314 737 1347 et
766 1310 914 1360 plures
945 1309 1014 1359 alij
1046 1310 1325 1360 frequentem
1354 1311 1470 1348 hunc
1499 1309 1613 1361 apud
1642 1322 1724 1347 nos
1759 1309 1891 1348 confi-

258 1382 442 1419 tentium
476 1386 519 1419 et
541 1381 955 1419 communicantium
977 1393 1220 1419 numerum.
1246 1381 1363 1419 Inter
1384 1382 1466 1419 hos
1488 1380 1614 1420 circa
1636 1380 1891 1431 quindecim

258 1452 445 1492 vidisses
465 1453 500 1500 b,
525 1453 595 1504 qui
619 1466 715 1491 cum
736 1458 980 1504 prouectae
1003 1453 1160 1490 aetatis
1190 1459 1354 1500 essent,
1388 1465 1465 1491 sua
1493 1459 1680 1504 peccata
1709 1453 1793 1490 ritu
1824 1464 1892 1490 ca-

258 1525 423 1563 tholico
445 1537 664 1574 nunquam
682 1524 961 1571 detexerant,
985 1524 1093 1563 alios
1115 1531 1132 1549 0
1149 1525 1221 1575 qui
1243 1525 1549 1563 conscienciae
1572 1524 1763 1562 latebras
1788 1523 1892 1562 nulli

258 1596 428 1647 aperire
464 1596 555 1634 ausi
590 1595 779 1641 fuerant,
817 1596 925 1634 alios
963 1595 1033 1645 qui
1064 1589 1266 1647 ‘ingenue
1307 1596 1639 1643 confiterentur,
1682 1607 1731 1633 se
1770 1595 1889 1642 uitia,

258 1667 414 1718 quibus
436 1667 591 1704 irretiti
614 1667 893 1713 tenebantur,
917 1667 1034 1704 nulla
1063 1660 1234 1704 ratione
1265 1665 1521 1705 deserturos
1551 1666 1701 1714 fuisse,
1739 1666 1819 1704 nisi
1850 1666 1892 1703 in

258 1744 435 1776 nostros
457 1737 752 1776 confessarios
773 1737 1043 1775 incidissent.
1070 1736 1185 1786 Quin
1209 1743 1253 1775 et
1272 1743 1420 1788 patres
1441 1737 1639 1785 familias,
1664 1743 1802 1776 totam
1832 1737 1892 1775 fa-

259 1810 418 1848 miliam
440 1822 561 1848 suam
588 1809 642 1847 ad
672 1822 753 1848 nos
783 1809 1072 1857 adducentes,
1106 1809 1428 1847 attestabantur
1460 1808 1759 1847 obedientiam
1791 1821 1837 1847 se
1869 1821 1894 1846 a

258 1882 346 1919 suis
370 1881 571 1919 obtinere
592 1893 681 1918 non
701 1893 848 1931 posse,
873 1881 953 1918 nisi
986 1893 1138 1919 eorum
1170 1880 1400 1919 domestici
1432 1881 1593 1918 nostris
1629 1880 1892 1918 confiteren-

259 1959 341 1991 tur.
366 1952 571 1991 Confessi
593 1958 692 1990 sunt
713 1954 920 2003 primates
939 1954 1086 2001 etiam,
1105 1966 1192 1992 non
1214 1953 1340 1991 aulici
1364 1953 1519 1999 solum,
1545 1952 1622 1990 sed
1641 1953 1892 1990 viennensis

259 2037 433 2076 quoque
451 2025 578 2063 huius
599 2030 777 2063 nostrae
801 2026 1008 2063 ciuitatis.
1030 2025 1149 2063 Inter
1166 2037 1277 2075 quos
1300 2030 1367 2063 est
1385 2024 1670 2062 cancellarius
1688 2025 1891 2063 Austriae

258 2097 476 2136 inferioris
518 2103 562 2135 et
602 2097 866 2135 camerarius
906 2097 1110 2136 ciuitatis.
1144 2097 1254 2135 Tum
1286 2102 1331 2134 et
1360 2096 1464 2134 illud
1496 2102 1692 2135 curatum
1728 2102 1810 2143 est,
1847 2102 1893 2134 ut

260 2168 563 2206 confitentium
594 2168 749 2219 singuli
780 2174 881 2218 post
908 2169 1197 2206 absolutionis
1219 2168 1475 2206 benefitium
1497 2167 1673 2218 aliquod
1696 2168 1892 2205 testimo—

258 2241 375 2278 nium
397 2253 421 2278 a
443 2240 700 2279 confessore
723 2241 990 2291 acciperent,
1024 2253 1077 2278 116
1111 2241 1201 2278 sine
1232 2240 1304 2278 illo
1336 2239 1391 2278 ad
1421 2252 1588 2278 sacram
1625 2240 1892 2278 communio-

259 2324 359 2349 nem
382 2312 734 2359 admitterentur,
760 2325 857 2350 cum
879 2311 1111 2363 aliquando
1142 2312 1305 2350 factum
1336 2312 1405 2359 sit,
1442 2317 1489 2349 ut
1518 2312 1685 2362 absque
1722 2311 1892 2350 confes-

260 2384 383 2421 sione
413 2384 607 2422 nonnulli
639 2383 880 2422 tremendis
910 2384 991 2421 illis
1022 2383 1244 2433 mysterijs
1276 2395 1375 2421 sese
1406 2383 1676 2434 ingererent.
1708 2383 1744 2420 A
1774 2383 1893 2420 vien-

1107 2453 1119 2472 2
1151 2467 1363 2493 concessa
1394 2454 1578 2492 facultas
1608 2454 1689 2492 fuit
1726 2465 1892 2491 sacram

259 2456 383 2493 nensi
422 2461 570 2493 autem
602 2456 811 2506 episcopo
843 2454 1075 2505 designato

261 2528 615 2566 communionem
646 2527 713 2577 ijs,
747 2527 816 2577 qui
845 2528 972 2565 nobis
994 2527 1185 2565 confessi
1209 2532 1373 2573 essent,
1398 2532 1472 2564 aut
1494 2527 1654 2576 alioqui
1677 2539 1702 2564 a
1724 2526 1894 2564 confes-

261 2612 361 2638 sore
392 2600 475 2638 alio
508 2599 808 2637 testimonium
839 2598 1047 2636 idoneum
1078 2599 1307 2645 haberent,
1344 2599 1430 2636 hoc
1465 2599 1653 2649 paschae
1691 2604 1891 2649 ternpore

260 2671 602 2710 administrandi.
628 2671 682 2708 Et
705 2683 757 2708 ea
779 2676 846 2709 est
866 2671 1150 2721 plurimorum
1174 2682 1279 2720 erga
1300 2670 1509 2720 templum
1538 2675 1735 2708 nostrum
1759 2669 1894 2708 deuo-

306 2857 326 2877 a
376 2856 513 2894 Prius
529 2855 614 2892 870.
676 2856 739 2880 —b
763 2854 878 2891 multi
898 2855 1137 2892 extiterunt.
1196 2861 1259 2879 -c
1280 2854 1351 2890 alii
1369 2854 1441 2891 hic
1459 2857 1501 2891 et
1515 2854 1650 2901 paulo
1666 2857 1778 2900 post.

309 3046 319 3066 ¹
372 3044 416 3081 P.
433 3043 682 3082 Lambertus
702 3042 830 3080 Auer.

308 3105 321 3124 ²
372 3104 579 3141 Antonius
598 3102 703 3140 Brus
721 3103 771 3140 de
794 3101 981 3148 Muglitz.
