2038 3400
542 245 860 283 449.—PER1J51A
886 245 932 281 26
958 245 1203 282 DECEMBRIS
1233 246 1323 283 1560
1619 245 1688 283 967

113 364 169 389 no
192 355 372 389 costoro
395 349 647 387 alienissimi
668 348 781 387 dalla
801 348 1048 398 frequentia
1069 348 1173 385 delli
1196 348 1427 386 santissimi
1458 350 1732 394 sacramenti,

113 433 399 459 conuennero
424 433 507 458 una
529 421 650 458 uolta
671 420 771 457 tutti
793 420 976 457 insieme
999 424 1043 456 et
1065 419 1209 469 doppo
1233 418 1455 457 d’hauersi
1472 421 1622 458 chieso
1641 434 1734 470 per-

113 493 229 530 dono
250 506 304 530 un
325 493 485 538 l’altro,
506 490 788 529 deliberorno
808 491 889 528 che
908 491 1010 541 ogni
1027 503 1149 528 mese
1167 491 1267 528 tutti
1284 489 1467 528 insieme
1484 492 1525 528 in
1544 505 1627 529 una
1644 506 1735 531 cer-

112 572 156 602 ta
178 565 241 602 lor
264 562 475 602 chiesiola
496 563 530 601 si
552 563 924 609 comunicassero,
948 562 1158 600 accioche
1181 562 1245 599 fra
1264 563 1359 600 loro
1383 575 1553 613 semprc
1576 564 1611 601 si
1634 577 1735 601 con-

112 648 314 674 seruasse
337 640 382 673 et
403 646 685 673 accrescesse
707 635 747 672 la
767 646 875 684 pace
899 638 942 671 et
965 633 1202 671 concordia
1231 633 1422 671 fraterna
1454 639 1496 671 et
1526 635 1734 672 accioche

111 708 138 744 li
160 707 256 745 altri
279 719 325 744 se
347 704 640 756 incitass[er0]
659 717 738 756 per
758 710 914 755 questo
938 704 1133 754 esempio
1165 706 1259 742 loro
1291 716 1314 741 a
1343 704 1406 741 far
1436 704 1464 742 il
1486 703 1639 742 simile.
1665 706 1735 744 Ol-

112 784 177 816 tre
199 776 242 816 di
265 782 422 828 questo
445 776 518 814 doi
536 776 639 814 delli
661 776 814 823 nostri,
839 789 925 813 uno
948 775 1050 814 delli
1071 776 1185 825 quali
1208 788 1281 813 era
1301 775 1549 821 sacerdote,
1573 776 1731 825 furohil

112 863 195 888 con
217 862 323 900 gran
344 847 551 886 instantia
573 847 778 885 chiamati
798 846 914 884 nella
936 846 1054 886 Citta
1075 846 1117 884 di
1138 847 1348 894 Castello,
1373 846 1581 885 acciochi‘f
1614 847 1735 884 rifor-

112 933 305 959 massero
329 932 413 958 una
435 925 557 958 certa
577 920 673 958 loro
707 919 996 973 compagnila]
1023 932 1047 956 0
1069 918 1312 966 fraternita,
1344 920 1383 956 la
1403 920 1530 969 quale
1562 920 1631 969 gia
1663 932 1736 957 era

113 993 311 1043 dispersa
341 997 387 1031 et
416 993 575 1043 partita
596 992 664 1030 dal
687 992 782 1030 loro
804 991 986 1042 pristino
1011 994 1054 1029 et
1075 991 1222 1029 buono
1240 992 1440 1029 instituto
1461 996 1504 1029 et
1526 992 1561 1028 a]
1584 993 1732 1040 tuttlo]

114 1065 149 1102 si
172 1077 246 1102 era
267 1063 506 1102 rifreddata
529 1067 571 1101 et
603 1075 750 1102 mossa
780 1061 835 1100 da
866 1062 967 1113 ogni
1004 1075 1137 1113 opera
1172 1062 1332 1110 buona3
1370 1068 1414 1100 et
1448 1075 1533 1100 non
1573 1063 1733 1100 accade

111 1136 227 1174 ch'io
246 1135 343 1174 dica
360 1141 523 1185 quanto
541 1136 659 1174 aiuto
683 1141 715 1181 a,
735 1138 895 1185 quanta
911 1134 1051 1172 utilita
1068 1140 1111 1172 et
1128 1139 1291 1184 quanto
1308 1133 1444 1172 frutto
1462 1133 1575 1171 delle
1594 1134 1734 1171 anime

110 1209 239 1247 habia
262 1213 444 1259 operato
468 1206 591 1245 Iddio
614 1219 691 1257 per
713 1218 838 1244 mezo
861 1205 903 1243 di
924 1206 1067 1256 questi
1092 1206 1248 1252 nostri3
1271 1205 1461 1243 essendo
1490 1205 1570 1243 che
1592 1205 1734 1242 hanno

111 1280 287 1318 redutta
309 1281 351 1318 in
375 1292 460 1317 uno
483 1279 523 1316 la
543 1277 613 1330 gia
634 1277 831 1328 dispersa
852 1277 1111 1328 compagnia
1127 1281 1169 1314 et
1190 1276 1362 1315 indutto
1381 1277 1491 1314 l'uso
1510 1275 1625 1313 della
1643 1288 1735 1313 san-

111 1353 276 1391 tissima
309 1349 589 1396 comunione,
623 1355 667 1388 et
697 1362 775 1400 per
806 1349 913 1387 dirla
934 1349 975 1386 in
1005 1348 1174 1395 brieue,
1206 1348 1349 1386 hanno
1380 1348 1490 1385 fatto
1523 1348 1563 1385 in
1592 1348 1735 1396 quella

111 1425 217 1463 citta
238 1429 352 1461 tutto
377 1423 524 1474 quello
547 1422 629 1460 che
651 1422 685 1459 si
707 1420 976 1460 richiedeua.
1009 1421 1085 1458 Tal
1118 1420 1198 1458 che
1230 1420 1258 1458 li
1283 1419 1485 1458 cittadini
1515 1420 1647 1457 mossi
1683 1419 1736 1456 da

110 1501 268 1547 questo
292 1494 593 1533 cominciorno
615 1505 639 1530 a
660 1491 886 1531 desiderar
908 1493 1044 1530 molto
1067 1493 1107 1529 la
1122 1491 1394 1542 Compagnia
1412 1495 1455 1529 et
1476 1491 1504 1528 li
1525 1503 1735 1541 pregaua-

109 1581 166 1606 no
190 1566 465 1605 caldamente
489 1565 570 1603 che
594 1565 823 1604 uolessero
846 1564 1025 1602 restarsi
1060 1563 1101 1601 in
1122 1576 1206 1614 que
1229 1564 1380 1615 luogo,
1404 1563 1499 1601 anzi
1522 1575 1734 1600 cercorno

111 1639 165 1677 de
187 1638 384 1676 retinerli
404 1650 482 1688 per
504 1637 639 1675 forza.
661 1637 830 1686 Questa
851 1639 944 1673 cosi
964 1636 1110 1673 buona
1125 1635 1239 1673 fama
1255 1634 1369 1673 della
1385 1640 1530 1673 nostra
1552 1636 1735 1684 Compa-

111 1710 211 1761 gnia
233 1712 255 1748 ὲ
273 1714 395 1747 tanto
421 1708 653 1754 cresciuta,
678 1707 760 1746 che
781 1707 824 1744 in
846 1707 950 1758 ogni
970 1708 1104 1757 luogo
1127 1706 1262 1744 siamo
1299 1706 1510 1752 richiesti,
1535 1712 1578 1743 et
1600 1704 1734 1743 credo

112 1782 192 1819 che
215 1786 365 1832 presto
389 1791 607 1817 uerranno
630 1778 772 1816 alcuni
793 1777 847 1815 da
868 1779 920 1817 V.
945 1778 993 1816 R.
1018 1779 1065 1816 P.
1089 1790 1113 1815 a
1135 1777 1344 1816 chiedere
1366 1791 1422 1815 un
1445 1777 1635 1828 collegio
1659 1790 1735 1826 per

111 1865 196 1890 una
216 1857 339 1890 certa
358 1857 492 1889 terra.
515 1849 640 1889 Veda
661 1849 836 1900 donque
855 1850 907 1887 V.
933 1850 980 1887 R.
1005 1850 1052 1887 P.
1077 1855 1239 1899 quanto
1263 1855 1531 1900 augumenta
1552 1848 1672 1886 Iddio
1699 1849 1737 1886 la

67 1948 70 1951 -
112 1924 382 1975 Compagnia
403 1928 448 1962 et
469 1923 510 1960 in
532 1927 694 1973 quante
717 1934 821 1960 cose
845 1934 891 1959 se
914 1934 968 1959 ne
991 1932 1136 1967 serue,
1160 1934 1238 1971 per
1259 1921 1287 1958 il
1309 1921 1391 1959 che
1409 1922 1539 1971 glene
1557 1920 1736 1958 dobbia-

111 2010 180 2034 mo
204 1995 391 2034 rendere
413 1994 727 2045 specialmente
749 1992 916 2031 infinite
940 1999 985 2030 et
1005 1998 1220 2043 perpetue
1243 1993 1400 2043 gratie.

164 2078 201 2116 7.
261 2067 361 2105 Non
383 2068 499 2104 staro
531 2065 551 2089 ¹³
581 2065 635 2103 de
658 2064 751 2102 dire
774 2078 857 2103 una
879 2077 983 2103 cosa
1012 2064 1127 2102 nella
1160 2065 1286 2114 quale
1323 2064 1357 2101 si
1379 2070 1396 2088 0
1415 2065 1542 2114 potra
1573 2076 1735 2113 cogno-

112 2151 239 2177 scere
256 2139 296 2177 la
317 2137 564 2189 grandezza
581 2136 696 2175 della
716 2136 831 2174 uirti'i
850 2142 893 2173 et
914 2135 1114 2186 potentia
1132 2135 1291 2181 diuina,
1311 2139 1354 2171 et
1375 2135 1495 2185 peril
1515 2134 1734 2172 contrario

115 2223 199 2248 con
220 2210 369 2260 quanti
389 2208 565 2260 inganni
588 2213 632 2246 et
651 2207 803 2246 fraude
826 2208 853 2246 il
876 2206 1082 2245 demonio
1106 2219 1235 2245 cerea
1256 2207 1509 2257 d’ingannar
1539 2207 1734 2244 l’huomo

115 2294 192 2332 per
215 2281 234 2306 ‘¹
256 2280 426 2318 indurlo
448 2281 486 2318 al
507 2284 709 2331 peccato.
733 2280 829 2318 Vna
850 2284 973 2317 certa
1002 2278 1148 2316 donna
1179 2278 1368 2316 essendo
1398 2278 1468 2329 gia
1498 2283 1674 2328 sposata.
1694 2278 1734 2314 in

116 2367 171 2391 un
195 2358 318 2392 certo
342 2353 535 2404 gionene
557 2351 612 2389 da
631 2352 762 2398 bene,
786 2352 887 2401 quel
909 2351 1065 2401 giorno
1094 2350 1253 2388 istesso
1284 2351 1356 2388 nel
1377 2351 1504 2401 quale
1536 2350 1569 2386 si
1601 2349 1734 2387 done-

116 2438 228 2463 uano
252 2424 314 2462 far
336 2425 376 2462 le
398 2435 550 2470 nozze,
571 2422 791 2460 lasciando
812 2423 839 2460 il
855 2422 1028 2473 proprio
1047 2422 1218 2468 marito,
1240 2434 1286 2459 se
1303 2435 1358 2460 ne
1377 2421 1498 2472 fuggi
1514 2426 1735 2458 nascosta-

116 2502 264 2534 mente
287 2495 341 2534 da
361 2495 549 2533 nn'altro
580 2494 785 2545 giouane.
808 2494 862 2531 Et
885 2493 1174 2532 essendonosi
1206 2493 1249 2531 di
1278 2498 1433 2544 questo
1465 2491 1674 2530 auueduti
1708 2491 1735 2529 li

112 2568 222 2613 suoi,
248 2579 461 2606 cercorno
485 2579 569 2605 con
587 2564 659 2616 pisi
680 2565 798 2604 modi
819 2565 861 2603 di
881 2565 989 2604 farla
1009 2566 1238 2605 ritornare.
1264 2565 1416 2605 Costei
1437 2577 1608 2615 sempre
1633 2565 1734 2602 osti-

113 2643 365 2677 natamente
401 2637 520 2676 disse
556 2637 637 2675 che
671 2649 758 2674 non
789 2638 950 2675 uoleua
979 2638 1090 2675 altro
1122 2637 1294 2683 marito,
1327 2638 1382 2674 ne
1404 2636 1487 2674 mai
1517 2635 1733 2673 harrebbe

116 2709 365 2748 consentito
388 2707 431 2746 di
451 2708 604 2759 pigliar
625 2707 738 2746 colui
760 2708 799 2745 al
820 2708 945 2757 quale
970 2719 1044 2746 era
1074 2712 1186 2746 stata
1219 2712 1409 2757 sposata.
1434 2708 1639 2745 Vennero
1663 2718 1733 2745 co-

115 2785 236 2819 storo
259 2780 510 2818 finalmente
529 2779 583 2817 da
603 2780 615 2817 i
636 2777 765 2816 Padri
785 2779 938 2827 nostri,
962 2779 997 2817 si
1014 2791 1140 2818 come
1158 2779 1212 2817 ad
1228 2779 1380 2816 ultimo
1398 2778 1586 2829 refugio,
1605 2778 1734 2828 iqua·

113 2851 141 2889 li
162 2850 416 2889 hauendoui
436 2856 560 2889 usata
581 2851 716 2888 molta
736 2855 830 2889 arte
851 2864 929 2901 per
959 2850 1148 2899 redurla,
1180 2863 1268 2889 non
1302 2850 1453 2888 fecero
1476 2850 1655 2899 profitto
1678 2850 1733 2887 al-

115 2935 241 2969 cuno,
263 2935 331 2960 ma
351 2921 663 2973 s’imaginorno
687 2934 771 2960 una
791 2921 963 2973 miglior
984 2922 1056 2961 uia
1085 2927 1129 2960 et
1160 2922 1471 2960 comenciorno
1503 2933 1526 2958 a
1559 2932 1734 2971 persua-

161 3056 181 3076 a
231 3056 328 3094 Del·
345 3061 398 3094 et.
452 3057 517 3083 —b
537 3060 709 3094 restari).
763 3077 794 3082 —
810 3063 827 3082 0
851 3057 885 3093 si
903 3062 1042 3103 supra
1060 3067 1169 3095 vers.
1222 3056 1289 3082 ——d
1315 3055 1412 3093 Del.
1432 3067 1519 3092 con.
