2038 3400
545 259 875 297 aasz-Commii
901 259 947 296 27
974 258 1211 295 FEBRUARH
1242 257 1330 294 1560
1633 259 1702 296 ,333

126 368 451 413 expeteremus,
472 366 606 410 vtque
630 360 671 398 id
693 361 734 398 in
757 360 1119 399 deliberationem
1142 371 1420 408 poneremusu
1445 359 1592 396 Visum
1616 360 1745 409 igitur

125 437 190 471 est
212 432 469 483 quibusdam
492 431 593 469 uiris
616 432 826 469 consultis
849 436 893 468 et
913 430 1038 468 nobis
1061 429 1256 467 similiter
1292 428 1428 479 magis
1452 441 1504 467 ex
1528 442 1574 467 re
1596 430 1746 468 Socie-

123 505 223 542 tatis
244 504 353 550 fore,
378 504 412 541 si
434 503 619 553 pecunia
649 515 725 552 pro
758 501 1078 540 sustentatione
1108 505 1428 546 numeraretur,
1461 513 1545 550 quo
1579 501 1747 549 singula

122 588 198 625 pro
222 574 431 624 temporis
453 586 504 611 ac
524 573 610 611 loci
633 573 931 622 oportunitate
954 570 1195 621 comparari
1215 575 1411 620 possent.
1437 571 1658 620 Princeps,
1685 577 1745 609 et-

121 646 154 683 si
194 659 281 683 non
328 644 597 682 mediocrem
641 645 682 681 in
728 645 813 681 hoc
858 642 1264 681 incommoditatem
1305 642 1509 688 sentiret,
1559 643 1745 680 assensit

117 721 264 754 tamen
286 716 326 753 in
348 716 463 753 mille
485 727 644 753 aureos
661 714 1064 752 ffrancffordienses
1081 713 1170 764 (qui
1187 713 1280 751 fere
1302 719 1552 764 nongentos
1570 713 1743 751 dalei-os

119 788 387 836 constiuunt)
435 785 475 823 in
521 787 699 824 ciuitate
744 785 988 823 treuerensi
1028 797 1169 822 annue
1214 782 1385 822 duobus
1427 783 1624 822 terminis
1668 797 1742 821 nu-

118 858 364 897 merandos.
402 858 749 908 Archipraesulis
785 857 1090 895 liberalitatem
1125 856 1416 894 vehementer
1445 853 1645 893 admirati
1674 867 1741 892 su-

117 943 224 977 mus,
250 930 435 968 maxime
458 942 554 967 cum
577 928 783 967 Treueris
805 929 937 979 longe
959 927 1137 965 minoris
1161 928 1215 965 ob
1238 940 1382 965 rerum
1405 927 1589 977 copiam,
1613 939 1740 976 quam

116 1002 327 1041 Coloniae
353 1000 555 1049 [ui]uatur
585 1008 618 1038 ἢ.
645 1000 822 1037 Addidit
844 1004 1076 1050 praeterea
1097 1011 1144 1036 se
1166 998 1322 1036 domos
1339 999 1410 1035 uel
1427 998 1739 1036 monasterium

114 1079 265 1111 nostro
288 1073 487 1110 instituto
512 1078 556 1109 et
578 1069 875 1122 prouehendis
897 1070 1053 1119 studijs
1084 1082 1212 1120 quam
1244 1069 1645 1108 commodissimum
1666 1067 1739 1106 de-

114 1145 396 1195 signaturum,
421 1148 552 1194 atque
577 1143 715 1180 omnis
744 1142 920 1192 generis
953 1140 1215 1192 supellectili
1244 1141 1381 1191 probe
1410 1140 1736 1186 instructurum,

113 1219 157 1252 ut
178 1227 308 1252 nemo
332 1213 487 1252 merito
511 1213 721 1263 conqueri
742 1219 908 1263 posset.
942 1213 1105 1250 Mauult
1135 1212 1249 1250 enim
1280 1211 1333 1261 (si
1365 1224 1418 1249 ex
1451 1216 1634 1248 externa
1664 1223 1738 1261 ge-

111 1287 352 1324 nerositate
374 1285 588 1336 praesulis
610 1285 797 1322 animum
820 1285 961 1322 metiri
984 1284 1106 1334 licet)
1127 1284 1254 1321 nobis
1276 1283 1470 1321 nonnihil
1504 1295 1736 1332 superesse

110 1370 236 1408 quam
257 1358 486 1407 quicquam
509 1356 578 1393 vel
610 1355 651 1392 in
683 1355 857 1393 minimo
890 1355 1065 1402 deesse3
1096 1367 1179 1393 nec
1209 1346 1445 1405 quicquam
1469 1353 1735 1404 desyderare

109 1429 225 1480 quod
248 1429 302 1466 sit
323 1428 365 1465 in
394 1425 699 1478 praeiuditium
722 1427 906 1465 instituti
934 1427 1085 1464 nostri.
1112 1426 1226 1476 Quin
1256 1426 1401 1476 potius
1424 1427 1657 1476 scripserat
1689 1439 1734 1463 se

108 1500 234 1538 nobis
256 1505 458 1548 tanquam
480 1498 777 1536 vniuersitatis
798 1499 1071 1548 prouisorem
1094 1497 1196 1535 dare
1217 1502 1484 1548 potesta-tem
1502 1497 1734 1548 magistros

108 1578 152 1609 et
192 1571 400 1609 doctores
441 1571 561 1607 iuxta
606 1569 858 1607 academiae
894 1569 1006 1607 illius
1055 1569 1419 1607 consuetudinem
1456 1569 1647 1616 creandi,
1690 1574 1733 1607 et

109 1643 284 1681 modum
306 1653 466 1692 pueros
488 1641 743 1679 instituendi
765 1642 889 1691 plane
912 1641 1038 1678 nobis
1060 1641 1307 1691 relinquere
1329 1641 1530 1679 liberum.

159 1725 195 1752 2.
255 1713 463 1763 Intelligit
494 1713 541 1750 R.
575 1713 623 1750 P.
661 1712 710 1749 T.
748 1712 959 1760 praesulis
992 1712 1105 1762 piam
1141 1712 1423 1750 affectionem
1455 1724 1507 1749 ac
1536 1712 1577 1749 in
1608 1712 1731 1749 resti-

105 1783 268 1823 tuenda
288 1783 431 1822 veteri
452 1783 666 1834 religione
688 1784 1010 1833 procliuitatem
1034 1788 1077 1821 et
1100 1788 1320 1822 conatum.
1344 1783 1505 1821 Audiat
1534 1796 1649 1822 nunc
1670 1785 1730 1822 vi-

105 1857 247 1894 cissim
274 1854 627 1893 honestissimam
656 1855 783 1898 nobis
813 1855 972 1904 alioqui
1004 1856 1116 1892 ultro
1149 1854 1422 1893 ambiendam
1453 1856 1727 1905 petitionem.

105 1927 298 1965 Ardebat
320 1926 547 1964 nobiscum
575 1926 780 1976 colloqui,
811 1925 889 1963 sed
911 1926 1023 1964 seria
1053 1925 1232 1976 negotia
1253 1927 1409 1977 quibus
1426 1927 1728 1978 destringeba-

102 2005 185 2044 tur,
209 1999 251 2036 in
272 1997 483 2048 principio
508 2009 792 2047 congressum
822 1997 1130 2035 excludebant.
1155 1997 1350 2035 Tandem
1382 1998 1535 2048 sopitis
1565 1999 1726 2048 aliquo-

102 2069 232 2108 modo
265 2068 526 2107 turbulentis
556 2067 813 2117 quibusdam
848 2068 994 2114 rebus,
1032 2081 1112 2105 nos
1147 2081 1198 2106 ac
1233 2081 1417 2107 coenam
1454 2069 1605 2108 venire
1627 2070 1646 2094 b
1676 2083 1727 2108 ac

101 2153 276 2180 mensae
300 2152 404 2178 suae
426 2140 688 2178 accumbere
710 2139 905 2176 iubebat.
931 2139 1029 2187 Qua
1048 2145 1240 2190 peracta,
1264 2140 1465 2190 priuatim
1496 2141 1723 2191 proposito

100 2213 229 2251 animi
249 2213 312 2250 sui
334 2213 461 2249 altius
483 2211 687 2261 repetito,
719 2211 924 2260 singulari
954 2223 1038 2260 qua
1069 2215 1134 2248 est
1164 2209 1396 2261 prudentia
1424 2224 1475 2250 ac
1504 2212 1721 2259 facundia,

98 2285 325 2323 nobiscum
348 2283 695 2333 colloquebatur,
719 2281 930 2331 profitens
950 2288 1102 2331 aperte
1125 2294 1251 2331 quam
1274 2284 1421 2321 mallet
1442 2296 1625 2335 gregem
1643 2283 1723 2322 sibi

100 2355 377 2394 commissum
399 2353 545 2404 potius
577 2352 890 2390 monitionibus
912 2352 1009 2402 pijs‚
1034 2365 1160 2402 quarn
1182 2355 1310 2391 armis
1332 2360 1406 2392 ant
1426 2354 1551 2392 minis
1573 2355 1627 2392 ad
1649 2369 1721 2394 ve-

97 2432 237 2465 terem
258 2425 389 2463 fidem
411 2424 640 2462 reductum
662 2424 727 2470 iri,
752 2435 803 2461 ae
824 2424 1059 2474 collapsam
1080 2437 1193 2475 pene
1215 2426 1482 2464 academiam
1506 2426 1559 2464 ad
1580 2427 1719 2477 pristi-

96 2511 197 2536 num
220 2502 378 2535 statum
398 2508 476 2546 per
497 2508 578 2533 nos
601 2502 618 2520 0
648 2500 911 2541 restaurare,
944 2508 1054 2545 quos
1085 2496 1335 2535 confidebat
1366 2498 1452 2535 suis
1482 2498 1598 2536 votis
1630 2510 1719 2535 res-

95 2580 325 2620 ponsuros,
349 2580 384 2604 si
404 2578 481 2617 per
504 2567 551 2605 R.
575 2567 621 2605 P.
646 2567 695 2603 T.
720 2565 1043 2603 destinarentur
1065 2571 1155 2604 tres
1184 2569 1381 2618 germani
1410 2581 1461 2607 ac
1489 2568 1717 2607 exercitati

97 2640 447 2684 concionatores,
471 2638 543 2687 qui
566 2637 812 2675 eruditione
844 2643 887 2675 et
909 2650 1077 2676 morum
1109 2638 1317 2677 comitate
1345 2653 1396 2678 ac
1416 2640 1486 2690 pia
1507 2641 1715 2678 ciuilitate

94 2711 299 2763 populum
321 2711 362 2748 in
393 2722 512 2747 suam
535 2709 797 2747 sententiam
827 2710 1082 2759 pertrahere
1112 2717 1307 2760 possent.
1342 2711 1512 2749 Deinde
1534 2710 1644 2748 duos·
1674 2712 1713 2749 in

95 2782 321 2832 theologia
340 2780 632 2831 professores,
656 2793 839 2830 quorum
862 2780 991 2817 etiam
1014 2780 1032 2804 d
1067 2794 1201 2831 opera
1223 2788 1266 2820 et
1288 2783 1469 2820 consilio
1501 2784 1542 2820 in
1573 2783 1714 2832 dispo-

95 2854 251 2892 sitione
273 2863 419 2889 rerum
442 2849 839 2889 ecclesiasticarum
869 2850 1100 2901 aliquando
1133 2859 1150 2877 θ
1184 2853 1248 2890 vti
1279 2857 1443 2904 posset.
1480 2855 1713 2891 Praeterea

141 3019 159 3036 a
181 3008 447 3051 Consumpta
467 3005 633 3042 charta.
686 3007 751 3031 —b
784 3006 924 3042 venire
954 3011 1091 3052 supra
1122 3018 1231 3045 vers.
1285 3016 1348 3034 -ο
1368 3022 1440 3055 per
1469 3022 1539 3045 nos
1575 3014 1709 3053 snpra

93 3080 202 3110 vers.
255 3064 320 3092 —d
341 3065 463 3102 etiam
482 3070 619 3112 supra
638 3076 748 3103 vers.
802 3073 866 3092 -θ
881 3066 1097 3113 aliquando
1116 3068 1162 3105 in
1182 3079 1320 3114 marg.
