2038 3400
316 272 387 311 974
783 271 1002 309 [Am-ama
1028 271 1384 318 QUADmMEsrREs

270 376 370 414 festi
391 377 544 414 natalis
567 376 787 415 confessio
809 377 1042 427 generalis,
1068 382 1273 415 uotorum
1295 378 1545 417 renouatio.
1565 379 1682 417 Intra
1697 379 1894 430 priuatos

270 448 459 498 parietes
482 448 681 486 studetur
704 448 1004 486 conscientiae
1027 447 1214 486 casibus.
1241 448 1398 487 Literis
1425 449 1600 500 graecis
1632 456 1676 489 et
1707 452 1894 490 rethori-

270 520 330 556 cis
354 532 487 569 opera
509 520 633 557 datur
656 518 821 556 sedula.
846 518 1018 556 Scholis
1047 524 1256 568 praesunt
1286 526 1605 571 praeceptores
1637 527 1757 569 octo,
1781 535 1892 573 quae

269 590 412 640 potius
434 590 585 640 augeri
608 589 812 627 videntur
828 602 955 640 quam
974 590 1122 636 minui,
1144 603 1232 628 non
1250 591 1607 642 impedientibus,
1627 605 1733 643 quas
1752 593 1893 631 subin-

268 660 323 697 de
354 660 503 698 audire
544 661 663 707 licet,
701 659 958 711 quibusdam
989 661 1390 710 persecutionibus.
1423 663 1634 701 Ordinem
1667 664 1760 702 fere
1792 676 1894 702 eun-

268 731 366 770 dern
390 732 677 770 obseruamus
699 731 740 768 in
763 729 986 769 tradendis
1017 731 1270 782 disciplinis,
1294 733 1367 783 qui
1387 733 1430 771 in
1452 734 1548 783 alijs
1570 735 1774 786 collegijs
1794 748 1893 773 nos-

266 804 341 841 tris
365 804 589 842 obseruari
612 804 740 849 solet,
765 803 970 841 adiuncta
991 803 1189 842 doctrina
1212 805 1463 852 christiana,
1487 811 1534 843 ut
1565 812 1609 844 et
1630 805 1673 844 in
1694 806 1893 844 humanis

264 875 428 912 artibus
451 881 494 912 et
516 875 692 925 pietatis
714 875 927 912 exercitio
950 880 1073 912 aetas
1095 875 1258 914 tenella
1287 877 1426 926 probe
1449 876 1704 916 instruatur.
1731 879 1889 929 Magno

263 958 359 984 curn
381 946 523 983 fructu
546 946 765 984 scolastici
783 947 922 983 nostri
938 946 1197 997 frequenter
1215 947 1496 995 confitentur,
1518 955 1562 987 et
1580 949 1778 999 synaxim
1795 961 1890 1000 per-

264 1018 441 1068 cipiunt,
467 1030 519 1055 ex
543 1018 698 1066 quibus
720 1017 850 1067 aliqui
871 1029 1120 1068 generosae
1142 1018 1300 1057 indolis
1332 1019 1645 1059 adolescentes
1676 1020 1891 1059 Societati

262 1095 438 1126 nostrae
461 1101 508 1126 se
531 1088 754 1135 dedicare,
779 1088 848 1136 alij
883 1088 999 1127 uitae
1021 1090 1294 1128 monasticae
1325 1091 1525 1129 instituta
1547 1091 1751 1142 amplecti
1773 1090 1886 1129 desi-

262 1161 430 1198 derant.
455 1160 750 1211 Tragoediam
782 1160 930 1210 Euripi
962 1163 970 1181 ¹
1004 1173 1101 1199 cum
1132 1162 1341 1213 applausu
1375 1162 1720 1214 frequentissimi
1741 1163 1890 1214 populi

262 1233 302 1269 in
324 1231 498 1283 publico
520 1232 784 1282 proscoenio
822 1231 1116 1280 exhibuimus,
1149 1234 1299 1284 sicque
1331 1235 1509 1285 placuit,
1543 1241 1590 1273 ut
1625 1234 1679 1274 de
1711 1235 1888 1286 integro

261 1316 407 1341 coram
429 1304 720 1342 illustrissimo
742 1304 938 1355 principe
968 1310 1137 1353 nostro,
1172 1306 1485 1345 Reueren.s÷m0
1517 1307 1615 1357 piae
1647 1307 1888 1345 memoriae

260 1376 459 1424 praesule
497 1376 821 1427 salisburgense
843 1377 870 1423 ²,
896 1377 1129 1428 multisque
1161 1377 1259 1426 alijs
1288 1377 1558 1429 principibus
1589 1378 1694 1416 uiris
1725 1379 1889 1429 aprime

261 1447 314 1484 sit
336 1453 448 1485 acta.

311 1528 347 1557 2.
408 1519 762 1557 Exercitationes
783 1526 961 1558 nostrae
989 1520 1031 1558 in
1062 1520 1330 1571 reipublicae
1363 1520 1627 1560 christianae
1649 1534 1774 1560 usum
1797 1534 1886 1559 sus-

257 1595 413 1641 ceptae
435 1590 520 1628 hoc
541 1590 846 1641 quadrimestri
881 1591 1068 1630 foelices
1098 1592 1351 1642 produxere
1374 1592 1558 1640 fructus,
1590 1605 1688 1631 nam
1711 1593 1886 1631 concio-

255 1673 333 1698 nes
355 1665 604 1700 nostrorum
626 1662 883 1713 frequentes
907 1668 950 1701 et
971 1663 1199 1701 feruentes
1221 1669 1377 1702 contra
1397 1663 1752 1702 aduersariorum
1778 1664 1885 1702 liuo-

256 1746 361 1780 rem,
386 1746 513 1783 quam
544 1734 753 1784 plurimos
784 1734 838 1772 ad
870 1735 1028 1773 seriam
1059 1748 1324 1786 permouere
1356 1736 1474 1774 uitae
1507 1735 1882 1783 emendationem3

255 1804 354 1843 hinc
376 1805 647 1843 concubinae
670 1805 968 1854 sacerdotum,
995 1812 1040 1845 et
1061 1806 1280 1846 adulterio
1300 1808 1626 1846 contaminatae
1647 1820 1881 1859 personae,

253 1875 307 1912 ad
331 1877 469 1914 Deum
490 1881 588 1927 post
610 1877 771 1915 multos
792 1890 931 1915 annos
953 1890 1059 1916 uere
1082 1891 1327 1917 conuersae
1350 1885 1466 1927 sunt3
1498 1880 1615 1917 bone
1646 1892 1701 1917 ex
1737 1879 1880 1917 animo

257 1947 323 1985 hic
354 1949 629 1998 praesentiae
660 1955 837 1987 nostrae
869 1951 1158 2000 gratulantur,
1195 1951 1249 1989 ad
1284 1964 1365 1989 nos
1398 1952 1586 2002 petitum
1623 1950 1806 1990 consilia
1840 1956 1883 1988 et

255 2020 619 2058 conscientiarum
641 2021 1020 2060 afflictissimarum
1044 2023 1207 2061 solacia
1228 2023 1491 2073 quaesitum,
1515 2023 1773 2070 accurritur3
1796 2023 1882 2061 aui-

255 2091 432 2129 dissime
455 2092 637 2130 uerbum
670 2092 750 2130 Dei
781 2106 804 2130 a
835 2093 998 2131 nostris
1028 2094 1245 2143 prolatum
1277 2094 1465 2141 auditur,
1489 2094 1549 2132 ita
1569 2099 1616 2131 ut
1637 2099 1732 2132 tota
1752 2093 1882 2144 septi·

253 2175 377 2200 mana
398 2163 469 2200 uix
494 2170 731 2213 expectare
762 2165 901 2214 possit
933 2166 1133 2215 populus,
1158 2166 1217 2203 ita
1239 2166 1392 2204 sitiens
1425 2172 1495 2203 est
1525 2165 1648 2203 uerbi
1679 2165 1880 2203 habentis

254 2234 383 2272 uitam
406 2241 644 2273 aeternam.
673 2236 784 2274 Hinc
805 2237 936 2274 etiam
958 2237 1315 2285 grauissimorum
1348 2242 1392 2276 et
1423 2237 1555 2288 longo
1580 2244 1780 2287 tempore
1810 2250 1880 2274 oc-

252 2307 512 2344 cultatoruin
536 2307 760 2345 criminum
781 2308 951 2358 pondus
975 2308 1088 2359 apud
1111 2322 1190 2347 nos
1213 2308 1456 2360 dep0nunt3
1474 2307 1720 2359 praecipuis
1738 2309 1880 2346 solen-

252 2377 458 2416 nitatibus
481 2379 681 2417 satisfieri
703 2379 1032 2429 poenitentibus
1055 2393 1080 2418 a
1099 2381 1263 2419 nostris
1285 2394 1371 2419 non
1392 2386 1558 2432 potest3
1581 2381 1655 2418 uix
1677 2380 1878 2430 septima-

250 2463 303 2487 na
322 2451 506 2488 elabitur
528 2451 629 2501 quin
651 2451 780 2501 aliqui
803 2450 906 2490 noui
926 2452 1200 2502 poenitentia
1232 2453 1392 2490 salubri
1423 2466 1469 2491 se
1501 2452 1739 2490 emendent
1759 2451 1877 2502 peni-

250 2527 334 2568 tus-3
363 2535 462 2560 sese
498 2524 658 2560 nostris
695 2523 1068 2562 confidentissime
1101 2524 1287 2562 credunt
1319 2537 1486 2571 omnes,
1521 2529 1565 2561 et
1596 2523 1723 2561 unice
1754 2536 1800 2561 se
1833 2527 1876 2560 et

250 2605 353 2630 uere
375 2607 398 2631 a
418 2594 544 2631 nobis
566 2594 703 2632 iuuari
734 2594 940 2641 fatentur,
974 2595 1073 2645 quia
1103 2596 1172 2633 hic
1204 2596 1360 2646 uulgus
1391 2596 1681 2633 uehementer
1709 2595 1876 2632 laborat

248 2676 379 2702 uerae
411 2665 699 2703 confessionis
732 2671 775 2703 et
806 2666 1105 2716 poenitentiae
1123 2667 1388 2717 ignorantia,
1418 2680 1500 2705 nec
1531 2667 1584 2705 al)
1614 2666 1709 2715 alijs
1729 2666 1770 2703 in
1792 2666 1873 2713 his,

245 2742 317 2773 ant
340 2749 435 2774 raro
459 2737 707 2780 admodum,
732 2750 786 2774 ex
808 2743 1022 2788 suggestu
1046 2737 1256 2777 eruditur.
1282 2739 1395 2776 Hinc
1417 2737 1679 2776 adolescens
1701 2736 1873 2788 quidam

293 2971 299 2988 ¹
357 2969 461 3005 Vide
481 2969 584 3006 Litt.
605 2969 858 3016 Quadrim..
885 2969 935 3009 V.
955 2970 1038 3007 314.

288 3029 301 3047 ‘²
353 3028 529 3065 Michael
550 3042 572 3065 a
592 3027 834 3075 Kuenburg.
856 3028 966 3066 Obiit
986 3030 1049 3066 die
1072 3031 1113 3067 17
1133 3030 1330 3068 Novemb.
1366 3031 1468 3069 1560.
1496 3029 1661 3073 EUBEL,
1691 3030 1869 3068 Hierar-

246 3088 405 3131 chia...⁸
427 3088 492 3130 ΙΙΙ,
510 3089 591 3126 309.
