2038 3400
1686 196 1724 206 -›-

606 197 1021 234 254.—-INGoLsi·Ao1o
1054 197 1067 231 l
1098 196 1203 242 MAJl
1237 195 1325 231 1559
1666 195 1729 231 lor>

154 300 254 337 licet
278 299 516 348 conijcere,
542 298 659 349 quod
680 310 731 336 ac
751 296 1085 348 quadragesima
1106 296 1157 333 D.
1189 297 1462 333 Hermannus
1494 302 1499 320 ¹
1535 295 1773 334 ordinarius

151 371 207 408 ibi
231 370 518 408 concionator
541 369 594 407 de
626 369 894 407 necessitate
925 380 976 406 ac
1007 366 1193 404 utilitate
1226 366 1513 404 confessionis
1545 367 1656 416 apud
1686 368 1773 416 ple-

154 443 252 479 bem
276 442 473 480 exactius
495 442 513 460 ἢ
533 441 807 479 tractauerit.

203 523 238 549 2.
299 513 375 549 Est
397 524 533 561 pagus
562 511 661 549 huic
689 510 855 549 ciuitati
886 510 1168 561 propinquus,
1201 509 1273 559 qui
1305 522 1400 546 cum
1434 514 1551 545 esset
1582 509 1771 557 parocho

148 583 398 629 destitutus,
422 595 634 632 proceres
655 581 782 620 huius
804 581 1100 627 accademiae,
1125 580 1197 631 qui
1224 580 1336 617 illius
1366 579 1582 617 ecclesiae
1613 579 1773 616 habent

148 654 611 704 superintendentiam,
647 654 934 703 impetrarunt
964 658 1010 689 ut
1033 665 1142 689 vnus
1161 663 1215 688 ex
1236 650 1397 688 nostris
1419 649 1573 687 diebus
1595 649 1774 687 domini-

148 726 208 762 cis
230 737 281 763 ac
308 725 433 763 festis
465 737 520 762 eo
550 723 593 762 in
623 725 722 763 loco
755 723 1106 769 concionaretur,
1136 734 1187 760 ac
1217 721 1381 771 reliqua
1416 721 1601 770 pastoris
1631 720 1774 757 munia

148 795 305 842 obiret,
325 795 470 834 donec
491 795 600 833 alius
620 800 769 845 pastor
791 795 996 832 inuentus
1014 793 1219 831 desertae
1243 792 1458 830 ecclesiae
1481 791 1770 842 praeficiatur.

146 866 226 915 <juj
250 866 421 904 interea
442 867 488 904 P.
514 865 704 905 Iodocus
726 866 738 886 ²
759 866 1005 916 assignatus
1029 870 1096 902 est
1126 865 1312 915 pastoris
1342 864 1458 910 loco3
1491 863 1563 913 qui
1592 861 1773 913 proinde

146 937 186 974 in
217 938 299 975 hac
325 937 662 988 quadragesima
685 937 884 975 omnibus
907 934 1197 975 confessionis
1220 941 1264 973 et
1286 947 1436 973 sacrae
1460 933 1774 972 communionis

146 1007 463 1046 administrauit
485 1013 772 1046 sacramenta.
798 1007 862 1045 Illi
882 1021 996 1046 nunc
1018 1008 1259 1045 associatur
1281 1006 1336 1043 M.
1360 1005 1620 1044 Guilielmus
1647 1004 1773 1042 Elde-

146 1080 298 1127 tensis,
318 1080 415 1131 piae
439 1081 577 1129 ex[er]
587 1078 805 1118 citationis
826 1080 845 1104 b
869 1085 912 1117 et
934 1079 1059 1117 simul
1080 1076 1282 1129 portandi
1305 1077 1450 1115 oneris
1468 1089 1612 1115 causa.
1636 1075 1771 1115 Ualde

145 1151 391 1189 afficiuntur
421 1150 492 1189 isti
527 1150 675 1200 rusticj
708 1150 773 1188 his
808 1150 934 1188 nouis
968 1150 1216 1201 pastoribus
1247 1149 1349 1195 suis,
1383 1161 1434 1186 ac
1456 1160 1533 1186 eos
1555 1155 1571 1172 ⁰
1593 1147 1772 1185 mirifice

146 1222 309 1268 colunt,
338 1226 575 1272 propterea
603 1220 720 1271 quod
752 1220 899 1258 oblata
928 1232 1127 1271 quaeque
1159 1232 1339 1257 munera
1369 1224 1590 1269 respuant,
1620 1218 1770 1266 jeiuni.

145 1298 324 1343 peracto
349 1293 511 1341 officio,
537 1293 590 1331 ad
613 1307 715 1331 suos
737 1293 935 1339 redeant,
962 1298 1006 1330 et
1034 1293 1077 1331 in
1107 1305 1288 1333 summa,
1323 1290 1457 1329 uerbo
1491 1296 1534 1327 et
1571 1290 1771 1340 exemplo

144 1363 240 1401 illos
270 1363 484 1402 docentes
514 1364 619 1402 nihil
654 1364 734 1401 nisi
754 1364 925 1402 illorum
957 1364 1141 1401 salutem
1177 1362 1413 1412 requirant.
1452 1361 1623 1399 Vtinam
1663 1361 1771 1398 haec

144 1439 293 1473 nostra
314 1435 503 1486 collegia
526 1449 621 1473 cum
645 1448 824 1473 romano
845 1433 1117 1487 germanico
1138 1439 1319 1485 possent
1340 1433 1463 1482 breuj
1493 1433 1639 1484 plures
1671 1446 1771 1483 ope-

146 1507 281 1544 rarios
317 1506 614 1557 subpeditare,
652 1507 723 1556 qui
761 1507 973 1544 ecclesias
1008 1510 1217 1544 vacantes
1248 1505 1318 1542 uel
1353 1505 1406 1542 ab
1436 1503 1670 1542 haereticis
1703 1517 1771 1541 oc-

145 1587 340 1627 cupatas,
366 1577 486 1615 salua
506 1582 653 1615 tamen
676 1590 780 1614 suae
802 1575 1088 1627 professionis
1111 1577 1263 1626 suique
1285 1575 1471 1613 instituti
1491 1575 1710 1621 libertate,
1731 1575 1769 1612 in

144 1649 224 1686 hac
246 1647 447 1686 desolata
468 1648 704 1686 Germania
725 1647 1092 1694 administrarent,
1122 1647 1489 1698 quemadmodum
1517 1647 1587 1684 isti
1613 1646 1770 1685 fratres

143 1719 280 1756 nostri
314 1719 357 1757 in
391 1720 476 1757 hoc
511 1732 597 1757 uno
633 1732 746 1770 pago
783 1719 996 1757 factitant.
1036 1719 1297 1757 Videremus
1334 1718 1515 1756 indubie
1543 1718 1562 1743 d
1590 1719 1770 1756 nebulas

143 1803 339 1829 errorum
359 1791 508 1830 subito
537 1790 770 1843 diffugere,
806 1804 1179 1842 euanescereque,
1212 1791 1400 1829 maxime
1430 1791 1503 1829 ubi
1533 1790 1769 1829 accederet

141 1863 278 1900 tutela
309 1868 352 1900 et
383 1861 621 1901 subsidium
651 1863 838 1910 illorum,
862 1864 935 1913 qui
955 1877 1042 1901 non
1065 1862 1156 1901 sine
1180 1875 1310 1901 causa
1329 1861 1520 1914 gladium
1542 1868 1716 1913 portant
1738 1866 1765 1900 ³.

193 1943 231 1980 3.
291 1934 488 1972 Tertium
510 1934 684 1972 demum
706 1935 844 1981 locus,
878 1935 951 1972 ubi
981 1934 1153 1985 quidam
1186 1947 1240 1972 ex
1272 1935 1431 1973 nostris
1467 1933 1768 1974 confessiones

140 2005 386 2053 audierunt,
409 2006 489 2044 fuit
512 2007 800 2045 celeberrima
821 2008 1167 2058 germanicarum
1191 2007 1430 2054 ciuitatum,
1455 2007 1653 2058 Augusta
1668 2006 1767 2045 Vin-

140 2077 397 2123 delicorum,
435 2090 547 2128 quae
582 2078 682 2116 hinc
716 2091 877 2116 nouem
913 2077 1043 2116 distat
1078 2078 1313 2116 miliaribus
1348 2079 1624 2130 germanicis.
1657 2079 1765 2117 Cum

141 2148 253 2185 enim
277 2149 524 2199 complures
557 2149 833 2187 comitiorum
864 2149 1149 2200 imperialium
1180 2149 1320 2201 gratia
1351 2162 1403 2188 eo
1437 2151 1764 2197 confluxissent,

139 2232 193 2256 ex
216 2218 400 2257 diuersis
423 2219 571 2270 regnis
593 2233 643 2258 ac
664 2221 904 2270 prouincijs
924 2221 1089 2271 legalti]
1116 2227 1147 2263 e„
1172 2234 1253 2259 nec
1283 2221 1393 2259 ullos
1415 2222 1627 2260 haberent
1658 2236 1766 2273 quos

139 2290 242 2327 satis
280 2289 581 2341 intelligerent
605 2291 918 2333 confessarios,
961 2292 1257 2330 necessarium
1288 2293 1366 2330 fuit
1403 2305 1456 2330 ex
1492 2294 1578 2331 hoc
1614 2300 1766 2332 nostro

139 2361 327 2411 collegio
351 2361 589 2400 subsidium
610 2368 782 2412 petere3
807 2369 850 2400 et
872 2369 918 2400 ut
940 2363 993 2400 ad
1015 2363 1288 2414 particularia
1310 2364 1643 2412 descendamus,
1671 2379 1765 2403 uer-

139 2431 218 2468 sati
239 2435 338 2469 sunt
358 2431 401 2469 in
423 2444 475 2470 ea
496 2446 640 2470 messe
664 2434 815 2472 Patres
837 2434 889 2472 D.
924 2435 1079 2472 Petrus
1110 2434 1323 2482 Canisius‚
1360 2436 1638 2486 prouincialis
1667 2450 1763 2475 nos-

138 2507 219 2547 ter,
252 2503 324 2551 qui
356 2508 398 2540 et
430 2503 523 2553 ipse
554 2503 815 2542 dominicam
846 2505 1092 2555 passionem
1123 2506 1341 2556 germanis
1369 2506 1411 2544 in
1431 2508 1594 2558 templo
1619 2510 1764 2546 cathe-

183 2637 203 2656 a
250 2637 405 2675 Praec.
426 2649 464 2675 v.
486 2643 625 2683 supra
643 2649 751 2675 vers.
775 2639 886 2683 ead„
909 2644 957 2677 ut
975 2641 1163 2685 videtur,
1192 2653 1348 2678 manu.
1408 2643 1473 2668 —b
1497 2644 1763 2691 Consumpta

137 2697 290 2733 charta
310 2698 357 2734 in
383 2701 572 2735 extremo
590 2709 734 2735 versu.
788 2706 850 2725 -c
872 2712 940 2736 eos
958 2704 1095 2747 supra
1115 2712 1223 2737 vers,
1279 2702 1345 2726 -d
1365 2702 1471 2738 haud
1487 2703 1620 2740 dubie.

187 2766 203 2779 «ἢ
251 2756 517 2802 Consumpta
537 2757 703 2799 charta.

186 2882 193 2900 ¹
246 2880 289 2916 P.
313 2880 573 2918 Hermannus
592 2881 820 2928 Thyraeus.

185 2942 197 2958 ’·’
246 2939 290 2976 Ρ.
309 2940 482 2986 Jodocus
503 2940 776 2979 Careaeneus.

183 3001 197 3016 ⁹
249 2998 313 3037 Cf.
338 3000 462 3043 ROM..
483 2998 593 3042 ΧΙΙΙ,
615 3002 647 3036 4.
