2038 3400
614 185 908 223 265.—Bunc1s
937 184 980 221 18
1007 183 1115 230 MAJ1
1144 183 1234 220 1559
1632 183 1702 219 205

210 286 401 326 Polanci
421 300 612 326 manu...
637 283 1059 324 Emendata.—Alia
1081 296 1271 322 manu...
1299 283 1498 321 Mandata
1519 296 1594 333 per
1616 288 1745 321 tutto.

211 357 243 396 S
248 358 374 409 igini
392 357 652 409 vestigium.

887 598 996 648 265

560 739 967 787 ALPHONSUS
1000 739 1310 786 RAMIRUS

679 875 830 902 BURG1s
859 866 901 901 18
926 874 1019 911 MAJI
1049 865 1138 902 1559
1166 866 1190 901 ¹.

127 973 156 1012 l.
182 972 425 1012 Sociorum
445 985 677 1012 numerus,
702 971 985 1011 Domesticae
1006 971 1274 1023 disciplinae
1294 970 1547 1024 vigor.—2.
1575 971 1753 1011 Contio-

204 1052 281 1079 nes
301 1040 340 1078 et
362 1037 459 1077 alia
479 1038 748 1089 spiritualia
769 1038 1045 1077 mrivszistem'a.
1066 1037 1753 1089 Sacramentormnfrequenta-

209 1103 387 1143 tia—3.
419 1103 606 1143 Artium
636 1106 675 1144 et
705 1104 964 1156 theologiae
990 1104 1159 1143 studia.
1196 1103 1394 1155 Collegii
1423 1103 1755 1144 bellimarensis

210 1171 517 1209 exstructum.
542 1169 785 1208 Sociorum
806 1170 1032 1208 valetudo.

186 1306 218 1333 1.
278 1298 306 1346 †
328 1295 412 1333 Ihs.
438 1293 685 1332 Admodum
708 1292 815 1332 Rde.
839 1293 881 1331 in
902 1293 1036 1332 Chro.
1062 1294 1207 1332 Pater.
1228 1294 1318 1331 Pax
1335 1293 1497 1332 Christi
1516 1300 1602 1333 etc.
1631 1295 1755 1341 [Bre-

129 1378 223 1404 vem
243 1378 287 1404 se
309 1364 532 1416 futurum
553 1363 694 1414 dicit.]
735 1364 1014 1415 Collegarum
1049 1370 1299 1402 nostrorum
1334 1377 1540 1402 numerus
1561 1365 1755 1415 (praeter

125 1437 236 1475 duos
257 1440 329 1487 qui
349 1436 572 1474 Simancas
606 1435 725 1474 missi
758 1441 871 1483 sunt,
907 1436 1053 1486 ibique
1089 1436 1258 1487 recepti
1292 1436 1333 1473 in
1365 1435 1654 1486 Societatem)
1676 1449 1754 1475 sex

128 1510 303 1547 Patrum
326 1512 392 1547 est
412 1520 464 1547 ac
497 1508 677 1546 fratrum
713 1507 884 1546 decern.
924 1507 1198 1558 Religionem
1235 1519 1388 1545 omnes
1409 1519 1460 1546 ac
1481 1507 1674 1546 debitam
1697 1509 1756 1546 le-

127 1593 228 1631 gum
252 1579 576 1618 obseruantiam
598 1584 764 1618 curant.
798 1578 845 1616 Id
879 1578 998 1629 quod
1032 1578 1262 1617 assiduitas
1292 1578 1572 1629 quotidianae
1596 1579 1754 1618 oratio-

126 1651 206 1700 nis,
231 1655 604 1690 sacramentorum
626 1663 762 1698 amor,
801 1650 990 1689 studium
1025 1649 1394 1699 mortificationis,
1417 1651 1590 1702 publica
1611 1652 1754 1702 culpa-

125 1735 218 1760 rum
241 1722 460 1761 confessio
485 1726 529 1760 et
551 1721 788 1760 earundem
822 1721 1029 1771 frequens
1060 1722 1291 1773 castigatio
1315 1722 1553 1761 declarant.
1578 1724 1755 1761 Permo-

125 1799 196 1831 tos
217 1793 351 1831 credo
372 1793 602 1843 plurimum
638 1792 778 1830 Patris
811 1791 1089 1843 prouincialis
1111 1794 1124 1812 ²
1145 1792 1394 1831 dulcissima
1415 1794 1754 1832 conuersatione

125 1875 176 1902 ac
198 1864 482 1911 sanctissima,
506 1863 577 1913 qui
616 1862 776 1901 bonam
810 1868 979 1913 partem
1014 1863 1377 1914 quadragesimae
1408 1864 1523 1915 apud
1542 1877 1623 1903 nos
1646 1865 1752 1916 egit,

125 1947 222 1973 cum
246 1947 300 1973 ex
322 1935 461 1986 patria
480 1934 563 1973 hac
582 1935 666 1972 iter
687 1934 871 1972 haberet
894 1934 1101 1973 Pinciam.

178 2017 216 2045 2.
276 2007 406 2044 Pater
428 2010 574 2044 rector
597 2010 642 2043 et
663 2006 709 2043 P.
743 2005 904 2043 Sancta
939 2004 1052 2043 Cruz
1072 2008 1085 2028 ³
1108 2006 1346 2044 conciones
1367 2006 1532 2045 habent
1552 2006 1755 2057 frequen-

125 2083 193 2116 tes
215 2077 333 2116 domi
353 2077 562 2127 forisque,
587 2081 630 2114 et
651 2089 780 2127 spero
805 2075 1009 2127 equidem
1045 2077 1436 2125 commodissimas,
1468 2083 1515 2116 ut
1536 2083 1635 2116 sunt
1656 2078 1755 2116 illae

128 2154 172 2186 et
193 2148 393 2187 doctrina
415 2153 459 2186 et
481 2148 632 2199 spiritu
654 2147 916 2187 foecundae.
955 2149 1053 2196 Hic,
1091 2161 1189 2187 cum
1209 2148 1252 2186 in
1273 2148 1442 2200 regium
1465 2149 1755 2187 diuersorium

128 2219 467 2258 concionaturus
488 2219 699 2266 uenisset,
732 2219 953 2257 sacerdoti
985 2219 1155 2258 cuidam
1177 2219 1299 2258 breui
1320 2221 1537 2270 persuasit
1559 2221 1692 2259 vitam
1714 2221 1755 2259 in

129 2291 254 2330 Chr.⁰
273 2291 503 2329 instituere
525 2290 693 2338 maiori,
716 2303 844 2341 quam
867 2295 1143 2339 consuesset,
1166 2291 1346 2342 pietate.
1372 2291 1464 2339 Ille,
1488 2291 1645 2331 latroni
1665 2305 1755 2330 sus-

125 2361 359 2413 pendendo
381 2361 533 2409 adfuit,
558 2362 884 2401 confessionum
919 2362 1091 2401 auditor
1127 2367 1170 2400 et
1207 2375 1356 2401 comes
1379 2363 1480 2401 dum
1502 2362 1752 2401 duceretur.

127 2435 173 2472 In
194 2434 349 2485 quibus
373 2433 529 2472 officiis
550 2434 610 2471 ita
630 2434 853 2472 hominem
874 2433 1039 2481 affecit,
1063 2440 1109 2472 ut
1140 2433 1428 2473 deuotissimo
1451 2436 1595 2473 animo
1617 2435 1658 2472 in
1680 2435 1755 2473 ho-

125 2518 277 2543 norem
298 2505 547 2543 Seruatoris
569 2504 764 2543 crucifixi
786 2509 974 2543 mortem
996 2505 1109 2543 illam
1131 2510 1371 2556 pateretur.
1402 2505 1523 2544 Idem
1545 2507 1675 2544 Pater
1699 2518 1751 2543 ex

174 2692 182 2712 ¹
235 2689 296 2727 Ex
314 2689 578 2736 autographo.
600 2694 643 2725 ut
665 2688 833 2731 videtur.
853 2688 893 2725 in
912 2689 998 2726 cod.
1019 2689 1147 2735 Hz’ss).
1174 2689 1237 2732 96,
1257 2689 1298 2727 ff.
1319 2690 1400 2734 336,
1421 2690 1502 2734 337;
1534 2690 1644 2736 prius
1671 2690 1753 2725 311.

126 2749 239 2787 Anni
257 2749 463 2786 notatione
482 2754 607 2791 caret,
628 2748 699 2784 sed
718 2748 766 2784 ad
797 2747 888 2785 1559
913 2748 1119 2794 pertinere
1148 2749 1320 2793 videtur,
1350 2756 1393 2786 ut
1420 2749 1586 2795 antiqua
1613 2760 1755 2785 manus

124 2810 174 2846 ad
193 2810 349 2846 calcem
367 2807 591 2844 annotavit.

172 2870 185 2888 ²
236 2867 284 2904 P.
315 2867 513 2904 Antonius
534 2867 683 2910 Araoz,
705 2881 754 2905 ex
772 2869 918 2916 oppido
941 2868 1144 2914 Vergara,
1165 2868 1204 2904 in
1224 2869 1430 2915 provincia
1450 2867 1698 2913 Guipuzcoa.

172 2927 185 2947 ³
236 2926 280 2963 P.
297 2925 475 2971 Joannes
501 2925 630 2962 Santa
658 2925 778 2964 Cruz.
812 2926 946 2972 (Prius
970 2925 1151 2972 Joannes
1179 2926 1353 2963 Cussola
1384 2926 1542 2970 dictus).
1576 2924 1753 2971 Collegii

126 2991 258 3023 rector
277 2985 400 3022 fuisse
422 2985 580 3022 videtur
602 2985 644 3021 P.
666 2984 829 3033 Gaspar
847 2987 894 3023 dc
916 2986 1122 3023 Acebedo.
