2038 3400
662 263 993 302 375.—MESSANA
1020 265 1040 300 7
1068 264 1174 313 MAJi
1205 266 1292 303 1560
1669 268 1737 305 637

168 367 217 404 lis
251 374 280 413 ¹,
321 379 406 416 quo
448 367 738 404 Panhormum
778 371 984 411 euocato,
1027 366 1143 416 quod
1184 368 1393 416 reliquum
1437 376 1527 405 erat
1568 370 1781 418 praestitit

170 438 215 474 P.
241 437 444 475 Ottellus.

221 519 257 546 2.
319 507 449 556 Quod
471 507 544 546 diu
563 509 605 546 in
636 509 751 547 uotis
782 507 1066 554 habebamus,
1101 507 1275 545 tandem
1308 509 1399 545 uoti
1421 509 1523 546 facti
1555 517 1784 559 compotes

169 579 410 617 effecimus.
435 579 677 629 Templum,
696 577 812 628 quod
829 578 1055 628 angustius·
1075 585 1181 623 erat,
1202 592 1328 628 quam
1348 585 1392 615 ut
1411 580 1699 617 aduentantes-
1717 583 1786 618 uel

169 650 395 688 continere
414 650 483 687 uel
501 651 699 700 recipere
715 655 868 700 posset
881 651 907 696 ²,
924 662 1057 699 opera
1074 649 1344 699 quorundam
1362 650 1444 687 iam
1462 652 1575 688 bona
1593 659 1784 702 exparte

168 722 369 772 capacius
403 722 628 765 habemus,
651 726 738 758 tam
760 720 1060 759 immoderatis
1082 720 1314 758 affectibus
1344 734 1469 771 opem
1504 736 1621 759 suam
1645 724 1725 760 hac
1748 724 1785 760 in

167 804 213 829 re
236 791 570 838 conferentium,
596 796 639 829 ut
662 805 749 829 non
772 793 911 829 solum
934 792 1059 829 nullis
1082 790 1124 829 id
1148 793 1193 829 P.
1220 792 1419 829 Rectoris
1440 793 1452 811 ³
1477 794 1679 842 expensis
1702 794 1786 831 fac-

168 870 256 900 tum
284 862 430 909 fuerit,
455 875 606 900 uerum
631 864 760 900 etiam
793 863 956 900 maiora
991 863 1116 910 nobis
1153 862 1266 900 haud
1297 862 1492 901 obscuris
1522 865 1788 913 argumentis

167 935 450 985 polliceamur
473 933 742 985 propediem.
768 935 820 971 Et
843 935 1041 984 quamuis
1064 935 1199 972 multo
1218 935 1300 972 iam
1317 935 1510 985 pluribus
1529 936 1789 985 recipiendis

165 1006 469 1053 sufficiat,non
485 1006 627 1055 potuit
640 1011 785 1043 tamen
803 1010 1003 1055 tempore
1022 1006 1382 1056 quadragesimae
1396 1006 1611 1043 interdum
1630 1007 1788 1044 aduen-

166 1078 348 1115 tantium
370 1076 692 1115 multitudinem
709 1076 959 1122 admittere,
981 1090 1078 1114 cum
1100 1082 1245 1114 tamen
1262 1081 1438 1127 praeter
1460 1083 1636 1114 nostros
1654 1077 1787 1126 (quod

164 1161 373 1199 perquam
393 1148 585 1186 insolens
609 1150 693 1197 est)
714 1161 801 1186 non
832 1149 1020 1186 rariores
1052 1154 1222 1198 septem
1247 1148 1473 1186 Messanae
1506 1148 1665 1186 fuerint
1689 1161 1788 1186 con-

167 1222 432 1267 cionatores,
452 1221 522 1270 qui
541 1225 666 1258 extra
682 1219 1059 1271 quadragesimam
1076 1232 1153 1270 per
1170 1224 1310 1258 totum
1334 1232 1491 1257 annum
1514 1221 1655 1257 silent.
1681 1220 1788 1256 Tres

166 1304 218 1330 ex
242 1292 417 1338 nostris,
438 1293 561 1329 statis
583 1291 839 1342 quibusdam
858 1292 1026 1338 diebus,
1046 1291 1087 1328 in
1111 1291 1308 1342 collegiis
1330 1304 1549 1329 sacrarum
1574 1292 1786 1342 uirginum

167 1363 413 1401 concionati
449 1369 562 1409 sunt,
586 1376 674 1401 non
710 1363 802 1400 sine
838 1376 1018 1409 summa,
1052 1361 1168 1414 quod
1202 1363 1597 1413 compertissimum
1628 1363 1785 1409 habeo,

163 1435 398 1472 animarum
422 1435 576 1472 salute.
603 1435 685 1472 Hic
707 1435 741 1472 si
762 1447 1041 1472 numerosam
1064 1440 1287 1472 cateruam
1306 1434 1359 1472 ad
1384 1446 1528 1471 sacras
1551 1435 1788 1472 conciones

165 1505 477 1543 confluentium
508 1518 779 1551 recenseam,
817 1505 921 1543 nihil
953 1505 1153 1543 fortassis
1183 1506 1286 1542 noui
1318 1517 1555 1543 recensere
1587 1504 1786 1551 uidebor,

165 1584 295 1628 atque
316 1577 387 1614 uel
411 1578 465 1615 ob
484 1575 524 1615 id
546 1578 686 1615 libens
708 1582 852 1624 taceo,
879 1577 949 1614 ubi
972 1577 1087 1626 prius
1109 1576 1215 1614 illud
1239 1576 1466 1622 addidero,
1505 1575 1663 1613 inultos
1685 1589 1787 1613 nun-

165 1662 291 1699 quam
313 1654 443 1686 antea
472 1649 514 1686 in
544 1650 708 1699 templo
732 1654 883 1686 nostro
908 1649 1041 1695 uisos,
1065 1661 1223 1697 eosque
1243 1648 1261 1666 a
1283 1647 1510 1698 primariae
1534 1647 1786 1694 nobilitatis,

166 1720 491 1758 confessionum
522 1721 871 1773 concionumque
903 1719 1044 1770 gratia
1078 1719 1338 1766 accessisse,
1372 1721 1594 1768 quosdam
1624 1719 1643 1742 b
1678 1719 1787 1769 plus-

164 1803 291 1840 quam
304 1790 533 1829 decennali
551 1791 755 1828 uitiorum
772 1791 944 1828 sentina
958 1796 1242 1840 expurgatOS‚
1260 1790 1522 1839 plaerosque
1538 1801 1786 1839 persuaso5‚

165 1868 210 1900 ut
227 1875 332 1913 quas
351 1867 474 1900 extra
491 1861 753 1910 matrimonij
779 1862 1019 1912 compedes
1037 1862 1242 1899 mulieres
1259 1860 1377 1899 domi
1396 1861 1689 1907 detinuerant,
1715 1861 1789 1909 eij-

166 1938 329 1973 cerent,
351 1946 402 1971 ac
424 1932 659 1984 legittimas
682 1945 844 1971 uxores
866 1933 907 1970 in
929 1933 1022 1970 iura
1044 1933 1219 1970 thalami
1252 1938 1481 1978 uocarent,
1507 1933 1629 1978 alios,
1664 1939 1709 1969 ut
1731 1933 1788 1969 in-

165 2007 276 2042 iuste
298 2017 504 2055 possessa
525 2004 711 2042 dominis
734 2005 864 2042 etiam
886 2004 1203 2054 ignorantibus,
1225 2005 1325 2041 etin
1345 2003 1526 2041 aliorum
1544 2003 1789 2041 haeredita-

165 2081 254 2113 tem
280 2074 635 2117 succedentibus,
669 2076 966 2112 restituerent.
997 2075 1092 2112 Nec
1123 2075 1318 2119 defuere,
1350 2075 1421 2124 qui
1453 2080 1553 2124 post
1589 2075 1790 2112 diuturna

167 2146 265 2184 odia
285 2146 469 2184 inimicis
490 2146 776 2192 reconciliati,
815 2147 856 2183 in
886 2146 1110 2196 pristinam
1142 2159 1239 2184 cum
1262 2146 1313 2194 ijs
1345 2146 1528 2195 gratiam
1561 2146 1784 2183 redierint.

168 2218 262 2255 Duo
284 2219 365 2255 hac
385 2218 426 2255 in
449 2217 556 2255 urbe
579 2219 687 2256 citra
708 2219 1057 2256 controuersiam
1079 2218 1207 2256 facile
1230 2217 1436 2268 primarij,
1469 2230 1651 2267 quorum
1679 2219 1787 2254 alter

164 2295 310 2338 partes
332 2291 531 2340 proregis
554 2290 747 2327 absentis
769 2292 882 2340 gerit
903 2298 930 2339 ⁴,
955 2291 1209 2341 frequenter
1233 2303 1328 2327 cum
1354 2289 1468 2327 omni
1499 2289 1658 2326 familia
1688 2301 1786 2326 con-

166 2361 363 2400 cionibus
384 2364 614 2410 intersunt,
638 2375 721 2401 nec
742 2375 929 2413 unquam
951 2361 1183 2408 accedunt,
1207 2362 1289 2399 nisi
1311 2373 1467 2413 magna
1491 2363 1698 2400 nobilium
1722 2373 1787 2398 ca-

165 2439 302 2481 terua,
326 2434 399 2485 qui
433 2435 566 2473 officii
600 2435 739 2485 gratia
774 2434 870 2471 illos
907 2434 1192 2472 concomitari
1223 2434 1382 2480 solent,
1417 2434 1561 2484 stipati
1594 2434 1783 2470 ueniant.

211 2576 231 2595 a
281 2581 321 2613 et
338 2576 545 2623 quosdam.
648 2577 711 2601 -b
733 2581 772 2612 et
790 2576 1018 2612 nonnullos.

215 2709 222 2727 ¹
277 2708 321 2745 P.
338 2707 611 2755 Hieronymus
633 2706 882 2744 Domenech.

213 2768 226 2786 ‘²
277 2764 385 2804 Vide
404 2780 440 2814 p.
461 2766 541 2804 438.

212 2826 225 2846 ⁸
275 2826 473 2863 Pantaleo
492 2827 664 2863 Rodino.
1152 2864 1155 2867 .

211 2887 225 2905 ⁴
276 2886 397 2923 cmm
416 2886 631 2930 (Successi
646 2886 940 2928 dell’armata,
962 2900 998 2933 p.
1019 2887 1080 2930 37)
1100 2889 1267 2935 loquens
1287 2888 1336 2924 de
1355 2887 1537 2934 protegis
1570 2885 1783 2932 expeditio-

166 2959 229 2985 ne,
250 2945 317 2982 ait:
339 2945 393 2981 «E
413 2946 559 2991 perch'e
578 2958 601 2982 a
619 2947 715 2992 quel
734 2957 915 2992 gouerno
933 2945 974 2982 in
992 2958 1064 2983 suo
1082 2947 1204 2993 luogo
1220 2952 1395 2983 restasse
1412 2958 1582 2993 persona
1597 2945 1633 2980 di
1649 2945 1784 2991 quella

164 3003 407 3048 sufficienza,
439 3005 513 3041 che
542 3005 781 3046 conueniua.
816 3006 948 3042 elesse
980 3006 1006 3042 il
1039 3005 1079 3043 S.
1110 3005 1326 3043 Fernando
1352 3006 1391 3042 di
1423 3004 1538 3041 Silua
1572 3003 1784 3039 Marchese

165 3063 272 3100 della
291 3063 453 3100 Fauara
472 3063 739 3110 gentilissimo
759 3065 977 3108 eaualiere,
999 3077 1020 3100 e
1040 3065 1385 3102 d'honoratissime
1405 3064 1592 3110 quatita».
