2038 3400
542 260 863 298 347.-—C0L0N1A
889 259 933 296 27
960 259 1199 297 FEBRUARH
1229 259 1317 296 1560
1626 260 1695 297 535

119 363 288 401 Deinde
312 361 538 402 Coloniam
570 363 752 410 reuersi,
785 375 870 413 quo
902 362 1192 400 vehementer
1225 362 1280 398 ob
1312 361 1556 399 diuturnam
1587 362 1739 399 absen-

119 435 221 472 tiam
260 433 586 479 festinabamuS,
630 434 787 484 elapsis
826 433 975 483 paucis
1015 432 1170 470 diebus
1222 432 1417 482 sigillifer
1459 433 1738 479 coloniensis,

118 505 307 556 praesuli
327 504 562 542 admodum
585 504 818 551 familiaris,
842 503 967 542 nobis
990 503 1216 553 respondit
1239 504 1346 540 ΚΜ
1368 503 1541 552 placere
1566 509 1610 540 ut
1633 508 1739 540 tem-

117 577 233 626 plum
268 588 292 613 a
330 574 455 612 nobis
495 574 807 623 desyderatum
850 575 857 594 ¹
896 575 1278 624 amplecteremur,
1321 585 1406 624 quo
1444 578 1487 610 et
1526 573 1743 611 iuuentuti

118 647 243 686 nobis
266 645 564 691 concreditae,
591 651 633 682 et
655 647 816 696 populo
840 645 1191 684 confessionibus
1213 643 1455 691 audiendis,
1480 657 1603 682 sacra
1625 657 1740 682 com-

118 719 321 756 munione
346 722 389 754 et
412 717 544 755 sacris
577 718 862 755 concionibus
892 717 1105 767 prodesse
1136 729 1380 766 possemus.
1417 717 1514 765 Que
1541 716 1741 766 profecto

118 803 188 827 res
208 802 295 826 non
316 788 598 826 mediocriter
621 788 739 826 Chri.
764 789 947 839 gloriam
969 787 1227 838 propagabit
1250 794 1293 825 et
1316 788 1586 826 Societatem
1609 788 1741 824 vehe-

118 865 287 898 menter
310 859 649 905 commendafflt,
674 872 785 909 quae
809 871 981 910 semper
1003 859 1211 897 illustrior
1232 859 1302 896 hic
1325 863 1368 896 et
1395 859 1541 896 notior
1565 870 1661 895 esse
1685 858 1743 895 in-

118 932 235 981 cipit,
261 944 357 969 cum
381 934 423 967 et
446 935 539 968 tota
561 930 746 969 Colonia
767 931 1031 981 cognouerit
1053 930 1213 977 statim,
1247 930 1377 967 etiam
1406 930 1532 967 nobis
1562 930 1743 966 tacenti-

117 1004 212 1049 bus,
236 1015 316 1040 nos
346 1001 399 1039 ad
422 1002 531 1039 Η.οω
558 1002 801 1052 profectos,
836 1014 920 1051 quo
953 1000 1220 1039 academiam
1251 1000 1581 1038 restaurandam
1613 1000 1743 1038 susci-

116 1086 335 1124 peremus.
360 1072 543 1110 Reuersi
564 1073 605 1109 in
629 1072 853 1110 ciuitatem
876 1072 1135 1110 mirabamur
1158 1072 1355 1122 cuiquam
1390 1077 1565 1123 praeter
1587 1072 1743 1110 fratres

117 1150 189 1182 aut
223 1144 507 1196 paucissimos
539 1150 733 1182 nostram
763 1144 1085 1194 profectionem
1118 1150 1387 1194 compertam
1408 1144 1558 1182 fuisse.
1583 1144 1647 1182 Sit
1668 1144 1743 1181 be-

117 1216 318 1254 nedictus
338 1216 380 1252 in
402 1215 578 1253 saecula
601 1216 733 1253 Deus.

168 1299 206 1336 4.
267 1285 333 1325 Ad
356 1287 589 1337 collegium
611 1292 807 1324 nostrum
830 1288 959 1325 venio
982 1287 1024 1325 in
1046 1300 1131 1337 quo
1153 1291 1329 1337 praeter
1349 1287 1561 1338 pietatem
1584 1291 1627 1324 et
1644 1286 1739 1336 phi-

116 1359 343 1409 losophiae
383 1357 587 1404 studium,
630 1358 693 1396 sic
725 1359 854 1396 floret
889 1359 1065 1409 politior
1100 1358 1339 1405 literatura,
1382 1362 1428 1396 ut
1468 1357 1589 1407 (nihil
1626 1357 1739 1395 enim

117 1429 257 1468 dicam
279 1430 333 1467 de
356 1429 520 1467 crebris
540 1428 622 1467 illis
645 1429 1058 1479 declamationibus)
1080 1443 1190 1468 vnus
1213 1443 1267 1468 ex
1295 1430 1623 1468 conuictoribus
1644 1443 1742 1468 nos-

118 1501 193 1540 tris
224 1501 340 1539 mille
363 1501 553 1539 carmina
583 1502 802 1539 asseribus
825 1501 879 1539 ad
910 1502 996 1539 hoc
1024 1502 1185 1552 paratis
1217 1500 1489 1552 appenderit,
1525 1514 1610 1552 quo
1643 1514 1745 1539 suos

119 1572 441 1611 commilitones
480 1571 534 1609 ad
571 1572 708 1610 simile
745 1571 935 1610 studium
971 1573 1213 1610 concitaret
1253 1576 1296 1610 et
1337 1573 1611 1611 exercitium.
1650 1574 1745 1611 Nec

119 1656 195 1694 spe
226 1656 303 1681 sua
333 1644 564 1681 frustratus
597 1648 677 1680 est.
715 1643 824 1680 Nam
861 1644 902 1680 in
936 1644 1114 1694 singulis
1144 1644 1238 1681 fere
1271 1643 1480 1682 classibus
1510 1656 1597 1681 non
1626 1643 1745 1682 iussu

118 1715 314 1762 alicuius,
338 1714 416 1753 sed
446 1714 617 1764 placido
649 1715 824 1752 hortatu
854 1715 999 1765 potius
1030 1714 1221 1762 adducti,
1256 1714 1446 1753 carmina
1475 1715 1742 1766 appendunt,

118 1787 226 1824 alius
248 1797 338 1834 300,
363 1786 470 1823 alius
492 1796 583 1832 200,
607 1785 675 1834 alij
699 1787 921 1836 pauciora,
955 1786 1137 1836 quisque
1159 1799 1237 1836 pro
1260 1787 1422 1837 ingenij
1457 1787 1523 1824 sui
1546 1790 1673 1837 captu
1695 1799 1746 1824 ac

118 1857 341 1896 industria.
368 1857 579 1896 Certatim
602 1857 656 1894 de
678 1857 802 1895 festis
825 1858 1141 1895 celebrioribus
1162 1859 1235 1895 vel
1257 1858 1311 1897 de
1335 1859 1545 1909 temporis
1567 1859 1745 1908 qualita-

118 1935 163 1967 te
198 1941 250 1966 ac
284 1929 468 1975 ratione,
506 1928 695 1966 iocunda
735 1928 968 1966 admodum
1004 1929 1154 1966 auditu
1188 1929 1588 1967 comminiscuntur.
1623 1930 1745 1968 Alter

119 2000 296 2038 alterius
331 2000 575 2036 orationem
607 2004 679 2036 aut
711 1999 900 2036 carmina
931 1999 1158 2037 contendit
1181 2001 1419 2050 corrigere,
1443 2005 1516 2038 aut
1547 2001 1743 2047 aliorum,

117 2071 375 2123 praesertim
396 2071 577 2108 fratrum
600 2070 653 2108 de
678 2071 919 2112 Societate,
946 2071 1095 2108 studet
1117 2072 1275 2109 imitari
1296 2072 1497 2110 virtutes.
1522 2072 1630 2110 Sunt
1650 2073 1745 2122 plus

119 2144 258 2181 minus
280 2148 397 2189 octo,
422 2142 491 2192 qui
514 2141 858 2192 flagrantissimis
880 2143 997 2180 votis
1020 2144 1198 2193 cupiunt
1219 2143 1273 2181 ad
1295 2144 1567 2183 Societatem
1590 2144 1741 2194 recipi3

120 2215 197 2252 sed
219 2216 265 2252 P.
292 2212 544 2252 Leonardus
568 2214 788 2251 existimat
819 2215 1065 2252 consultum
1089 2227 1186 2252 esse
1214 2216 1406 2266 ipsorum
1430 2215 1664 2265 desyderia
1685 2215 1746 2252 di-

118 2286 280 2323 latione
304 2283 606 2322 inflammanda
635 2297 731 2321 esse
761 2297 811 2322 ac
840 2285 1046 2322 fouenda.
1083 2286 1202 2323 Vnus
1235 2293 1380 2324 tamen
1410 2285 1595 2333 illorum,
1630 2286 1746 2323 colo-

119 2356 296 2403 niensis,
322 2367 474 2393 morae
506 2355 751 2405 impatienS,
776 2355 877 2393 dum
909 2357 1079 2406 saepius
1112 2357 1242 2395 etiam
1274 2358 1456 2407 supplex
1489 2358 1535 2395 P.
1560 2359 1746 2396 Leonar-

120 2427 220 2466 dum
257 2432 426 2465 orasset
461 2439 512 2464 ac
546 2427 763 2475 repulsam
798 2440 951 2477 passus
986 2434 1119 2474 esset,
1160 2429 1418 2476 clanculum,
1458 2430 1656 2467 omnibus
1686 2429 1745 2466 in-

121 2498 237 2547 scijs,
270 2511 316 2536 se
348 2499 450 2535 voto
483 2497 695 2534 astrinxit.
736 2497 831 2535 Nec
853 2498 1028 2536 silentio
1051 2499 1421 2549 praetereundum
1444 2512 1542 2538 esse
1564 2500 1743 2545 arbitro,

120 2569 238 2620 quod
259 2569 356 2606 vice
378 2568 573 2606 miraculi
593 2568 745 2606 haberi
767 2570 920 2619 possit.
946 2571 1054 2609 Cum
1075 2571 1248 2621 quidam
1283 2571 1559 2618 adolescens,
1592 2577 1744 2608 nature

122 2640 296 2679 dotibus
323 2639 518 2690 insigniS,
549 2639 817 2677 creberrime
838 2640 964 2678 bonis
986 2641 1169 2691 Spiritus
1191 2642 1340 2681 Sancti
1371 2642 1743 2693 suggestionibus,

122 2718 167 2750 ut
189 2725 235 2750 se
268 2709 480 2750 Societati
509 2711 791 2760 manciparet,
825 2711 1131 2760 reluctaretur3
1164 2714 1342 2752 tandem
1372 2715 1432 2751 ita
1461 2714 1596 2751 sensit
1627 2713 1666 2750 in
1699 2725 1745 2749 se

122 2782 204 2821 Dei
224 2782 329 2820 iram
355 2781 400 2830 [2]
428 2782 654 2829 concitari,
680 2788 725 2819 ut
747 2782 912 2820 duabus
935 2783 1051 2832 tibijs
1082 2786 1204 2823 velut
1233 2798 1287 2823 ex
1316 2785 1479 2836 frigore
1502 2784 1743 2834 diriguerit.

123 2855 206 2892 Hic
236 2866 333 2892 cum
361 2853 519 2890 balnea
551 2853 819 2901 consuleret,
854 2859 898 2892 et
918 2854 1012 2903 alijs
1044 2855 1376 2894 medicamentis
1412 2855 1492 2893 sibi
1522 2855 1745 2905 pristinum

172 3002 180 3021 ¹
234 2999 451 3045 Agebatur
476 2999 526 3036 de
556 2999 708 3036 sacello
740 2999 813 3036 Sti.
843 2999 1020 3037 Servatii
1052 3002 1197 3038 nostris
1229 3002 1436 3038 tradendo.
1468 3000 1529 3037 Cf.
1555 3001 1740 3043 His-sm,

124 3059 206 3103 348,
226 3058 313 3096 419.
