2038 3400
354 199 423 235 784
825 201 1045 238 LITTERAE
1072 202 1426 248 QUADmMEs'rREs

307 301 579 352 grammatici
599 310 713 350 sunt,
737 302 821 341 iam
843 304 947 341 satis
969 303 1123 341 doctas
1144 304 1362 342 lectiones
1383 303 1577 351 audiunt,
1604 308 1646 342 et
1669 304 1772 351 suis,
1796 309 1843 342 vt
1862 316 1938 354 par

307 379 389 421 est,
432 374 702 412 satisfaciunt
742 375 1118 425 praeceptoribus.
1160 375 1280 413 Alias
1320 375 1493 414 scholas
1532 381 1711 426 propter
1749 375 1938 426 inopiam

307 451 591 484 externorum
628 446 891 484 scholarium
926 459 1013 483 non
1043 446 1272 492 habemus,
1307 459 1404 484 curn
1435 447 1477 484 in
1507 447 1593 485 hoc
1627 445 1937 497 angustissimo

308 516 513 568 oppidulo
544 518 649 555 nulli
685 517 783 563 sint,
817 518 888 567 qui
918 517 1055 556 literis
1088 530 1265 567 operam
1297 517 1416 556 dent.
1442 519 1528 556 Res
1549 523 1645 556 tota
1665 517 1807 569 agitur
1828 517 1940 555 intra

304 589 499 639 priuatos
520 590 727 640 parietes,
753 594 907 638 estque
930 589 971 626 in
993 589 1076 627 hac
1097 594 1265 627 tantum
1288 602 1333 627 re
1357 589 1559 628 Societas
1581 589 1662 627 sibi
1690 589 1837 639 potius
1859 589 1939 626 vti-

305 660 354 697 lis
376 672 504 711 quarn
525 661 634 708 aliis,
657 662 855 712 quamuis
873 660 1044 698 duobus
1064 661 1264 710 proxime
1285 661 1443 711 elapsis
1464 661 1702 708 mensibus,
1722 674 1808 711 quo
1830 665 1938 698 tem-

305 743 412 781 pore
433 732 572 770 nostri
594 732 792 781 Recinetj
817 739 836 756 a
858 731 1090 782 degerunt,
1116 732 1170 769 sit
1193 731 1323 769 etiarn
1345 731 1387 769 in
1411 744 1463 769 ea
1491 744 1539 769 re
1572 732 1783 782 proximis
1818 731 1939 770 satis-

305 802 483 841 factum.
518 803 628 841 Nam
650 803 704 841 ad
727 803 898 841 scholas
919 807 1092 841 nostras
1113 802 1308 840 nonnulli
1330 808 1551 841 venerunt
1574 808 1619 840 et
1640 803 1935 852 numerosa[e]

305 874 570 913 multitudini
590 888 827 925 puerorum
857 875 937 913 fuit
968 875 1124 912 tertius
1158 880 1424 924 praeceptor
1458 875 1720 926 assignatus,
1758 875 1829 926 qui
1861 887 1939 913 eos

307 960 390 985 vna
411 960 507 985 cum
526 948 690 998 pietate
711 952 753 985 et
771 947 972 985 doctrina
994 945 1230 985 christiana
1250 947 1400 984 literas
1423 947 1652 994 edoceret,
1671 946 1790 997 quod
1807 947 1938 985 etiam

304 1019 375 1056 hic
397 1019 572 1057 Laureti
595 1019 642 1056 fit
662 1019 681 1043 b
702 1031 781 1069 pro
806 1023 934 1069 captu
955 1018 1244 1068 quorundam,
1268 1019 1340 1068 qui
1371 1017 1425 1055 ad
1459 1030 1540 1056 nos
1561 1018 1790 1056 mittuntur
1811 1024 1842 1056 0.
1867 1017 1939 1055 Ni-

303 1091 433 1128 timur
456 1091 585 1137 enirn,
606 1096 812 1140 quantum
834 1090 875 1127 in
895 1090 1023 1128 nobis
1046 1096 1128 1137 est,
1152 1088 1353 1128 instituto
1378 1089 1614 1128 Societatis
1635 1103 1716 1128 nos
1737 1101 1938 1128 accomo-

304 1161 424 1209 dare,
458 1167 503 1200 et
539 1161 735 1199 eiusdem
770 1162 1008 1200 Societatis
1045 1161 1386 1200 constitutiones
1420 1174 1497 1211 pro
1535 1160 1647 1199 virili
1682 1161 1936 1208 obseruare,

303 1247 484 1285 quarum
506 1233 792 1284 interpretem
815 1233 1043 1271 habuimus
1064 1246 1142 1283 per
1163 1233 1328 1284 aliquot
1350 1230 1445 1270 dies
1468 1233 1515 1270 R.
1550 1233 1726 1270 Patrem
1757 1231 1938 1271 Ribada·

303 1307 469 1344 nieram
501 1312 526 1353 ¹,
565 1312 609 1344 et
630 1319 745 1344 nunc
768 1306 814 1343 R.
841 1307 887 1344 P.
914 1307 1149 1344 Rectorem
1172 1310 1200 1352 2,
1224 1305 1297 1356 qui
1318 1303 1499 1356 singulis
1521 1305 1775 1355 septimanis
1801 1305 1938 1343 semel

301 1390 379 1429 per
401 1376 577 1416 modum
600 1377 921 1416 exhortationis
944 1390 999 1415 ex
1020 1376 1102 1415 illis
1132 1377 1339 1414 vniuerso
1373 1376 1567 1426 collegio
1603 1375 1763 1427 aliquid
1795 1375 1938 1415 decla-

303 1456 383 1497 rat,
416 1463 502 1488 non
534 1450 626 1488 sine
649 1450 816 1500 ingenti
838 1449 982 1487 fructu
1005 1454 1050 1488 et
1073 1447 1379 1487 consolatione
1402 1448 1651 1486 multorum.
1676 1447 1724 1485 In
1745 1447 1937 1486 adventu

303 1528 451 1560 autem
474 1524 520 1560 R.
549 1524 593 1560 P.
619 1522 922 1569 Ribadaniera,
943 1535 1072 1571 quem
1091 1535 1229 1572 nuper
1246 1522 1300 1560 ad
1317 1521 1583 1561 visitandum
1599 1521 1686 1559 hoc
1703 1520 1938 1571 collegium

302 1592 527 1644 delegauit
567 1595 615 1632 R.
662 1599 736 1632 tua
782 1594 1041 1640 Paternitas,
1088 1594 1380 1632 vehementer
1424 1592 1645 1644 permouit
1689 1591 1937 1629 Altissimus

304 1667 495 1704 omnium
518 1666 665 1713 corda,
691 1667 744 1704 ad
765 1665 1030 1717 pietatisque
1053 1670 1096 1703 et
1118 1665 1208 1704 vite
1241 1664 1603 1704 reformationem
1637 1663 1935 1702 inflammauit.

303 1738 411 1777 Nam
441 1738 625 1788 publicis
657 1744 700 1775 et
726 1738 906 1789 priuatis
927 1737 1311 1776 adhortationibus
1332 1738 1403 1776 hic
1423 1738 1465 1775 in
1488 1738 1679 1789 collegio
1702 1735 1859 1774 habitis
1882 1734 1936 1773 de

301 1810 538 1848 Societatis
573 1809 789 1856 instituto,
828 1809 960 1847 modo
998 1815 1043 1847 et
1080 1809 1185 1856 fine,
1224 1809 1367 1860 deque
1404 1815 1611 1847 votorum
1652 1806 1935 1846 innouatione

303 1894 543 1931 eorumque
567 1880 779 1931 dignitate
802 1886 847 1919 et
867 1880 1160 1931 perfectione,
1184 1880 1343 1918 fuimus
1365 1892 1630 1932 magnopere
1653 1879 1861 1918 concitati
1883 1878 1936 1916 ad

303 1953 587 2003 euangelicae
622 1952 909 2002 perfectionis
944 1964 1156 1998 amore1n3
1193 1953 1342 2003 sicque
1381 1954 1533 1990 Patres
1568 1965 1619 1990 ac
1648 1951 1806 1990 fratres
1836 1956 1935 2002 post

300 2024 551 2074 generalem
590 2024 915 2062 confessionem
945 2036 1022 2074 pro
1055 2036 1176 2061 more
1208 2024 1400 2061 habitam
1422 2029 1527 2062 vota
1549 2035 1626 2061 sua
1647 2027 1932 2061 renouarunt.

301 2094 437 2133 Vides
457 2094 620 2146 itaque,
645 2094 881 2132 admodum
904 2095 951 2132 R.
977 2094 1017 2132 in
1041 2095 1216 2133 Christo
1242 2096 1387 2141 Pater,
1411 2107 1496 2144 quo
1520 2095 1562 2132 in
1594 2099 1710 2132 statu
1746 2094 1830 2132 sint
1865 2105 1935 2131 res

300 2166 498 2217 priuatae
533 2173 706 2204 tuorum
728 2167 771 2204 in
793 2166 968 2204 Christo
992 2166 1197 2204 filiorum.
1222 2166 1451 2216 Superest,
1477 2173 1523 2204 vt
1545 2180 1629 2218 que
1653 2167 1694 2204 in
1715 2165 1934 2216 proximo-

301 2251 394 2276 rum
416 2238 771 2276 aedificationem
792 2238 994 2285 fecerint,
1019 2237 1228 2276 dicamus.

354 2321 390 2349 2.
453 2312 657 2350 Proxime
681 2312 828 2361 elapsa
847 2315 1016 2350 aestate
1039 2311 1235 2349 nonnulli
1253 2322 1308 2348 ex
1326 2309 1632 2349 sacerdotibus
1651 2321 1748 2347 cum
1766 2309 1934 2347 duabus

301 2382 511 2420 classibus
533 2388 783 2420 nostrorum
806 2382 1069 2421 scholarium
1092 2381 1292 2420 Recineti
1324 2381 1557 2432 degerunt,
1591 2381 1663 2431 qui
1699 2380 1933 2418 multornm

302 2454 606 2492 confessiones
640 2454 682 2491 in
714 2467 766 2492 ea
798 2455 904 2493 vrbe
937 2453 1184 2501 audierunt,
1218 2453 1449 2491 visitarunt
1470 2453 1666 2491 infirmos
1690 2457 1734 2490 et
1753 2452 1934 2502 priuatis

302 2526 546 2576 colloquiis,
571 2526 682 2564 vinis
706 2525 913 2564 virtutum
937 2524 1149 2577 exemplis
1171 2525 1333 2563 multos
1363 2524 1417 2562 ad
1449 2524 1624 2574 pietatis
1660 2523 1851 2562 studium
1872 2523 1933 2561 vi-

300 2604 460 2649 taeque
494 2597 815 2648 perfectionem
850 2598 1101 2637 incitarunt.
1140 2597 1381 2647 Praecipue
1412 2601 1559 2635 tamen
1590 2596 1638 2634 R.
1674 2596 1720 2633 P.
1754 2596 1930 2642 Rector‚

346 2749 365 2769 a
414 2749 569 2786 Praec.
590 2759 628 2785 v.
650 2749 697 2785 in
717 2749 932 2794 margine,
953 2751 994 2785 et
1009 2747 1189 2793 confuse
1206 2748 1439 2784 exaratum
1459 2746 1506 2782 in
1525 2747 1656 2782 textu.
1710 2745 1775 2770 —b
1802 2743 1845 2781 fit
1862 2754 1933 2780 su-

296 2815 381 2856 pra
399 2820 510 2846 vers.
565 2816 628 2834 -0
659 2807 839 2845 Videtur
856 2808 1026 2846 emend.
1049 2818 1099 2845 ex
1118 2807 1439 2844 committuntur.

347 2962 355 2981 ¹
409 2960 453 2998 P.
476 2959 621 2997 Petrus
640 2957 934 2994 Ribadeneira.
957 2955 1019 2993 Cf.
1045 2956 1356 2999 li’ibadenez‘ra,
1379 2955 1412 3000 Ι,
1433 2954 1516 2992 337.

347 3021 359 3040 ²
409 3020 455 3058 P.
477 3018 684 3057 Oliverius
704 3016 943 3055 Manareus.
