2038 3400
478 251 853 290 &ta-Commio
878 250 925 287 29
950 249 1187 288 FEBRUARH
1217 251 1306 288 1560
1597 249 1662 286 541

87 368 179 393 rum
201 353 599 404 componendarum
623 366 753 391 causa
771 354 890 391 venit
907 351 1063 390 doctor
1081 354 1276 403 Vergara
1299 361 1324 400 ¹,
1345 352 1526 402 diesque
1549 351 1709 400 aliquot

87 440 174 465 non
196 427 287 464 sine
311 427 607 463 emolumento
632 437 729 462 cum
753 423 910 462 eodem
934 425 1098 475 exegit.

140 507 177 544 3.
239 498 387 546 ltaque
411 494 652 533 studiorum
675 495 812 532 series
835 500 879 532 et
900 494 1009 532 ratio
1042 493 1103 536 sic
1139 501 1204 532 est
1239 495 1325 532 hoc
1352 506 1463 531 anno
1500 493 1710 538 instituta,

89 575 134 606 ut
169 574 335 606 tantum
369 579 482 618 pene
517 565 767 605 domesticis
789 566 1065 613 lectionibus,
1089 579 1217 617 quam
1240 565 1434 604 externis
1456 575 1713 602 accrescere

89 640 302 678 videatur.
326 638 395 676 Ad
416 638 683 677 assertiones
705 638 956 677 dialecticas
979 643 1022 676 et
1057 638 1349 688 theologicaS‚
1388 648 1499 686 quae
1536 635 1714 684 singulis

88 710 375 749 hebdomadis
396 710 626 756 habentur,
660 709 868 747 doctores
905 715 947 747 et
983 710 1177 760 magistri
1209 709 1434 746 doctiores
1469 704 1712 756 disputandi

89 783 227 834 gratia
260 782 515 831 frequenter
550 781 746 818 veniunt.
785 781 873 819 Sub
904 780 1019 818 idem
1044 781 1174 818 etiam
1194 784 1369 829 tempus
1392 780 1438 816 P.
1458 779 1714 815 Emmanue-

89 855 173 893 lem
195 850 457 904 professioni
478 851 650 889 admisit
674 853 718 890 Ρ.
743 852 1013 898 Franciscus,
1038 864 1148 902 quae
1186 838 1231 888 ut
1266 863 1382 888 noua
1417 856 1462 887 et
1495 855 1600 886 tunc
1633 848 1715 898 pri-

90 938 204 963 mum
225 924 267 962 in
287 924 370 961 hac
390 923 498 961 urbe
521 928 773 973 conspecta,
798 922 857 960 ita
878 923 1065 961 celebris
1086 922 1354 973 insignisque
1377 921 1456 959 fuit
1478 926 1505 958 ².
1529 919 1715 958 Concio-

89 1010 188 1035 nem
222 996 372 1033 habuit
407 995 536 1031 Pater
566 993 739 1044 quidam
771 994 1070 1032 dominicanus
1091 994 1133 1032 in
1155 993 1467 1044 theologorum
1488 990 1715 1042 gymnasio

91 1068 141 1104 D.
180 1067 375 1104 Thomae
414 1064 653 1115 professor.
693 1064 935 1103 Interfuere
972 1065 1051 1102 viri
1085 1064 1255 1115 plurimi
1294 1068 1422 1114 atque
1460 1061 1713 1113 dignissimi,

90 1143 176 1176 tam
198 1137 252 1176 de
275 1138 325 1174 D.
348 1135 539 1174 Illefonsi
563 1137 760 1186 collegis,
784 1149 911 1186 quam
934 1136 1067 1186 ipsius
1099 1135 1244 1186 oppidi
1275 1134 1443 1172 ciuibus
1478 1146 1528 1172 ac
1563 1133 1717 1183 magis-

91 1215 220 1247 tratu.
259 1208 428 1258 Quibus
457 1207 657 1244 nimirum
688 1219 785 1244 cum
817 1219 982 1244 summa
1002 1206 1308 1245 aedificatione
1329 1206 1558 1256 plurimum
1581 1204 1717 1254 digni-

91 1281 192 1319 tatis
208 1280 249 1318 in
267 1292 314 1316 se
331 1279 493 1316 habere
512 1291 582 1316 res
601 1291 653 1316 ea
671 1278 870 1315 omnibus
892 1278 986 1316 uisa
1007 1283 1089 1316 est.
1114 1276 1375 1316 Valetudine
1399 1289 1503 1327 prae
1526 1276 1717 1314 coeteris

91 1352 212 1390 annis
234 1351 337 1388 satis
357 1361 568 1400 prospera
589 1350 653 1386 usi
671 1362 834 1395 sumus,
855 1348 1158 1399 credimusque
1181 1362 1268 1387 uon
1284 1361 1434 1399 parum
1456 1347 1509 1386 ad
1532 1349 1715 1385 salutern

92 1422 271 1460 fratrum
293 1420 531 1458 contulisse
554 1420 745 1466 domum,
769 1432 879 1470 quae
901 1432 1063 1458 nouem
1085 1420 1242 1458 abhinc
1263 1419 1472 1468 milliarijs
1497 1418 1717 1456 aedificari

94 1498 266 1543 coepta,
290 1493 478 1529 honesta
498 1491 775 1529 recreatione
799 1491 970 1541 situque
992 1489 1300 1529 amoenissimo
1322 1489 1350 1537 ³,
1375 1490 1717 1528 valetudinarios

92 1565 134 1602 in
155 1562 381 1614 pristinum
404 1560 546 1612 erigit,
572 1561 849 1612 sospitesque
872 1561 1079 1600 custodit.

174 1634 282 1673 Illud
303 1647 409 1672 vero
433 1646 457 1671 a
478 1633 573 1670 Deo
596 1645 676 1670 nos
698 1645 870 1684 semper
891 1633 1152 1683 flagitamus,
1178 1638 1225 1670 ut
1254 1638 1314 1680 te,
1347 1633 1492 1679 Pater,
1531 1631 1604 1669 diu
1639 1631 1718 1669 sibi

95 1711 243 1744 seruet
278 1705 555 1750 incolumem,
594 1705 714 1742 cuius
749 1705 953 1754 precibus
988 1718 1039 1743 ac
1061 1705 1284 1754 sacrificijs
1305 1705 1442 1742 iuuari
1463 1717 1544 1742 nos
1567 1716 1718 1742 omnes

95 1778 382 1815 vehementer
421 1776 692 1813 confidimus.
736 1776 953 1826 Compluti
993 1776 1129 1826 pridie
1170 1775 1377 1814 kalendas
1416 1775 1556 1824 Martij
1603 1776 1716 1823 1560.

96 1849 145 1886 T.
170 1848 217 1885 Ρ.
242 1860 395 1885 seruus
416 1846 757 1896 indignissimus,

1034 1967 1061 2015 †
1088 1966 1296 2016 JOSEPHUS
1329 1966 1499 2004 Acosm
1528 1969 1556 2004 ⁴.

146 2166 154 2185 ¹
209 2165 444 2211 Alphonsus
463 2162 653 2199 Ramirez
673 2162 721 2198 de
741 2161 946 2208 Vergara.

146 2225 158 2244 ²
208 2223 459 2261 Sollemnem
480 2222 768 2270 professionem
790 2222 921 2257 emisit
941 2221 983 2257 P.
1007 2220 1250 2258 Emmanuel
1271 2221 1407 2269 Lopez
1434 2222 1498 2258 die
1532 2222 1574 2259 18
1601 2222 1720 2260 Octo-

97 2284 179 2320 bris
200 2283 301 2320 1559.

144 2343 157 2364 ³
213 2343 363 2379 Domus
385 2343 506 2388 vulgo
524 2342 629 2377 dicta
651 2341 787 2387 «Jesus
806 2340 871 2376 del
893 2339 1068 2382 Monte»,
1092 2353 1214 2386 prope
1240 2341 1427 2386 oppidum
1456 2340 1643 2378 Loranca
1671 2342 1720 2379 de

98 2402 270 2450 Tajuna.
293 2401 356 2438 Cf.
378 2401 480 2438 Lz'tt.
501 2400 752 2447 Quadam,
777 2399 827 2442 V,
848 2398 928 2435 726.

146 2462 159 2481 ⁴
209 2460 317 2498 Vide
336 2473 373 2507 p.
393 2460 475 2496 353.
