2038 3400
345 255 417 294 660
821 258 1042 296 LITTERAE
1069 259 1426 305 QUADmMESTREs

299 359 384 397 lum
409 360 504 399 Deo
527 367 571 399 et
605 361 852 400 hominibus
884 363 909 399 ¹.
943 362 1106 400 Omnes
1129 362 1210 399 sibi
1240 361 1294 400 de
1315 362 1443 400 nobis
1478 375 1644 400 summa
1676 363 1818 400 omnia
1837 363 1928 412 pol-

299 430 500 470 licentur.
526 433 591 470 De
615 434 742 471 coelo
767 433 847 470 sibi
869 433 1025 471 missos
1046 432 1099 470 ad
1122 433 1306 471 salutem
1327 446 1408 471 nos
1430 432 1645 471 dictitant.
1671 435 1780 472 Sero
1801 433 1928 471 nimis

298 500 569 541 Societatem
593 504 859 555 cognouisse
891 510 1173 555 quaeruntur.
1209 505 1328 542 Deus
1360 504 1441 554 Op.
1463 506 1575 542 Max.
1613 505 1721 542 faxit
1749 517 1804 542 ne
1837 509 1927 542 tan-

299 578 386 611 tam
407 574 630 613 hominum
655 576 708 613 de
730 576 856 613 nobis
880 575 1237 626 expectationem
1268 576 1483 614 fallamus.
1524 575 1654 625 Quod
1684 589 1771 614 non
1801 588 1926 614 vere-

296 658 405 693 mur,
432 647 463 683 si
487 647 536 685 T.
562 648 608 685 P.
633 659 790 697 preces
813 655 831 672 a
851 648 1012 685 nostris
1034 649 1239 697 precibus
1260 647 1374 698 apud
1397 649 1538 686 Deum
1559 648 1578 672 b
1601 648 1871 686 accesserint
1892 655 1922 685 0.

296 717 502 768 Reliquos
524 720 677 757 Patres
699 719 943 770 fratresque
967 719 1128 757 ibidem
1152 724 1379 757 manentes
1413 719 1456 757 in
1478 720 1721 757 visceribus
1744 719 1924 757 charita-

293 788 346 825 tis
369 790 620 828 salutamus,
646 791 798 830 Gratia
817 791 988 829 Domini
1005 791 1144 829 nostri
1157 792 1414 842 Jesuchristi
1435 792 1489 829 sit
1508 804 1604 829 curn
1629 790 1827 829 omnibus
1848 804 1924 828 no-

291 858 371 897 bis.
395 860 551 899 Arnen.
578 863 715 900 Datae
739 862 960 913 Segobiae
984 862 1155 900 decimo
1179 863 1366 913 septimo
1390 862 1594 901 calendas
1611 862 1740 913 Junij.
1764 862 1829 899 Ex
1853 875 1923 900 co-

291 930 498 970 missione
522 933 629 971 Pris.
655 933 855 972 rectoris.
877 934 925 971 T.
954 934 999 971 P.
1024 933 1137 971 filius
1158 933 1377 984 indignus,

1172 1028 1200 1076 †
1231 1026 1448 1064 ANTONms
1480 1026 1650 1063 TORRES
1681 1029 1700 1069 †
1732 1025 1758 1063 “-’.

1050 1256 1151 1308 381

670 1398 721 1443 P.
766 1397 1046 1445 GASPAR
1086 1398 1516 1445 HERNANDEZ

781 1540 1049 1567 SALMANncA
1075 1528 1121 1566 20
1147 1540 1241 1578 MAJI
1270 1530 1361 1566 1560
1388 1531 1415 1567 ³.

280 1631 312 1668 1.
340 1630 571 1669 Numerus
591 1633 630 1669 et
651 1631 863 1669 valetudo
888 1633 1166 1670 nostrornm.
1190 1631 1236 1669 P.
1261 1630 1454 1670 rectoris
1474 1632 1707 1670 sollemnis
1738 1636 1913 1685 projes-

358 1696 441 1735 sio.
477 1695 640 1735 Subita
672 1709 797 1735 mors
825 1696 1025 1736 alicuius
1044 1695 1338 1747 fratrisaee2.
1367 1687 1658 1736 Fervor'z‘am
1681 1698 1727 1736 in
1747 1699 1914 1737 studiis

359 1775 495 1812 quam
519 1762 565 1801 in
591 1762 761 1801 virtu-te
789 1764 922 1812 atque
951 1763 1240 1801 observanfia
1272 1762 1601 1815 regztlari.*3.
1631 1764 1804 1815 Magna
1836 1768 1911 1815 po-

355 1827 457 1877 puli
493 1828 762 1879 frequentia
813 1830 873 1867 ad
921 1828 1351 1880 quadragesimales
1395 1828 1636 1868 contiones.
1687 1830 1911 1868 Doctrina

357 1893 617 1932 christiana
642 1893 800 1944 pneris
831 1894 1156 1933 tradimur—4.
1203 1895 1249 1932 P.
1288 1897 1440 1933 rector
1475 1894 1725 1933 comilaz‘ztr
1747 1895 1910 1943 episco-

352 1962 461 2009 pum
484 1960 529 1998 in
548 1960 782 2010 pastorali
801 1959 1076 1999 visitatione.

333 2089 366 2116 1.
426 2079 560 2129 †Jhs.
586 2079 687 2128 Muy
709 2079 806 2116 R.<10
831 2080 900 2117 Re
922 2092 1017 2117 nro.
1050 2092 1102 2117 en
1135 2079 1267 2118 Chro.
1302 2081 1454 2118 Gratia
1485 2086 1529 2118 et
1559 2092 1642 2130 pax
1675 2081 1792 2120 Chri.
1828 2082 1908 2119 Las

276 2163 403 2188 cosas
424 2164 509 2201 que
532 2164 578 2189 se
603 2152 806 2190 ofrescen
828 2165 929 2202 para
952 2151 1026 2189 dar
1050 2157 1210 2190 cuenta
1226 2164 1250 2189 a
1271 2152 1322 2190 V.
1348 2153 1395 2190 P.
1416 2153 1568 2190 destos
1590 2158 1743 2203 quatro
1763 2165 1907 2191 meses

272 2222 472 2272 prc'inme
495 2223 721 2273 passatios,
747 2237 826 2261 son
849 2236 1076 2270 comunes3
1101 2237 1126 2273 y
1148 2236 1226 2274 por
1255 2230 1349 2261 esta
1381 2236 1524 2271 causa,
1549 2237 1574 2273 y
1597 2224 1787 2262 tambien
1809 2237 1905 2274 por-

273 2306 358 2344 que
382 2307 459 2344 por
484 2300 602 2332 otras
634 2297 779 2333 estara
802 2307 855 2345 ya
875 2296 926 2333 V.
954 2296 998 2333 P.
1023 2294 1203 2333 auisado
1228 2295 1281 2333 de
1304 2296 1365 2332 las
1388 2308 1515 2333 cosas
1546 2295 1670 2333 deste
1695 2295 1903 2346 collegio,

270 2378 323 2402 en
347 2367 442 2403 esta
462 2368 561 2403 sere
584 2367 737 2404 breue.
763 2367 811 2403 El
834 2370 1018 2404 nuinero
1042 2366 1096 2403 de
1119 2366 1184 2404 los
1206 2378 1291 2416 que
1315 2372 1508 2404 estamos
1530 2367 1643 2416 aqui,
1669 2379 1716 2404 es
1745 2367 1783 2404 el
1806 2366 1902 2403 mis-

268 2449 338 2475 mo
361 2449 444 2486 que
469 2451 523 2475 en
545 2438 585 2475 la
607 2438 901 2487 quadrimeste
924 2438 1124 2488 passada,
1151 2438 1339 2476 sacando
1363 2451 1449 2476 vno
1473 2451 1557 2488 que
1581 2451 1627 2476 se
1650 2439 1705 2476 ha
1735 2439 1900 2488 recebi-

311 2575 330 2594 ²²
381 2575 533 2612 Praec.
567 2586 606 2610 v.
639 2573 745 2611 add.
779 2578 917 2619 supra
952 2584 1142 2611 versum.
1208 2574 1271 2598 -b
1313 2573 1404 2620 Seq.
1442 2573 1524 2610 del.
1558 2573 1897 2620 depraecandum.

268 2644 328 2661 —0
351 2634 536 2672 Emend.
559 2645 609 2671 ex
635 2634 864 2671 accesserit.

312 2769 319 2787 ¹
375 2766 438 2804 Cf.
460 2767 476 2803 Ι
498 2766 616 2811 COR..
638 2765 710 2807 IV,
727 2766 761 2803 9.

309 2828 321 2847 ²
371 2826 480 2864 Vide
498 2827 574 2863 Lz't.
595 2826 846 2872 Quadrim.,
870 2825 922 2867 V,
942 2825 1001 2870 70,
1030 2830 1166 2862 annot.
1189 2824 1225 2861 2.

308 2887 320 2906 ³
375 2885 434 2922 Ex
453 2890 613 2931 autogr.
635 2885 674 2921 in
693 2885 778 2922 codv
803 2885 930 2932 Ht‘sp.
955 2884 1022 2927 97,
1044 2884 1066 2920 2
1083 2883 1141 2927 ff„
1164 2896 1232 2920 nn.
1264 2884 1343 2928 153,
1376 2884 1453 2929 154;
1483 2883 1594 2931 prius
1623 2884 1677 2920 10.
1707 2882 1825 2928 Quae
1845 2883 1893 2918 de

261 2946 430 2982 rectoris
449 2945 699 2992 professione
719 2951 759 2981 et
777 2945 985 2981 doetrinae
1006 2944 1276 2990 explicatione
1295 2943 1390 2980 dicit
1409 2948 1563 2986 auctor,
1584 2943 1746 2990 longius
1773 2948 1812 2979 et
1831 2955 1876 2978 ac

258 3005 438 3042 curatius
457 3009 713 3052 exponuntur
733 3004 770 3040 in
799 3004 968 3050 epistola
987 3004 1177 3041 Roderici
1197 3002 1386 3047 Zet-tilla,
1403 3003 1467 3040 die
1485 3002 1532 3039 29
1551 3002 1764 3039 Februarii
1783 3003 1889 3042 data.

258 3077 363 3112 quae
383 3065 590 3102 invenitur
607 3065 646 3100 in
676 3065 816 3100 eodem
837 3065 921 3101 eod.
943 3064 982 3101 ft.
1005 3063 1063 3107 62,
1083 3063 1141 3101 63.
