2038 3400
578 283 942 321 4ΟΟ.-ΜοΝΑεΗῙο
967 283 989 319 6
1016 283 1206 320 Auousri
1238 283 1325 319 1560
1645 283 1714 320 713

142 386 224 423 sint
247 400 431 439 magnae
454 388 660 425 iuuenum
683 384 971 433 multitudinis
994 398 1192 435 capaces.
1219 386 1272 423 M.
1294 386 1509 425 Henricus
1528 387 1760 436 Dionysius

141 457 542 506 frequentissimum
575 470 625 495 ac
662 457 996 495 celeberrimum
1029 457 1161 493 habet
1196 456 1474 503 auditorium,
1508 457 1607 494 dum
1639 456 1761 495 festis

141 541 191 565 ac
221 529 354 566 sacris
383 528 538 566 diebus
569 528 611 565 in
648 539 816 565 summo
851 528 1014 576 templo
1052 527 1352 565 concionatur.
1393 528 1500 577 Quis
1530 532 1676 565 autem
1709 527 1761 565 sit

141 599 266 637 huius
289 599 476 638 ciuitatis
499 605 652 645 status,
677 599 782 637 item
805 599 899 648 alijs
921 598 975 635 de
994 599 1139 644 rebuS,
1164 599 1259 647 alijs
1276 599 1412 636 literis
1431 599 1631 650 exposuj,
1651 611 1760 648 quae

143 683 238 708 cum
261 671 326 708 his
348 671 575 708 mittuntur
600 673 625 707 ¹.
651 671 862 708 Dominus
885 671 1004 708 Deus
1035 682 1111 707 sua
1134 669 1366 707 clementia
1395 670 1448 707 ad
1480 676 1643 707 tantam
1676 671 1760 707 col-

140 743 286 793 lapsae
310 742 573 781 Germaniae
608 742 779 779 uineam
810 741 1062 791 erigendam
1099 746 1141 778 et
1174 741 1461 779 excolendam
1491 746 1762 792 opportunos

141 813 331 852 artifices
366 818 496 863 atque
539 812 778 851 industrios
816 813 1039 862 operarios
1081 812 1256 850 mittere
1296 811 1514 863 dignetur.
1552 811 1761 849 Audimus

141 884 376 935 collegium
393 889 654 922 treuerense
686 883 905 922 foeliciter
929 883 1151 935 progredi,
1177 883 1441 934 domumque
1470 883 1697 932 instaurarj
1721 882 1761 920 in

139 957 318 994 fratrum
341 955 597 993 aduentum.
624 956 668 994 Si
691 955 793 992 illud
815 955 919 993 item
940 961 983 993 et
1005 956 1259 993 louaniense
1282 955 1365 991 fixa
1388 955 1596 993 iecissent
1613 954 1761 992 funda—

141 1033 301 1074 menta,
327 1027 591 1065 duceremur
623 1026 921 1065 subleuandae
942 1027 1068 1066 huius
1097 1027 1349 1077 prouinciae
1381 1028 1433 1076 (ἓ)
1465 1035 1482 1051 ³
1518 1040 1592 1077 spe
1630 1027 1760 1077 longe

141 1100 341 1137 maxima.
364 1099 641 1149 Quicumque
661 1104 806 1137 autem
829 1099 1003 1149 collegij
1027 1098 1161 1146 nostrj
1184 1099 1421 1137 obseruant
1442 1099 1647 1137 foelicem
1665 1111 1762 1148 pro-

140 1182 353 1220 gressum,
380 1174 423 1208 et
445 1170 726 1216 admirantur,
752 1176 795 1207 et
814 1171 909 1208 Deo
933 1170 1033 1220 Opt.
1055 1171 1168 1208 Max.
1201 1171 1363 1220 gratias
1384 1169 1617 1208 immensas
1652 1170 1763 1208 refe-

141 1246 239 1279 runt
260 1254 337 1292 pro
362 1241 582 1279 uberrima
603 1240 820 1279 donorum
843 1254 1019 1279 suorum
1041 1242 1287 1292 largitione,
1317 1254 1428 1292 quae
1451 1241 1504 1279 ad
1527 1241 1763 1291 discipulos

142 1325 278 1364 usque
297 1324 471 1350 manare
491 1312 710 1350 uidentur.
732 1313 967 1350 Precamur
983 1325 1097 1350 nunc
1115 1313 1250 1363 (quod
1267 1313 1479 1364 reliquum
1505 1314 1588 1361 est)
1620 1313 1763 1364 singu-

140 1384 184 1433 lj,
204 1390 249 1421 ut
269 1390 312 1422 et
330 1385 380 1422 V.
402 1384 450 1421 R.
472 1382 752 1421 Paternitatis
770 1384 969 1421 iuuemur
986 1383 1205 1434 precibus,
1227 1388 1270 1421 et
1283 1385 1475 1431 Pastum,
1495 1385 1762 1435 fratrumque

142 1456 331 1494 omnium
354 1456 424 1505 qui
446 1455 576 1493 isthic
599 1460 941 1502 commorantur,
980 1461 1025 1493 ut
1048 1468 1145 1494 cum
1167 1468 1324 1507 magno
1347 1456 1588 1494 animorum
1609 1457 1761 1495 foeno-

141 1541 186 1565 re
210 1527 342 1566 uitam
363 1532 557 1566 nostram
581 1526 873 1565 traducamus.
899 1527 1111 1566 Coloniae
1139 1528 1251 1576 1560.
1277 1528 1337 1576 55*
1359 1528 1560 1579 Augusti.

222 1601 269 1638 R.
295 1600 340 1638 P.
363 1599 416 1637 V.
442 1612 596 1637 seruus
619 1599 837 1649 indignus,

989 1730 1007 1770 ἢ
1040 1726 1290 1763 LEONARDUS
1322 1726 1485 1763 KmssEL
1517 1728 1543 1775 †
1575 1726 1600 1762 ².

221 1806 381 1859 Sigillz‘
403 1807 664 1858 vestigium.

903 1987 1019 2037 400

484 2129 535 2173 Ρ.
575 2128 1068 2177 THEODORICUS
1103 2129 1418 2177 CANISIUS

629 2252 841 2279 MONACHIO
867 2243 890 2277 6
917 2253 1094 2280 Aucusrl
1128 2244 1215 2280 1560
1241 2245 1265 2279 ³.

141 2347 172 2382 1.
211 2343 453 2383 Sociorum
489 2356 720 2390 numerus,
759 2344 1088 2395 occupationes.
1129 2344 1388 2384 Domestica
1424 2344 1666 2396 disciplina
1704 2344 1764 2383 vi-

216 2407 436 2459 gens.—2.
462 2409 511 2448 P.
537 2409 834 2449 Stevordiam'
855 2410 1098 2458 contiones,
1123 2423 1370 2461 earumque
1400 2410 1609 2462 copiosus
1630 2411 1764 2462 sruc-

219 2474 404 2514 tus.-3.
442 2474 758 2526 Confessiones
783 2475 1202 2526 frequentissimae.
1239 2476 1501 2528 Complures
1537 2476 1678 2515 vitam
1717 2476 1764 2514 in

221 2540 379 2580 melius
410 2542 605 2588 mutant,
641 2540 844 2591 aliosque
875 2543 934 2579 ad
965 2541 1292 2593 confessionem
1309 2543 1578 2593 pertrahere
1600 2555 1764 2581 conan-

189 2728 208 2746 ἢ
258 2729 385 2774 priae.
406 2738 486 2764 ms.

187 2897 195 2916 ¹
249 2895 334 2932 Eae
354 2909 443 2932 esse
464 2895 662 2940 videntur,
684 2909 783 2943 quas
803 2896 926 2934 edidit
946 2897 1134 2942 HANSEN,
1156 2898 1181 2934 1.
1203 2910 1252 2942 c„
1274 2898 1343 2934 364
1361 2911 1446 2945 sqq.

187 2956 199 2974 ²
252 2954 358 2991 Vide
377 2954 480 2992 Litt.
502 2955 754 3001 Quadrim.,
781 2956 830 2999 V,
852 2958 885 2997 4,
907 2962 1043 2994 annot.
1063 2957 1096 2994 3.

185 3021 198 3039 3
250 3018 310 3056 Ex
328 3025 488 3067 autogr.
509 3020 549 3056 in
568 3021 652 3056 cod.
674 3021 814 3058 Germ.
838 3020 931 3064 139,
953 3020 993 3057 ff.
1015 3021 1072 3062 31.
1093 3022 1152 3068 323
1185 3022 1296 3069 prius
1330 3022 1407 3066 156,
1442 3022 1505 3058 157
1531 3022 1630 3067 (124,
1670 3022 1763 3064 125).

141 3080 186 3118 In
205 3079 343 3127 paucis
362 3080 459 3118 locis
479 3093 502 3117 a
521 3079 701 3119 Polanco
720 3081 948 3118 emendata.
