2038 3400
556 243 895 281 323.—LAURETO
925 243 936 280 l
963 241 1165 289 JANUARH
1195 243 1283 279 1360
1618 244 1686 281 435

111 347 252 384 soleat
274 346 484 384 Dominus
506 346 547 383 in
569 345 815 383 huiusmodi
838 344 1116 382 missionibus
1139 343 1354 382 Societati
1384 345 1604 396 impartiri.
1639 348 1731 394 Ego

111 430 214 455 sane
246 417 464 455 mirabiles
496 416 683 455 effectus
712 415 884 454 diuinae
911 415 1078 467 gratiae
1102 415 1143 452 in
1164 416 1325 453 nostris
1348 420 1390 452 ct
1414 417 1453 453 in
1477 416 1528 464 ijs
1551 417 1603 454 ad
1625 430 1733 466 quos

112 488 319 526 destinati
340 489 530 535 fuerunt,
555 487 841 538 deprehendi.
865 487 955 525 Sub
976 487 1136 524 festum
1167 486 1474 537 assumptionis
1505 500 1555 524 ac
1584 488 1734 525 natiui-

110 561 212 598 tatis
243 559 522 615 beatissimae
554 560 635 597 Dei
657 559 882 610 genitricis
904 557 1038 596 adfuit
1060 558 1186 595 nobis
1208 558 1362 608 ingens
1384 558 1536 595 messis
1558 564 1734 608 propter

110 632 442 681 peregrinorum
464 636 506 668 et
528 630 710 669 aliorum
728 631 813 668 huc
830 629 1142 668 confluentium
1160 628 1497 666 multitudinem.
1522 629 1575 666 Et
1592 641 1735 678 quam-

111 703 177 740 uis
214 708 497 740 externorum
534 701 839 752 religiosorum
877 712 1011 751 opera
1045 700 1109 749 (vt
1145 704 1294 737 tantae
1329 704 1503 749 tamque
1545 699 1735 737 deuotae

111 773 375 812 multitudidi
405 772 658 822 satisfieret)
680 773 743 810 vti
763 785 948 811 necesse
971 772 1117 817 tuerit,
1142 771 1280 808 nostri
1303 776 1447 808 tamen
1470 783 1568 808 suas
1590 776 1736 821 partes

113 845 228 883 omni
268 842 493 895 diligentia
527 856 579 881 ac
618 844 747 881 solita
785 843 1029 881 foelicitate
1065 848 1350 893 peregerunt.
1390 842 1442 879 Et
1480 847 1737 892 perseuerat

112 928 250 965 vsque
272 916 314 953 in
336 915 597 953 hodiernum
614 914 729 952 diem
752 914 907 965 ingens
931 912 1234 952 confitentium
1257 925 1514 959 concursus,
1535 918 1737 963 expecta-

110 993 267 1037 turque
297 987 339 1024 in
371 986 464 1024 dies
500 986 636 1023 maior
666 991 844 1035 propter
875 983 1087 1022 nundinas
1118 984 1421 1022 recinetenses
1446 985 1470 1030 ¹,
1496 989 1539 1022 et
1560 988 1738 1034 propter

112 1070 288 1109 magnas
318 1056 612 1108 indulgentias
634 1057 755 1094 hisce
778 1056 1000 1094 mensibus
1021 1055 1122 1093 huic
1149 1055 1289 1093 almae
1312 1055 1458 1093 domui
1481 1054 1685 1093 indultas
1704 1056 1736 1092 ²¹'.

112 1130 235 1167 Faxit
258 1130 376 1167 Deus
397 1134 445 1166 vt
467 1128 691 1179 digniores
714 1127 901 1177 operarij
926 1127 1083 1164 vineae
1113 1127 1195 1164 Dei
1226 1127 1420 1164 Sabaoth
1452 1125 1648 1176 quotidie
1681 1126 1739 1163 ef-

111 1201 319 1247 ficiamur,
339 1213 424 1251 quo
448 1201 543 1238 Deo
568 1205 612 1237 et
632 1200 931 1250 proximorum
948 1200 1003 1238 de
1025 1199 1152 1237 nobis
1174 1204 1418 1250 conceptae
1443 1198 1740 1250 expectationi

110 1273 327 1323 possimus
349 1270 634 1322 respondere.
660 1271 758 1309 Hoc
779 1276 925 1309 autem
948 1284 1134 1322 magnae
1155 1271 1410 1310 foelicitatis
1446 1271 1545 1309 loco
1579 1270 1739 1308 ducen-

112 1344 212 1382 dum
229 1349 351 1394 puto,
371 1342 489 1394 quod
511 1342 652 1380 nullus
671 1354 727 1379 ex
746 1342 1064 1390 sacerdotibus,
1087 1343 1217 1381 etiam
1242 1343 1277 1380 si
1298 1342 1419 1389 velit,
1443 1342 1580 1392 possit
1603 1342 1740 1380 talen-

112 1423 201 1455 tum
223 1415 304 1454 sibi
325 1428 349 1453 a
370 1414 557 1453 Domino
582 1413 796 1452 creditum
817 1414 859 1452 in
880 1419 1042 1452 terram
1064 1414 1295 1452 deffodere
1317 1414 1337 1439 b
1358 1413 1371 1431 ²
1391 1414 1432 1451 in
1455 1414 1541 1451 hoc
1562 1413 1740 1451 sanctis-

113 1489 221 1527 simo
253 1488 370 1535 loco,
404 1487 478 1525 vbi
509 1498 556 1524 se
589 1485 768 1537 singulis
798 1486 892 1524 fere
924 1487 1158 1525 momentis
1179 1491 1246 1524 tot
1270 1485 1460 1524 offerunt
1484 1486 1741 1524 occasiones

114 1560 208 1597 Deo
242 1564 285 1596 et
315 1558 526 1609 proximis
555 1557 843 1605 inseruiendi3
875 1570 987 1608 quae
1021 1570 1074 1596 eo
1107 1558 1295 1596 maiores
1323 1556 1521 1608 quotidie
1550 1556 1743 1594 existunt

113 1629 392 1679 existentque
412 1629 454 1666 in
475 1635 717 1679 posterum,
742 1642 827 1679 quo
852 1629 1041 1679 optimus
1060 1628 1169 1666 odor
1191 1634 1370 1666 nostrae
1392 1628 1630 1666 Societatis
1653 1628 1741 1665 lon-

112 1701 207 1753 gius
229 1700 444 1751 latiusque
467 1705 749 1752 propagatur.

167 1784 203 1812 2.
263 1774 437 1811 Fratres
458 1784 632 1823 quoque
663 1785 753 1810 non
775 1771 1059 1810 mediocriter
1080 1772 1122 1809 in
1153 1772 1290 1809 literis
1313 1777 1357 1809 et
1378 1772 1419 1808 in
1451 1771 1616 1821 pietate
1648 1784 1742 1821 pro-

112 1845 328 1891 fecerunt,
363 1849 406 1882 et
436 1857 551 1882 nunc
582 1843 727 1882 denuo
760 1843 967 1881 innouata
996 1843 1038 1880 in
1069 1843 1223 1880 melius
1247 1843 1390 1880 omnia
1421 1843 1660 1892 conspicio,
1700 1843 1744 1880 Si

115 1916 227 1955 enim
250 1916 509 1967 religionem
541 1920 732 1965 spectes,
766 1913 970 1952 videntur
1000 1914 1139 1952 nostri
1170 1913 1424 1965 collegiales
1454 1918 1552 1964 post
1584 1913 1743 1951 aduen-

112 1994 203 2035 tum
226 1987 314 2025 ΚΜ
337 1985 532 2025 doctoris
554 1987 803 2024 Emanuelis
824 1986 836 2005 ³
865 1998 1027 2024 nouum
1051 1985 1246 2036 spiritum
1270 1985 1544 2036 concepisse.
1568 1985 1608 2022 Is
1631 1986 1743 2022 enim

115 2060 202 2098 suis
233 2058 613 2097 adhortationibus
637 2065 682 2096 et
712 2058 823 2096 viuis
847 2058 1053 2095 virtutum
1086 2057 1313 2106 exemplis,
1346 2068 1518 2094 necnon
1548 2056 1745 2094 lectioni-

114 2133 194 2170 bus
215 2143 346 2182 super
378 2130 717 2169 constitutiones
738 2129 975 2168 Societatis
996 2129 1169 2176 habitis,
1200 2128 1241 2166 in
1278 2128 1468 2167 omnium
1491 2128 1642 2166 animis
1673 2141 1745 2165 ex-

116 2202 267 2241 citauit
287 2202 488 2240 feruores
513 2208 543 2239 0.
569 2201 771 2239 Omnium
794 2213 969 2251 quoque
989 2199 1292 2238 confessiones
1310 2201 1541 2251 generales
1563 2199 1743 2246 audiuit,

116 2287 166 2312 ac
186 2273 483 2324 postmodum,
508 2279 555 2310 vt
576 2278 683 2310 vota
705 2284 857 2310 omnes
879 2273 1140 2310 innouarent
1161 2271 1289 2309 facile
1307 2271 1539 2321 persuasit
1555 2271 1589 2309 d.
1616 2270 1746 2321 Quod

116 2358 272 2396 magna
294 2345 483 2382 omniurn
506 2344 825 2390 consolatione,
844 2347 1051 2394 presente
1074 2343 1280 2381 vniuerso
1305 2343 1511 2393 collegio,
1537 2342 1745 2379 effectum

117 2422 184 2455 est
214 2415 350 2467 pridie
373 2428 500 2466 quam
531 2428 555 2453 a
589 2416 716 2454 nobis
747 2414 1014 2453 discederet.
1041 2414 1086 2452 Si
1116 2427 1224 2452 vero
1256 2415 1479 2452 literarum
1500 2413 1745 2464 profectum

117 2487 372 2526 consideres
395 2487 460 2536 (vt
481 2499 592 2537 quae
614 2487 855 2536 praeterita
885 2491 984 2523 sunt
1007 2485 1237 2534 omittam),
1257 2498 1372 2523 nunc
1393 2485 1537 2523 denuo
1569 2485 1748 2522 innoua-

163 2648 182 2668 a
231 2659 458 2686 concessas.
516 2648 581 2672 —b
605 2646 741 2683 Prius
757 2645 948 2683 effodere.
999 2652 1064 2671 -0
1090 2657 1168 2682 non
1187 2646 1422 2682 mediocres.
1478 2645 1543 2669 -d
1565 2643 1744 2680 adduxit.

167 2812 177 2831 ¹
229 2809 319 2846 Hae
351 2809 553 2845 nundinae
584 2808 897 2845 celebrabantur
928 2819 1066 2843 mense
1096 2806 1307 2853 Januario.
1348 2805 1519 2843 MORONI
1552 2805 1747 2848 ROMANO,

120 2869 439 2910 Dizionario...‚
460 2868 523 2909 24,
544 2867 661 2912 2451&
684 2867 746 2911 56,
768 2867 838 2903 273
853 2869 885 2903 b.

168 2931 180 2948 ²
232 2927 293 2965 Cf.
318 2927 503 2972 MATRI„
526 2926 667 2969 XXV,
688 2926 733 2963 ‘24
752 2940 839 2974 sqq.

166 2989 179 3008 ³
230 2987 275 3024 P.
296 2986 538 3023 Emmanuel
554 2987 602 3023 de
623 2986 704 3023 Saa
722 2986 858 3033 aliqua
878 2985 1053 3032 collegia
1073 2985 1214 3022 Italiae
1236 2997 1307 3031 per
1326 2989 1523 3020 aestat‹·n1
1543 2982 1636 3018 anni
1659 2980 1746 3016 1559

123 3046 309 3084 visitavit.
332 3046 438 3083 Vide
459 3046 642 3082 Polanci
661 3045 840 3091 Compl.,
861 3045 890 3086 Ι,
912 3044 994 3087 206ς
1016 3044 1170 3081 Lainii
1189 3045 1398 3085 Monuni„
1421 3041 1493 3084 IV,
1514 3042 1595 3076 540.
