2038 3400
560 236 668 274 446:
693 236 873 273 ApAmns
902 236 916 273 l
946 236 1191 272 DECEMBms
1219 234 1310 272 1560
1629 235 1698 272 953

123 345 248 378 neste
279 340 454 378 ademit.
489 340 711 389 Frequens
743 339 845 376 satis
875 339 1151 384 auditorium,
1175 337 1429 387 praesertim
1467 350 1564 376 cum
1597 339 1745 375 vrbani

123 411 334 462 gymnasij
360 411 635 461 professores
652 408 878 448 nobiscum
901 409 1237 455 contenderent,
1258 412 1300 445 et
1319 409 1454 446 ueluti
1472 409 1511 446 in
1530 408 1636 446 duas
1654 423 1745 447 sec-

123 488 188 520 tas
216 481 414 532 discipuli
440 481 576 530 nostrj
608 481 968 519 distraherentur.
994 481 1145 518 Plures
1166 486 1311 517 tamen
1340 492 1393 517 eo
1422 481 1742 526 confluxerunt,

123 554 194 591 ubi
227 553 346 591 nullo
378 558 565 603 sumptu,
600 553 751 590 maiori
783 553 971 590 vtilitate
1007 551 1186 590 studere
1228 556 1427 601 possent3
1458 551 1562 589 licet
1592 552 1663 602 qui
1693 552 1744 589 ad

122 639 202 663 nos
232 625 449 672 venirent,
473 631 647 675 praeter
678 625 817 662 uarias
848 624 1172 670 contentiones,
1205 624 1291 662 loci
1322 624 1452 662 etiam
1474 627 1517 660 et
1546 624 1745 661 classium

121 696 525 734 incommoditatem
546 695 807 746 perferrent.
832 695 1096 732 Emersimus
1118 700 1262 733 tamen
1292 694 1540 745 aliquando,
1565 695 1659 732 Deo
1688 694 1745 732 fa-

122 773 269 814 uente,
300 773 477 818 praeter
511 768 700 805 omnium
733 767 1064 810 maleuolorum,
1098 767 1139 805 id
1172 772 1253 813 est,
1287 767 1624 813 haereticorum,
1659 767 1746 817 opi-

122 839 312 886 nionem,
337 852 391 876 ex
413 839 483 876 illa
503 838 638 889 prima
660 843 941 889 tempestate,
964 839 1034 887 qui
1065 852 1145 876 nos
1167 839 1297 876 etiam
1319 838 1372 876 ad
1403 851 1479 875 sua
1499 838 1744 883 tribunalia,

122 911 260 949 missis
282 910 522 957 lictoribus,
547 922 795 961 prouocare
817 922 904 948 non
926 909 1191 948 dubitarunt.
1225 910 1494 948 Nesciebant
1515 908 1574 947 illi
1596 910 1745 947 videli-

122 987 193 1021 cet
213 995 294 1020 nos
314 982 510 1019 iniuriam
532 994 583 1019 ac
602 981 799 1019 fraudem
820 981 907 1031 pati
930 982 1071 1028 malle,
1096 995 1221 1031 quam
1243 982 1529 1020 contendere.
1568 981 1665 1019 Non
1689 981 1746 1019 ita

121 1055 255 1092 multo
285 1058 386 1105 post
407 1052 604 1103 discipuli
633 1053 771 1090 nostri
801 1053 1031 1103 aeglogam
1063 1052 1180 1091 domi
1210 1053 1413 1103 scriptam
1436 1065 1486 1090 ea
1513 1057 1745 1090 uenustate

120 1125 468 1176 pronuntiarunt,
493 1129 538 1162 vt
571 1124 673 1161 nihil
700 1124 787 1161 tale
810 1136 997 1172 unquam
1029 1136 1075 1161 se
1104 1123 1265 1161 uidisse
1290 1135 1441 1161 omnes
1462 1124 1742 1162 affirmarent.

123 1197 181 1234 Ea
198 1208 268 1234 res
288 1196 407 1234 auxit
424 1195 551 1233 bonis
575 1194 774 1233 omnibus
791 1195 972 1240 animos,
995 1200 1037 1232 et
1056 1195 1216 1232 scholis
1234 1196 1394 1233 nostris
1410 1196 1616 1233 nonnulla
1631 1195 1746 1233 facta

122 1272 187 1306 est
217 1268 429 1306 accessio.
456 1267 596 1316 Ferijs
618 1279 726 1304 uero
749 1266 1092 1314 bacchanalitijs‚
1117 1267 1177 1304 uti
1201 1271 1374 1312 uocant,
1398 1266 1682 1317 produximus
1704 1268 1744 1305 in

122 1353 296 1379 scenam
319 1338 555 1390 dialogum,
581 1339 652 1389 qui
674 1338 767 1376 siue
789 1338 906 1388 quod
927 1351 1013 1375 non
1037 1337 1209 1375 omnino
1233 1338 1379 1389 inepte
1402 1338 1588 1389 scriptus
1611 1342 1743 1384 esset,

121 1413 215 1451 siue
237 1411 336 1464 quia
370 1411 578 1449 nonnulla
599 1411 771 1448 theatro
803 1409 1052 1459 actionique
1077 1415 1332 1448 ornamenta
1353 1414 1647 1456 accesserant,
1672 1410 1746 1447 mi-

120 1485 239 1523 rifice
262 1488 540 1534 spectatores
563 1481 818 1527 oblectauit‚
841 1481 1057 1518 bonorum
1076 1493 1197 1530 spem
1219 1481 1504 1523 confirmauit.
1528 1486 1573 1519 et
1593 1481 1745 1519 aduer-

121 1555 330 1593 sariorum
352 1559 536 1593 conatus
558 1553 848 1591 uehementer
870 1551 1093 1602 repressit.
1119 1552 1241 1590 Haec
1264 1552 1377 1589 enim
1399 1553 1651 1603 spectacula
1672 1553 1745 1590 mi-

121 1627 254 1666 raculi
275 1627 409 1664 instar
441 1629 539 1663 sunt
560 1623 602 1661 in
634 1624 715 1661 hac
738 1625 910 1673 Pyrene
943 1629 1156 1661 extrema.
1183 1625 1413 1662 Postremo
1443 1637 1538 1662 cum
1569 1637 1656 1662 non
1687 1624 1747 1662 ita

121 1697 287 1749 pridem
309 1697 350 1734 in
378 1696 518 1742 aliam,
543 1695 585 1733 id
608 1700 689 1741 est,
716 1695 911 1745 episcopi
934 1694 1111 1733 domum
1134 1693 1561 1745 commigrassemus,
1584 1708 1745 1746 graece

120 1783 171 1808 ac
191 1769 323 1807 latine
352 1781 376 1806 a
397 1767 619 1817 discipulis
648 1766 810 1804 nostris
840 1765 1053 1803 mediocri
1072 1765 1321 1816 frequentia
1349 1771 1416 1804 est
1437 1766 1743 1813 declamatum,

123 1853 268 1891 eoque
292 1838 429 1877 ueluti
461 1843 661 1876 extremo
693 1842 793 1875 actu
823 1837 1006 1875 huiusce
1034 1837 1160 1887 primi
1190 1838 1288 1875 anni
1311 1838 1397 1875 late
1419 1843 1659 1889 peruagata
1682 1844 1747 1875 est

121 1911 265 1962 opinio
290 1909 547 1948 eruditionis
570 1921 621 1947 ac
642 1908 874 1960 probitatis
892 1908 1167 1957 jesuitarum,
1192 1909 1255 1947 sic
1277 1908 1389 1947 enim
1412 1922 1493 1947 nos
1509 1909 1580 1947 isti
1601 1910 1745 1960 appel-

118 1984 222 2031 lant,
247 1987 294 2020 ut
316 1981 445 2020 etiam
467 1981 509 2018 in
526 1993 607 2018 nos
623 1980 689 2018 ius
710 1980 796 2018 hoc
812 1987 831 2004 ὃ
854 1980 1101 2030 usurparint
1120 1986 1295 2030 praeter
1318 1985 1498 2018 coetera
1515 1980 1742 2027 uocabula,

120 2067 235 2093 noua
257 2053 312 2092 de
343 2053 469 2091 nobis
501 2051 799 2102 confingendj.
838 2052 995 2102 Neque
1025 2064 1134 2090 vero
1167 2051 1379 2090 minorem
1413 2064 1587 2102 operam
1618 2064 1745 2090 naua—

121 2131 219 2164 runt
255 2124 392 2174 nostrj
428 2125 470 2162 in
504 2123 686 2174 pietate,
710 2135 836 2173 quam
869 2121 1116 2161 eruditione
1147 2123 1273 2160 huius
1303 2121 1543 2160 iuuentutis
1572 2135 1745 2172 promo-

121 2196 277 2244 uenda,
302 2209 352 2235 ac
371 2200 493 2234 tanto
512 2194 649 2245 magis
666 2194 708 2232 in
726 2207 778 2232 eo
797 2193 1044 2232 insudatum
1063 2199 1144 2241 est,
1165 2199 1327 2243 quanto
1351 2194 1486 2231 maior
1503 2194 1745 2231 necessitas

121 2269 161 2306 id
193 2268 415 2319 exigebat.
440 2267 522 2305 Vix
556 2272 651 2304 erat
679 2266 789 2303 ullus
820 2279 943 2317 puer,
967 2266 1039 2316 qui
1069 2279 1155 2304 non
1187 2270 1260 2303 aut
1292 2265 1467 2319 Marotti
1496 2265 1686 2315 psalmos
1719 2267 1743 2311 ⁴,

119 2346 192 2378 aut
215 2339 382 2379 Caluini
406 2338 750 2377 cathechismum
771 2336 894 2376 initio
916 2337 970 2375 ad
992 2350 1072 2375 nos
1093 2337 1303 2383 adferret;
1326 2337 1428 2375 nihil
1450 2337 1508 2374 illi
1530 2336 1661 2386 loqui,
1685 2337 1744 2374 ni-

119 2411 176 2449 hil
197 2423 367 2449 sacrum
389 2409 537 2448 dicere
572 2413 801 2455 nouerant,
825 2414 1000 2459 praeter
1020 2409 1177 2459 gallica
1194 2407 1406 2458 quaedam
1429 2408 1633 2454 carmina,
1658 2420 1744 2444 me-

120 2496 188 2520 ras
209 2481 338 2520 animi
359 2486 524 2532 pestes.
551 2481 793 2518 Occursum
816 2480 917 2518 huic
939 2481 1067 2526 malo,
1100 2481 1283 2530 primum
1311 2478 1413 2530 igne
1441 2478 1598 2516 libellis
1629 2490 1743 2516 corn-

119 2554 272 2600 bustis,
309 2556 400 2590 tum
431 2549 629 2590 antidoto
666 2551 883 2589 Societati
912 2557 1144 2598 consueto,
1170 2550 1369 2588 doctrina
1397 2550 1605 2588 videlicet
1636 2550 1744 2587 chri-

120 2625 274 2671 stiana,
297 2636 407 2672 quae
430 2635 586 2672 magna
617 2621 931 2660 beneuolentia
960 2634 1010 2660 ac
1042 2622 1281 2673 cupiditate
1305 2625 1493 2670 excepta
1524 2626 1606 2658 est.
1631 2619 1744 2658 Con-

166 2768 185 2787 ²²
235 2768 308 2806 hoc
326 2775 465 2817 supra
483 2781 593 2808 verS.

168 2918 176 2937 ¹
230 2917 423 2954 Clemens
442 2917 577 2955 Marot
603 2917 714 2963 (1495
727 2937 741 2944 -
759 2917 863 2964 1544)
881 2919 1058 2966 psalmos
1076 2920 1118 2956 in
1135 2919 1327 2965 gallicam
1347 2919 1529 2966 linguam
1558 2920 1740 2956 oratione

119 2976 247 3023 ligata
264 2977 477 3020 convertit,
493 2989 615 3024 quam
630 2977 857 3016 versionem
877 2978 1049 3016 facultas
1068 2979 1297 3026 theologica
1317 2979 1564 3026 parisiensis,
1586 2985 1629 3017 ut
1648 2979 1743 3017 hae-

120 3036 302 3080 reticam,
322 3035 541 3074 damnavit.

1797 3044 1823 3071 (2
