2038 3400
560 177 919 219 286.-o1„1s1120m
943 180 990 219 20
1011 179 1121 228 JULn
1152 180 1241 219 1559
1602 177 1671 218 275

89 281 328 333 remigibus
350 281 643 333 militibusque
666 282 922 320 triremium.
946 282 1056 320 Cum
1081 282 1195 320 enim
1220 295 1290 329 eo,
1316 287 1361 320 vt
1391 283 1636 333 plurimum,
1659 281 1719 319 fa-

90 353 280 391 cinorosi
301 353 501 391 homines
522 353 825 401 amandentur‚
850 353 1103 391 admirabile
1126 353 1301 404 quidem
1326 357 1370 391 et
1392 359 1411 378 a
1431 353 1622 391 inuisum
1655 356 1719 389 est

90 425 123 462 si
145 425 239 474 quis
277 424 392 463 serio
415 425 625 475 pietatem
650 426 779 464 colat.
799 425 959 464 Audiui
981 425 1223 475 aliquorum
1244 425 1469 463 hominum
1492 429 1720 474 corruptos

89 508 249 543 mores,
287 508 460 534 mauros
482 497 695 547 quosdam
717 509 742 535 a
761 497 847 535 fide
866 497 1027 535 Christi
1051 496 1315 535 retardasse.
1337 497 1445 536 Cum
1465 494 1577 534 enim
1596 508 1723 546 roga-

88 572 235 604 rentur
267 579 343 605 cur
364 567 580 618 baptisma
614 567 775 606 Christi
796 567 1017 618 fidemque
1041 567 1292 615 reiicerent,
1326 566 1597 618 respondere
1629 566 1722 604 ausi

87 643 200 685 sunt,
219 639 318 689 quia
338 638 441 676 nihil
458 643 654 677 vestrum
671 637 850 676 viuendi
869 651 1052 685 morem,
1072 638 1190 690 quod
1207 638 1262 677 ad
1278 639 1488 690 pietatem
1506 637 1678 683 attinet,
1699 649 1722 673 a

86 715 236 747 nostro
259 709 456 757 differre,
480 709 566 748 imo
592 723 698 748 vero
722 709 990 748 deteriorem
1015 723 1113 749 esse
1144 710 1360 749 videmus.
1385 710 1519 747 Fraus
1547 708 1722 759 quidem

87 781 198 819 haec
218 781 408 819 Satanae
430 786 562 832 atque
584 781 794 828 versutia,
821 787 864 819 et
886 781 1058 831 quidam
1081 781 1320 832 impietatis
1350 792 1600 818 maurorum
1634 792 1722 817 non

87 851 190 890 satis
212 858 419 890 constans
439 857 714 903 praetextus3
737 864 890 890 verum
912 852 984 902 qui
1015 865 1162 890 mores
1191 852 1374 891 istorum
1396 851 1620 889 hominum
1658 863 1721 888 sa-

86 923 140 960 tis
163 923 219 961 ob
241 924 394 962 oculos
415 924 553 974 ponit.
579 925 688 963 Cum
710 924 841 975 igitur
862 924 922 962 ita
944 924 1163 971 viuerent,
1188 923 1319 963 obliti
1348 935 1506 963 eorum
1528 935 1642 972 quae
1664 924 1723 961 ad

88 994 294 1034 animum
323 994 567 1046 pertinent,
594 1008 647 1034 ac
682 997 732 1034 de
768 995 1032 1034 confitendis
1061 995 1262 1046 peccatis
1294 1007 1443 1034 sermo
1473 995 1541 1034 vel
1567 994 1724 1032 nullus

85 1067 152 1105 vel
181 1079 324 1106 rarus
354 1066 613 1113 haberetur,
646 1071 934 1117 posteaquam
955 1065 1129 1116 quidam
1163 1079 1217 1104 ex
1252 1065 1414 1105 nostris
1443 1066 1498 1104 ad
1518 1065 1616 1104 illos
1647 1064 1722 1102 do-

87 1137 215 1176 cendi
245 1143 319 1176 aut
349 1136 640 1176 concionandi
671 1150 827 1176 caussa
855 1137 1081 1187 profectus
1105 1143 1187 1186 est,
1222 1143 1266 1176 et
1300 1136 1524 1189 ingenium
1556 1141 1600 1175 et
1631 1148 1723 1174 mo-

85 1221 155 1247 res
176 1209 400 1248 hominum
428 1209 582 1248 mutati
604 1214 718 1257 sunt,
755 1213 1038 1259 nostramque
1071 1210 1430 1261 expectationem
1462 1214 1722 1260 superarunt

86 1279 214 1328 adeo,
238 1285 285 1319 vt
306 1292 414 1319 vere
436 1279 587 1319 dicere
608 1280 840 1331 possimus,
865 1294 952 1319 non
976 1281 1080 1319 estis
1102 1293 1184 1319 vos
1205 1281 1278 1332 qui
1300 1280 1524 1331 loquimini
1548 1280 1573 1318 ¹.
1611 1279 1721 1318 Nam

85 1364 196 1402 quae
217 1363 304 1390 non
325 1351 683 1403 pollicitationes,
707 1363 795 1389 non
815 1352 1024 1403 praemia,
1048 1366 1137 1391 non
1158 1353 1316 1400 minae,
1339 1365 1427 1391 non
1448 1352 1638 1390 verbera
1659 1351 1722 1389 ef-

84 1423 310 1470 fecissent,
336 1435 388 1461 ea
405 1422 530 1461 verbi
552 1422 686 1461 diuini
708 1423 846 1461 virtus
880 1422 1082 1474 perfecit.
1106 1423 1297 1462 Primum
1319 1422 1496 1473 quidem
1517 1421 1654 1473 (quod
1677 1426 1720 1460 et

85 1493 387 1544 difficilimum)
410 1495 517 1533 mira
537 1494 722 1545 quadam
756 1495 1056 1533 taciturnitate
1091 1494 1271 1534 attentis
1293 1495 1468 1533 auribus
1492 1493 1718 1544 oculisque

84 1566 125 1604 in
162 1566 498 1604 concionantem
519 1566 676 1613 infixis,
702 1565 852 1604 audire
876 1572 1136 1618 coeperunt,
1160 1579 1263 1605 mox
1296 1577 1542 1617 exposcere
1562 1577 1720 1616 preces

85 1638 294 1684 horarias,
328 1642 418 1675 turn
451 1649 705 1688 comparare
736 1637 930 1676 calculos
964 1638 1131 1685 rosarii,
1166 1637 1267 1676 dein
1301 1650 1465 1676 vocare
1498 1636 1720 1676 confessa-

85 1706 185 1746 rios.
212 1709 398 1747 Cessant
419 1708 553 1756 rixae,
579 1707 786 1756 conuitia,
810 1707 1052 1756 mendacia,
1076 1708 1280 1760 periuria,
1306 1709 1530 1748 obscoena
1564 1708 1717 1754 verba,

85 1784 316 1817 anteactae
338 1780 454 1817 vitae
476 1779 690 1830 poenitet.
709 1781 839 1830 Juuat
859 1779 902 1817 in
920 1781 1083 1819 scalmo
1106 1792 1272 1832 poenas
1293 1778 1414 1828 dare,
1440 1784 1580 1827 orant,
1610 1779 1720 1818 reci-

86 1855 191 1897 tant,
230 1850 509 1889 confitentur.
548 1851 613 1890 Ac
646 1856 849 1902 tempore
876 1851 1046 1901 jubilei,
1080 1851 1198 1903 quod
1229 1851 1444 1903 superiori
1478 1850 1720 1902 quadrage-

86 1922 192 1959 sima
221 1922 492 1960 celebratum
523 1926 605 1970 est,
630 1935 798 1970 omnes,
831 1928 880 1961 vt
911 1923 1080 1974 opinor,
1119 1923 1312 1962 confessi
1344 1927 1457 1962 sunt.
1482 1922 1720 1961 Caeterum

86 1991 418 2031 emendatorum
440 2005 609 2031 morum
643 2000 951 2044 argumentum
980 2007 1113 2032 vnum
1135 1994 1222 2033 hoc
1244 2006 1298 2032 ex
1332 1993 1532 2032 omnibus
1561 2005 1719 2045 propo-

84 2075 197 2101 nam.
237 2065 345 2103 Cum
376 2075 461 2115 ego
494 2063 665 2103 cuidam
696 2064 813 2103 Patri
842 2066 989 2104 socius
1019 2065 1074 2103 ad
1110 2077 1188 2103 eos
1220 2065 1376 2103 missus
1410 2065 1591 2103 fuissem
1622 2078 1719 2104 curn

86 2146 242 2184 magna
262 2134 305 2172 vi
327 2134 593 2173 calculorum
629 2136 796 2184 rosarii‚
821 2141 941 2174 tanta
968 2136 1257 2175 contentione
1294 2136 1460 2174 rosaria
1488 2137 1716 2187 petebant,

85 2209 131 2242 vt
152 2216 222 2242 me
242 2205 563 2256 apprehensum
584 2206 714 2256 pallio
737 2207 920 2245 vlterius
942 2207 1004 2245 ire
1026 2220 1115 2245 non
1135 2207 1445 2258 permitterent
1466 2207 1553 2245 hoc
1573 2207 1717 2245 animo

88 2280 133 2312 vt
167 2280 257 2313 tres
292 2276 559 2314 calculorum
585 2276 724 2315 lineas
745 2277 1013 2328 acciperent,
1045 2290 1131 2328 quo
1163 2290 1392 2316 numerum
1429 2277 1717 2316 centesimum

85 2345 506 2397 quinquagesimum,
544 2347 616 2397 qui
650 2349 863 2387 rosarium
903 2348 1107 2395 absoluit,
1151 2349 1440 2400 complerent.
1478 2349 1573 2400 Ego
1609 2360 1718 2387 vero

86 2418 229 2456 sciens
263 2419 459 2467 fallebar,
497 2419 690 2459 nonnihil
728 2432 879 2458 eorum
915 2420 1137 2459 desiderio
1175 2420 1441 2459 concedens.
1476 2420 1574 2458 Hoc
1609 2431 1716 2457 vero

86 2501 172 2527 non
206 2490 387 2541 vulgare
411 2497 492 2539 est,
517 2491 635 2543 quod
658 2504 713 2530 ex
734 2492 894 2530 mauris
915 2491 1090 2542 quidam
1117 2491 1281 2530 Christi
1301 2491 1516 2542 baptisma
1536 2490 1609 2529 vel
1641 2491 1718 2527 Pa-

86 2565 199 2599 trum
219 2561 292 2599 vel
313 2561 496 2600 aliorum
532 2563 736 2614 exemplo
760 2563 970 2602 commoti
993 2562 1307 2614 efflagitarunt;
1335 2575 1447 2613 quos
1482 2561 1627 2600 audiui
1663 2562 1716 2599 ab

86 2632 178 2669 aliis
202 2644 299 2670 esse
322 2639 599 2685 segregatos,
624 2638 671 2673 vt
693 2634 747 2673 ad
763 2634 894 2673 fidem
918 2634 1215 2673 instituantur.
1239 2634 1365 2672 Faxit
1387 2634 1507 2672 Deus
1524 2638 1571 2670 vt
1591 2636 1714 2669 tanto

132 2816 151 2834 ²¹
201 2815 294 2852 Pol.
316 2814 476 2853 delevit
494 2817 532 2853 in
553 2819 590 2853 et
609 2816 716 2854 add.
736 2822 875 2863 supra
895 2828 1004 2855 vers.
1026 2829 1117 2855 raro
1136 2817 1311 2854 omnino.

137 2989 145 3008 ¹
198 2987 386 3033 Mum„
407 2986 459 3031 X,
480 2987 538 3024 20.
