2038 3400
356 239 425 277 246
826 239 1049 278 L1TTERAE
1076 241 1432 287 QUADmMESTREs

309 341 474 380 uultum
507 346 550 381 et
583 354 727 381 mores
758 343 872 381 bene
905 343 1190 394 compositOS‚
1224 355 1381 381 uocem
1411 356 1607 391 suauem,
1631 344 1943 395 pronuntiatio-

308 425 407 450 nem
427 414 693 465 elegantem,
714 426 826 464 quae
844 414 884 452 in
907 414 1127 465 germanis
1148 412 1383 452 admodum
1400 427 1497 453 rara
1513 421 1596 461 est3
1616 415 1824 454 maiorem
1840 415 1943 453 item

307 490 455 523 aetate
478 485 768 537 prudentiam,
795 492 839 524 et
862 498 1062 537 magnam
1083 485 1192 524 alios
1220 485 1301 524 sibi
1333 486 1593 525 conciliandi
1625 492 1756 538 atque
1787 486 1840 525 ad
1870 487 1944 525 bo-

309 571 410 596 num
432 558 715 609 pertrahendi
737 557 936 609 gratiam.

361 639 399 676 3.
460 630 684 669 Gerardus
706 630 856 668 Iseren
878 641 1016 667 annos
1045 633 1171 667 natus
1204 628 1470 677 octodecim,
1505 629 1648 668 eidem
1680 629 1824 668 studio
1856 629 1946 668 dili-

307 706 466 752 genter
484 700 695 752 impendit
715 713 908 751 operam.
930 700 1044 739 Huic
1061 700 1264 739 Embrica
1279 700 1419 751 patria
1437 706 1518 748 est,
1538 713 1678 752 genus
1695 702 1945 748 honestum,

308 778 432 823 pater
455 772 595 820 d³ues3
619 772 690 823 qui
711 771 874 823 ingenij
909 771 1196 823 corporisque
1228 771 1419 819 dotibus,
1452 771 1580 810 animi
1611 770 1868 811 fortitudine
1898 784 1949 811 ac

310 845 556 883 constantia
585 844 718 895 priori
748 843 1002 895 neutiquam
1034 842 1166 882 cedit.
1202 842 1356 882 Paucis
1389 844 1502 881 enim
1525 841 1681 882 abhinc
1702 843 1857 882 dlebus
1879 857 1948 895 pa-

310 920 377 954 ter
409 916 502 954 eius
532 916 618 954 huc
650 915 771 953 uenit
804 920 848 953 et
879 914 934 953 de
968 914 1229 953 canonicatu
1265 914 1453 966 quodam
1490 915 1768 966 suscipiendo
1805 915 1950 954 multis

311 1000 408 1026 cum
438 988 511 1027 illo
544 987 652 1039 egit3
684 986 764 1025 sed
794 986 867 1037 filij
901 987 1089 1025 animum
1120 992 1246 1038 pater
1272 988 1455 1026 flectere
1477 999 1565 1026 non
1585 988 1744 1039 potuit3
1769 1000 1950 1027 excusa-

312 1059 478 1097 tionem
500 1057 631 1110 igitur
653 1057 746 1110 ipse
770 1058 964 1110 suscepit
994 1064 1038 1096 et
1065 1058 1199 1096 filium
1231 1058 1326 1096 Deo
1359 1057 1532 1106 obtulit3
1563 1058 1688 1097 nobis
1718 1064 1951 1110 praeterea

311 1130 434 1177 dixit,
468 1130 501 1168 si
535 1142 718 1168 uxorem
749 1142 836 1168 non
868 1129 1070 1177 haberet,
1104 1142 1152 1168 se
1184 1142 1281 1168 cum
1309 1129 1397 1168 filio
1426 1129 1655 1169 nobiscum
1684 1143 1947 1169 mansurum.

312 1201 457 1252 Atque
478 1201 549 1239 hic
572 1199 911 1239 embricensium
933 1201 1096 1252 primus
1117 1200 1284 1239 fructus
1309 1200 1403 1239 erit.

364 1285 402 1323 4.
463 1272 770 1312 Theodoricus
806 1270 1023 1320 Canisius,
1065 1273 1396 1324 neomagensis,
1437 1271 1480 1310 in
1520 1272 1713 1311 moribus
1753 1273 1952 1324 cognatis

313 1345 402 1384 suis
433 1346 563 1384 Doct.
598 1345 731 1383 Petro
763 1349 807 1382 et
830 1343 1068 1384 Theodoro
1091 1356 1178 1382 non
1200 1342 1421 1391 absimilis,
1446 1343 1684 1395 superioris
1705 1345 1952 1395 grammati-

316 1430 467 1455 corum
489 1416 668 1455 scholae
692 1421 774 1454 est.

371 1497 407 1537 5.
469 1487 695 1527 Gerardus
715 1485 985 1527 Gerardinus
1002 1485 1260 1526 dialecticus
1279 1491 1360 1534 est,
1385 1486 1725 1525 conuersatione
1749 1492 1793 1525 et
1814 1488 1952 1526 uerbo

318 1559 499 1598 multum
521 1565 685 1611 potest,
711 1564 755 1597 et
784 1558 839 1596 ad
868 1558 1002 1597 uitam
1033 1559 1221 1597 actiuam
1252 1556 1380 1597 ualde
1413 1563 1479 1596 est
1510 1557 1837 1599 accommodus.
1876 1559 1954 1596 Pa-

316 1637 427 1670 trem
458 1630 592 1669 habet
623 1636 845 1669 rectorem
878 1630 1057 1669 scholae
1092 1629 1511 1668 bartholomaeanae
1546 1629 1660 1680 apud
1681 1629 1950 1669 leodienses.

316 1702 400 1753 Qui
424 1700 640 1742 Societati
660 1706 839 1740 nostrae
864 1702 1029 1752 optime
1051 1701 1159 1749 uult,
1191 1706 1235 1739 et
1263 1701 1408 1739 multis
1439 1699 1579 1740 modis
1609 1700 1714 1739 illud
1746 1701 1950 1740 ostendit.

316 1774 468 1813 Filium
486 1773 558 1824 qui
579 1787 694 1812 nunc
716 1778 869 1812 uotum
892 1773 1012 1820 fecit,
1035 1778 1137 1811 ante
1155 1786 1313 1811 annum
1330 1772 1544 1811 Societati
1562 1770 1698 1811 dedit.
1723 1773 1811 1811 Iam
1829 1773 1953 1812 scho-

315 1848 398 1885 lam
421 1859 519 1885 cum
541 1845 758 1884 adiunctis
781 1844 924 1883 eidem
958 1844 1105 1892 offert,
1139 1849 1270 1896 atque
1302 1857 1400 1883 cum
1432 1845 1479 1883 R.
1519 1845 1729 1896 episcopo
1761 1844 1954 1884 leodien-

316 1919 350 1957 si
375 1920 381 1939 ¹
406 1918 461 1957 de
480 1916 750 1956 aduocandis
766 1916 972 1955 fratribus
994 1915 1229 1968 diligenter
1246 1917 1351 1968 agit,
1371 1914 1740 1968 quemadmodum
1762 1917 1810 1955 R.
1831 1917 1879 1955 T.
1906 1918 1953 1956 P.

317 2003 371 2030 ex
407 1990 545 2029 literis
582 1991 629 2028 R.
669 1990 715 2028 P.
760 1989 898 2027 nostri
933 1988 1214 2040 prouincialis
1248 1988 1378 2027 latius
1412 1987 1646 2040 intelliget,
1681 1989 1747 2027 cui
1770 1989 1822 2028 D.
1848 1989 1957 2028 Leo-

318 2062 478 2102 nardus
501 2066 642 2101 totum
663 2061 893 2113 negotium
916 2060 1125 2100 indicauit
1146 2063 1174 2099 ².

368 2136 407 2175 6.
467 2135 710 2174 Vilhelmus
734 2133 899 2184 Hepsia
931 2146 1027 2172 cum
1057 2145 1135 2184 per
1165 2136 1393 2183 parentem
1423 2145 1448 2171 a
1482 2132 1638 2182 studijs
1677 2137 1954 2180 auocaretur,

315 2209 454 2259 ipsum
490 2219 617 2258 quam
653 2206 842 2245 honesta
876 2206 1032 2244 artium
1064 2205 1209 2244 studia
1238 2204 1487 2256 relinquere
1519 2205 1683 2244 maluit.
1717 2205 1957 2244 Nobiscum

316 2292 432 2318 nunc
452 2279 556 2330 agit,
582 2277 845 2316 dialecticen
868 2282 991 2316 recte
1013 2276 1308 2328 prosequitur,
1332 2276 1374 2315 in
1405 2276 1666 2323 humilitate,
1705 2276 1959 2315 obedientia

321 2356 365 2389 et
386 2349 728 2389 mortificatione
751 2361 1035 2400 progressum
1058 2361 1262 2400 magnum
1284 2348 1401 2387 tacit.

371 2432 408 2470 7.
469 2419 608 2459 Huius
631 2421 777 2459 socius
800 2426 868 2459 est
890 2420 1077 2459 Iacobus
1098 2420 1247 2466 Velru,
1274 2419 1344 2470 qui
1368 2418 1543 2458 tametsi
1565 2425 1691 2458 extra
1722 2419 1957 2471 collegium

318 2492 550 2540 habitaret,
575 2492 646 2531 die
671 2498 817 2531 tamen
844 2491 971 2530 huius
1003 2491 1164 2529 mensis
1194 2501 1245 2540 24
1275 2502 1323 2528 se
1355 2490 1625 2529 Societatem
1658 2490 1957 2542 ingressurum

318 2565 456 2603 uouit.
489 2565 642 2603 Artem
675 2562 951 2602 dialecticam
983 2561 1216 2614 dilig-enter
1248 2567 1422 2609 tractat,
1447 2561 1702 2612 frequenter
1725 2566 1769 2600 et
1791 2561 1958 2600 deuote

320 2637 628 2683 communicat,
660 2635 888 2674 modestus
921 2634 1048 2673 ualde
1082 2639 1149 2673 est
1181 2639 1225 2672 et
1255 2639 1464 2680 maturus,
1499 2633 1795 2685 optimamque
1825 2633 1880 2671 de
1911 2646 1958 2671 se

320 2721 438 2761 spem
462 2708 587 2747 nobis
609 2708 809 2759 praebet.

373 2781 410 2819 8.
472 2780 685 2817 Reinerus
706 2779 848 2816 Faber
870 2778 923 2816 ab
946 2777 1067 2815 initio
1091 2776 1187 2827 (nisi
1218 2776 1333 2815 forte
1361 2776 1504 2826 fallor)
1535 2775 1712 2827 collegij
1744 2775 1959 2815 lectiones

370 2954 377 2973 ¹
431 2952 637 2990 Robertus
656 2952 705 2988 de
723 2951 886 2998 Bergis.

368 3012 381 3032 ²
435 3011 540 3048 Vide
558 3023 663 3058 quae
682 3011 732 3049 de
751 3011 825 3048 hac
844 3023 888 3048 re
907 3011 1115 3058 scripserit
1135 3009 1178 3047 P.
1199 3008 1435 3046 Everardus
1465 3007 1765 3053 Mercurianus,
1799 3008 1959 3054 provin-

320 3072 448 3118 cialis,
471 3070 577 3120 apud
598 3070 752 3110 Laim‘i
768 3070 980 3118 Monam„
1000 3069 1075 3117 IV,
1095 3069 1177 3108 359.
