2038 3400
332 246 402 287 526
796 250 1016 289 LirrauAE
1042 251 1401 298 QUAomMESTREs

284 356 462 390 nostrae
486 353 721 403 spiritalem
745 356 1049 393 oeconomiam
1081 355 1253 402 attinet,
1286 355 1539 393 vniuersum
1574 355 1754 394 fratrum
1786 356 1916 394 colle·

285 423 403 473 gium
422 424 643 462 charitatis
666 430 710 463 et
737 426 856 475 pacis
878 426 1070 472 vincum,
1090 428 1129 465 et
1151 425 1385 465 amicitiae
1409 425 1652 464 indiuiduo
1681 426 1914 473 sodalitio,

285 493 327 531 in
350 507 480 532 vnum
509 508 667 546 corpus
698 497 940 543 redactum,
966 498 1126 536 Christi
1150 497 1302 548 spiritu
1324 496 1489 535 maiora
1510 510 1684 549 semper
1706 498 1915 536 virtutum

285 565 557 605 incrementa
577 567 631 605 ad
654 568 863 619 cuiusque
893 569 1075 607 membri
1105 569 1438 619 vegetationem
1460 569 1633 619 accipit.
1658 569 1753 608 Nec
1784 569 1914 607 modo

286 637 548 685 hominibus,
574 639 651 677 sed
682 645 726 677 et
748 640 914 690 angelis
937 647 955 665 a
987 640 1201 678 maximae
1234 644 1302 678 est
1332 639 1549 691 voluptati
1578 640 1917 690 pulcherrimum

284 707 326 746 in
350 709 564 747 obeundis
600 711 851 748 muneribus
875 710 1087 757 ordinem,
1112 723 1345 761 rerumque
1371 711 1561 748 omnium
1582 710 1917 748 administratio-

285 793 384 818 nem
408 793 607 828 cernere,
632 781 732 818 dum
754 781 937 832 quisque
959 795 1035 832 pro
1060 782 1213 819 virium
1246 794 1420 819 suarum
1452 781 1647 829 modulo,
1681 782 1722 819 in
1754 795 1832 820 suo
1864 781 1918 819 ad

286 850 607 902 perfectionem
650 852 879 891 contendit
921 853 1083 891 officio.
1126 852 1292 891 Omnes
1328 853 1408 890 Dei
1449 853 1589 904 gratia
1628 866 1840 904 prospera
1878 853 1920 891 in

287 923 462 962 Christo
484 923 684 961 fruuntur
707 924 975 971 valetudine,
1001 925 1104 962 licet
1125 924 1319 973 nonnullj
1344 923 1437 962 eius
1459 923 1771 963 detrimentum
1801 924 1918 963 labo-

284 993 341 1031 ris
362 994 635 1041 assiduitate,
661 1000 705 1033 et
739 995 852 1033 aeris
887 995 1162 1046 intemperie,
1192 995 1411 1033 interdum
1443 994 1648 1043 sentiant;
1678 1008 1862 1046 quorum
1894 1008 1918 1034 e

285 1078 468 1104 numero
493 1066 638 1104 extitit
671 1067 716 1104 P.
745 1067 967 1117 Johannes
998 1066 1205 1113 Arnoulz,
1229 1066 1301 1117 qui
1322 1065 1518 1117 Apamijs
1549 1066 1603 1104 ad
1632 1079 1713 1104 nos
1744 1065 1920 1105 commi-

286 1138 444 1189 grauit,
468 1138 539 1188 qui
560 1138 644 1175 iam
667 1138 748 1176 Dei
770 1138 910 1189 gratia
932 1139 1170 1176 conualuit.

340 1220 377 1247 2.
439 1208 660 1258 Quantum
690 1209 744 1247 ad
775 1209 993 1260 euangelij
1027 1210 1314 1247 ministerium
1345 1210 1518 1256 attinet,
1553 1209 1599 1247 P.
1632 1215 1780 1247 rector
1804 1208 1810 1227 ¹
1836 1208 1920 1246 Bil-

285 1280 403 1318 homi
426 1279 642 1319 aduentus
676 1279 811 1318 sacris
846 1280 1001 1319 diebus
1036 1280 1324 1318 concionatus
1361 1286 1444 1328 est;
1482 1292 1567 1331 ego
1601 1292 1707 1318 vero
1739 1279 1781 1317 in
1811 1279 1918 1317 vrbe

287 1352 581 1403 Manergiensi
603 1352 826 1399 continue,
858 1352 912 1389 ad
934 1364 1061 1402 quam
1084 1353 1117 1389 R
1134 1352 1204 1377 (ΜΞ
1228 1352 1461 1403 episcopus
1483 1363 1553 1389 me
1576 1351 1815 1402 delegauit,
1847 1363 1920 1389 ex-

285 1424 512 1474 tirpandae
534 1424 775 1461 haereseos
797 1436 942 1470 causa,
966 1437 1076 1474 quae
1099 1424 1141 1462 in
1173 1437 1225 1462 ea
1245 1424 1353 1462 vrbe
1376 1424 1620 1474 pullularat.
1645 1423 1798 1461 Eidem
1825 1422 1919 1460 vrbi

285 1497 328 1534 in
348 1496 591 1546 proximam
617 1494 996 1546 quadragesimam
1025 1497 1184 1534 ciuium
1206 1502 1315 1534 voto
1340 1501 1384 1534 et
1406 1497 1458 1534 D.
1490 1495 1685 1546 episcopi
1708 1494 1917 1545 suffragio

286 1565 529 1605 destinatus
551 1581 661 1606 sum.
686 1566 810 1604 Faxit
842 1568 1041 1606 Christus
1059 1569 1201 1618 Jesus,
1239 1572 1286 1606 vt
1306 1573 1458 1605 nostro
1483 1567 1722 1605 ministerio
1745 1566 1921 1604 insitum

286 1640 469 1678 verbum
501 1652 599 1678 cum
621 1639 955 1678 mansuetudine
978 1640 1214 1691 suscipiant
1236 1640 1567 1691 manergienses
1588 1639 1642 1677 ad
1664 1651 1785 1677 suam
1806 1638 1921 1689 ipso-

286 1724 379 1749 rum
402 1711 602 1749 salutem.
627 1711 865 1749 Dominicis
897 1717 940 1749 et
971 1711 1224 1750 solennibus
1247 1711 1403 1750 diebus
1435 1717 1525 1749 tres
1547 1710 1589 1749 in
1619 1711 1702 1749 hac
1723 1709 1921 1748 dioecesi

287 1783 613 1827 concionamur,
637 1796 822 1834 quorum
853 1783 1008 1821 tertius
1039 1788 1106 1821 est
1139 1785 1184 1821 P.
1209 1783 1419 1821 Nicolaus
1448 1783 1679 1821 Bellefille.
1704 1783 1846 1821 Vrbes
1877 1787 1922 1820 et

288 1855 468 1893 castella
488 1855 605 1893 bono
628 1855 788 1893 Christi
812 1854 948 1892 odore
972 1855 1137 1893 imbuta
1158 1855 1414 1894 suauissime
1432 1856 1591 1905 passim
1612 1855 1819 1905 fragrant.
1845 1854 1922 1892 So-

288 1925 425 1964 cietas
459 1926 501 1964 in
535 1926 821 1976 praeteritum
857 1926 1094 1964 aduentum
1131 1932 1176 1964 et
1209 1927 1452 1977 proximam
1492 1925 1869 1977 quadragesimam
1900 1936 1924 1961 a

289 1997 585 2048 compluribus
606 1997 800 2043 vrbibus,
826 2002 870 2035 et
897 1995 1071 2047 quidem
1094 1998 1356 2048 praecipuis,
1382 1997 1633 2036 desiderata
1662 1996 1757 2034 fuit.
1789 1995 1923 2046 Atqui

289 2068 545 2107 domesticis
579 2069 756 2106 infinitis
790 2069 984 2119 negotijs
1008 2070 1053 2107 Ρ.
1079 2075 1225 2108 rector
1263 2075 1518 2120 occupatus,
1557 2069 1797 2120 legitimam
1833 2081 1922 2105 mu-

288 2141 405 2178 neris
436 2140 680 2191 euangelicj
723 2141 1055 2179 excusationem
1090 2141 1358 2191 praetexuit,
1396 2153 1480 2192 ego
1509 2153 1617 2180 vero
1653 2139 1727 2178 vni
1763 2138 1922 2190 oppido

339 2310 358 2328 a
395 2307 437 2339 vt
455 2308 565 2349 puto.

290 2462 416 2509 plum,
449 2459 670 2497 secundum
698 2458 1015 2500 emendationes,
1046 2463 1176 2495 exstat
1203 2458 1243 2495 in
1271 2458 1438 2496 archivo
1465 2457 1701 2495 coloniensi.
1724 2456 1786 2494 Cf.
1809 2456 1920 2493 ΗΑΝν

290 2532 378 2564 sEN,
398 2519 656 2559 Rheinische
675 2518 811 2554 Aleten
835 2547 871 2562 ..,
893 2517 974 2554 767.
996 2517 1112 2563 Quod
1132 2518 1276 2555 attinet
1295 2519 1345 2555 ad
1361 2519 1467 2556 diem
1487 2519 1526 2555 in
1545 2530 1624 2564 quo
1644 2517 1814 2565 epistola
1829 2518 1923 2553 data

291 2582 449 2623 dicitur,
471 2583 605 2627 posset
624 2578 712 2625 quis
732 2577 917 2614 dubitare
937 2590 1032 2614 num
1052 2579 1102 2614 sit
1122 2578 1206 2615 dies
1231 2578 1271 2615 18
1292 2578 1491 2626 januarii,
1526 2578 1672 2615 festum
1704 2577 1924 2614 cathedrae

290 2640 365 2678 Sti.
388 2640 501 2677 Petri
521 2640 690 2683 Romae,
708 2638 812 2684 quod
831 2650 936 2674 anno
960 2638 1049 2674 1558
1065 2651 1133 2684 pro
1152 2643 1236 2675 tota
1257 2639 1430 2676 ecclesia
1450 2652 1472 2675 a
1493 2637 1620 2674 Paulo
1639 2637 1714 2682 IV,
1736 2636 1923 2684 pontifice

291 2700 479 2745 maximo,
508 2704 704 2736 statutum
725 2703 798 2743 est;
820 2710 869 2733 an
890 2697 975 2733 dies
993 2696 1040 2734 ‘22
1059 2696 1288 2739 Februarii,
1310 2697 1456 2734 festum
1476 2698 1695 2734 cathedrae
1716 2696 1790 2734 Sti.
1814 2695 1924 2733 Petri

292 2760 550 2798 Antiochiae.
575 2757 679 2795 Cum
710 2770 804 2794 vero
834 2762 974 2793 auctor
1005 2757 1118 2794 initio
1149 2757 1256 2794 dicat
1288 2762 1473 2794 exactam
1504 2759 1585 2805 jam
1617 2756 1924 2803 quadrimestris

290 2819 408 2868 spatii
436 2818 660 2866 periodum,
690 2817 832 2853 ultima
860 2823 997 2853 autem
1017 2816 1326 2863 quadrimestris
1346 2818 1515 2863 epistola
1535 2816 1742 2853 billiomea
1761 2815 1855 2852 data
1874 2815 1924 2852 sit

289 2879 336 2917 20
354 2878 540 2917 Octobris
562 2876 663 2921 1559;
684 2889 775 2913 cum
794 2882 1009 2922 praeterea
1029 2877 1083 2917 (u.
1105 2878 1142 2921 4)
1161 2876 1561 2923 quadragesimalem
1581 2875 1924 2922 praedicationem

291 2941 509 2977 instantem
528 2936 736 2984 depingat;
769 2935 1017 2982 probabilius
1035 2936 1149 2972 nobis
1172 2935 1330 2972 videtur
1349 2935 1517 2972 indicari
1537 2935 1684 2972 festum
1705 2935 1923 2972 cathedrae

291 2999 368 3038 Sti.
388 2998 501 3036 Petri
525 2996 780 3037 Antiochiae,
818 3008 890 3031 seu
910 2995 994 3031 dies
1013 2995 1059 3031 ‘22
1078 2994 1307 3033 Februarii.

341 3061 349 3081 ¹
403 3058 447 3097 P.
469 3057 745 3103 Hieronymus
763 3054 930 3091 Bassius
949 3054 1026 3099 (Le
1046 3054 1160 3099 Bas).
