2038 3400
536 269 923 308 407.-V1N00130NA
955 272 995 307 31
1031 270 1221 307 Auousri
1251 268 1340 305 1560
1623 268 1691 304 763

114 378 210 423 post
232 373 283 410 D.
308 372 427 410 Pauli
449 370 686 410 aduentum
710 385 763 410 ex
787 372 1008 424 Hungaria
1030 373 1114 411 huc
1131 375 1277 410 rector
1297 376 1363 408 est
1386 382 1605 408 reuersus.
1628 371 1737 408 Coe-

113 448 268 493 perunt
292 454 443 480 omnes
466 443 590 480 simul
614 443 811 481 exactius
834 457 959 494 quarn
990 448 1089 481 ante
1124 442 1215 481 eius
1245 441 1498 485 aduentum,
1525 446 1625 478 octo
1650 440 1737 477 die-

114 515 193 552 bus
215 514 431 552 continuis
453 519 524 551 aut
549 514 679 552 etiam
702 515 894 564 pluribus
925 515 1058 552 multa
1078 514 1190 551 inter
1213 525 1260 551 se
1283 512 1337 550 de
1359 513 1477 550 bono
1502 511 1734 552 communi,

114 592 200 623 tam
221 583 444 634 spirituali,
478 597 604 634 quam
637 585 881 635 temporali,
907 585 1124 631 conferre,
1162 583 1291 634 idque
1324 582 1491 633 ingenti
1514 595 1609 620 cum
1641 594 1738 618 nos·

113 662 278 693 trorum
300 654 481 692 fratrum
504 655 810 693 consolatione
833 659 962 705 atque
993 655 1150 693 fructu.
1186 655 1295 692 Nam
1326 658 1501 704 praeter
1533 665 1599 698 ea,
1624 664 1734 701 quae

114 732 276 765 statuta
311 730 408 764 sunt
445 727 693 764 communia
729 727 926 765 omnibus
957 727 1049 764 fere
1083 726 1299 777 collegijs,
1332 738 1515 774 quorum
1539 729 1738 761 rectores

114 798 330 849 sigillatim
351 810 450 836 suas
473 797 770 836 dubitationes
793 797 944 836 ordine
962 799 1281 849 proponebant,
1301 810 1411 848 quae
1432 796 1622 834 omnium
1641 807 1740 832 con-

115 883 260 917 sensu,
286 875 331 907 ut
353 882 428 920 par
459 876 567 917 erat,
599 870 954 908 absolueuantur.
988 871 1151 908 Habuit
1181 882 1354 920 quoque
1378 869 1595 906 interdum
1626 866 1739 917 apud

115 955 195 980 nos
219 954 370 979 omnes
392 941 440 979 R.
467 942 512 979 P.
539 941 824 979 Prouincialis
847 942 1179 980 exhortationes
1201 941 1292 991 pias
1313 941 1354 978 in
1383 940 1621 978 refectorio
1644 952 1742 976 nos-

116 1018 200 1059 tro,
224 1012 378 1063 quibus
402 1017 445 1050 et
466 1012 688 1051 feruorem
711 1012 830 1050 auxit
851 1013 893 1050 in
915 1013 1074 1060 multis,
1106 1019 1149 1051 et
1171 1013 1224 1050 ad
1246 1013 1408 1051 rectius
1431 1025 1477 1049 se
1499 1010 1741 1062 gerendum

117 1084 225 1122 alios
246 1081 458 1121 incitauit.
483 1082 676 1134 Singuli
694 1096 850 1122 eorum
875 1083 954 1133 qui
986 1083 1034 1121 in
1065 1084 1148 1123 hoc
1176 1082 1409 1122 viennensi
1440 1084 1546 1121 tnnc
1574 1081 1743 1133 era[n]t

117 1153 327 1205 collegio,
352 1152 607 1192 examinati
626 1155 731 1191 seint
753 1155 804 1191 de
821 1155 1091 1204 paupertate
1113 1167 1202 1203 qna
1226 1154 1318 1193 Deo
1340 1165 1384 1191 se
1412 1151 1742 1191 astrinoeerant:

121 1226 290 1264 rectene
324 1237 438 1269 eam,
478 1237 678 1274 aequone
714 1224 869 1263 animo
908 1225 1183 1277 perferrem,
1222 1224 1632 1276 perferendctmqne
1662 1226 1743 1274 pu-

120 1298 283 1335 tarent.

173 1379 210 1417 7.
270 1368 369 1406 Non
391 1368 450 1406 ita
471 1367 543 1405 diu
564 1373 666 1418 post
688 1368 780 1405 eius
803 1368 1043 1406 discessum
1076 1369 1226 1406 Patres
1249 1368 1372 1406 simul
1399 1380 1450 1406 ac
1470 1368 1626 1405 fratres
1648 1379 1744 1405 nos-

121 1441 173 1478 tri
196 1441 237 1478 in
260 1440 447 1478 Domino
472 1440 710 1478 charissimi
735 1452 891 1490 magno
915 1452 1011 1478 cum
1048 1440 1173 1477 animi
1196 1440 1352 1478 solatio
1385 1440 1453 1477 die
1476 1438 1746 1477 Visitationis

122 1512 252 1549 Ranae
274 1510 478 1561 Virginis,
511 1523 596 1560 quo
629 1515 829 1559 tempore
859 1510 1151 1560 posteriorem
1183 1509 1448 1548 electionem
1479 1511 1526 1548 R.
1559 1511 1605 1547 P.
1630 1510 1679 1547 T.
1704 1509 1745 1546 in

120 1580 416 1632 praepositum
450 1586 648 1618 nostrum
688 1582 940 1631 generalem
974 1580 1131 1619 factam
1169 1593 1266 1618 esse
1307 1581 1664 1624 recordabantur,
1705 1580 1745 1617 in

123 1652 318 1690 eiusdem
341 1652 470 1689 B.¹11ae
493 1651 639 1688 Matris
662 1651 744 1688 Dei
765 1652 943 1698 sacello,
967 1651 1083 1702 quod
1104 1651 1145 1688 in
1168 1652 1331 1701 templo
1353 1656 1504 1689 nostro
1529 1651 1747 1689 ornatissi-

123 1736 237 1760 mum
258 1723 483 1767 habemus,
509 1734 586 1759 sua
607 1725 711 1759 uota
733 1722 990 1759 unanimiter
1009 1734 1160 1760 omnes
1182 1727 1463 1760 renouarunt.
1484 1722 1547 1759 Ex
1570 1720 1748 1770 nouitijs

123 1797 404 1833 accesserunt
426 1798 627 1843 quatuor,
661 1792 732 1843 qui
754 1791 869 1830 uotis
900 1798 1003 1832 tunc
1024 1794 1207 1843 primurn
1239 1794 1541 1832 communibus
1571 1798 1747 1831 nostrae

124 1865 358 1904 Societatis
381 1877 479 1902 sese
504 1865 598 1902 Deo
631 1863 926 1902 astrinxerunt
948 1877 1107 1915 magno
1140 1877 1237 1903 cum
1259 1866 1451 1916 ipsorum
1484 1871 1527 1902 et
1559 1865 1748 1903 onmium

125 1936 300 1988 gaudio.
336 1935 524 1984 Quintus
554 1934 597 1972 id
628 1935 767 1985 ipsum
799 1935 956 1973 eodem
978 1936 1262 1974 Ascensionis
1285 1935 1355 1973 die
1386 1936 1568 1974 fecerat.
1592 1936 1649 1974 Vt
1679 1948 1749 1973 au-

124 2013 214 2047 tem
249 2006 579 2046 accumulatiori
615 2006 775 2057 gaudio
809 2006 1037 2045 uberiores
1073 2019 1334 2058 cogeremur
1367 2007 1553 2046 Domino
1585 2007 1750 2044 fructus
1794 2041 1796 2043 .

125 2079 338 2131 proferre,
363 2077 449 2117 duo
474 2090 527 2115 ex
549 2077 710 2115 nostris
734 2077 849 2115 circa
878 2077 994 2115 idern
1015 2082 1188 2129 tempus
1210 2078 1345 2116 sacris
1376 2078 1545 2125 initiati,
1579 2079 1688 2116 alter
1710 2078 1749 2115 in

128 2152 171 2190 S.
189 2150 357 2201 Jacobi,
381 2150 490 2187 alter
511 2149 554 2186 in
574 2149 618 2186 S.
640 2149 968 2187 Bartholomaei
989 2149 1104 2187 festo
1126 2149 1336 2200 primitias
1352 2150 1448 2187 Deo
1467 2162 1624 2200 magno
1647 2161 1750 2199 quo-

129 2222 242 2268 dam,
266 2234 353 2260 non
374 2220 506 2259 modo
529 2225 796 2267 nostrorum,
834 2220 911 2259 sed
935 2226 1217 2259 externorum
1241 2221 1371 2259 etiam
1399 2222 1607 2272 applausu
1630 2221 1752 2259 obtu-

129 2295 287 2332 lerunt.
315 2293 413 2342 Quo
435 2291 597 2330 facturn
622 2296 703 2338 est,
729 2298 775 2330 ut
807 2297 908 2329 octo
930 2290 1014 2330 iam
1045 2293 1128 2330 sint
1151 2293 1227 2330 ain
1267 2293 1516 2330 uniuersum
1549 2292 1589 2330 in
1622 2293 1752 2330 colle-

129 2364 201 2415 gio
237 2364 323 2402 hoc
353 2363 583 2401 viennensi
619 2361 890 2410 sacerdotes,
924 2376 973 2401 ac
1002 2368 1092 2402 tres
1124 2363 1253 2402 etiam
1285 2370 1517 2414 praeterea
1548 2363 1750 2413 dyaconi,

131 2447 314 2486 quorum
335 2446 517 2472 numero
541 2435 574 2471 si
597 2435 733 2472 multo
756 2435 901 2484 plures
932 2435 1211 2482 accederent,
1242 2436 1455 2474 haberent
1477 2448 1580 2473 sane
1611 2435 1653 2472 in
1674 2436 1754 2472 hac

132 2507 295 2544 inculta
314 2505 505 2556 alioquin
527 2504 655 2543 uinea
676 2506 849 2543 Domini
870 2506 1037 2556 negotij
1060 2507 1155 2556 plus
1183 2507 1301 2545 satis.
1330 2506 1440 2545 Cum
1463 2507 1572 2546 haec
1599 2505 1752 2545 omnia

125 2576 330 2628 feliciter
357 2578 636 2627 gererentur
668 2589 721 2614 ac
749 2575 971 2623 suauiter,
1014 2583 1298 2616 accesserunt
1334 2577 1530 2628 priuatae
1570 2577 1754 2614 rectoris

134 2648 349 2686 lectiones
371 2647 498 2685 nobis
521 2648 720 2686 omnibus
741 2648 1098 2697 pernecessariae
1122 2661 1175 2685 ex
1198 2649 1306 2686 libro
1326 2648 1608 2699 spiritualium
1633 2661 1755 2686 exer-

136 2718 389 2756 citationum
413 2719 458 2757 P.
482 2719 534 2756 N.
560 2719 714 2769 Ignatij
738 2719 832 2768 piae
855 2719 1092 2756 memoriae
1110 2719 1164 2757 de
1186 2718 1498 2770 dignoscendis
1521 2719 1753 2769 spiritibus,

136 2790 279 2840 deque
301 2789 590 2840 temperantia
607 2802 657 2828 ac
673 2789 805 2827 modo
825 2789 1023 2827 sumendi
1045 2790 1203 2828 cibum.
1228 2791 1307 2829 His
1329 2791 1554 2836 absolutis,
1574 2791 1755 2840 primum

138 2861 288 2898 orandi
308 2860 484 2898 modum
507 2874 673 2898 summa
694 2873 790 2898 cum
813 2861 1122 2911 expectatione
1150 2862 1439 2912 profectuque
1465 2862 1652 2898 omnium
1676 2861 1755 2910 spi-

136 2931 279 2970 rituali
308 2931 500 2979 tradidit,
533 2945 620 2970 non
653 2945 726 2970 ore
759 2938 885 2969 tenus
917 2931 1064 2980 modo,
1095 2932 1174 2970 sed
1212 2933 1254 2970 in
1290 2932 1461 2982 scriptis
1491 2932 1636 2978 etiam,
1670 2945 1754 2982 quo

185 3066 204 3086 a
244 3065 340 3105 Del.
361 3066 401 3104 in
420 3066 667 3104 uniuersum.
