2038 3400
368 245 439 283 880
835 247 1052 286 errsstmss
1083 249 1438 295 QUAommEsmssq

321 349 407 387 lum
430 351 594 389 hahere
617 351 894 390 sacerdotem
917 358 990 390 aut
1013 353 1388 401 concionatorem,
1413 367 1511 392 cum
1534 353 1741 393 meliores
1769 367 1856 393 non
1884 366 1948 392 re-

321 421 558 470 periantur·;
589 424 739 461 rustici
770 429 916 461 tamen
947 436 998 462 ac
1028 424 1211 474 simplex
1242 426 1428 476 populus
1458 426 1597 476 magis
1627 426 1814 464 afficitur
1846 439 1948 477 erga

322 493 563 532 catholicos
586 500 802 545 pastores.
827 495 1100 545 Sparguntur
1122 496 1285 534 diuersi
1306 497 1406 535 hinc
1427 496 1529 535 inde
1550 509 1795 543 sermones3
1819 498 1949 547 aliqui

322 565 580 612 catholicos,
619 566 687 615 alij
720 565 998 604 aduersarios
1030 567 1207 605 tandem
1240 568 1468 606 uictoriam
1500 575 1820 607 consecuturos
1856 582 1950 619 spe-

321 642 430 674 rant.
458 638 518 675 illi
542 637 730 684 dubiam,
750 639 888 676 nostri
909 638 1147 677 firmiorem
1170 652 1291 690 spem
1312 641 1491 687 habent,
1518 645 1561 678 et
1583 640 1776 691 gaudent
1799 653 1951 679 omnes

323 709 528 747 catholici
563 710 792 761 plurimum
825 710 999 760 quando
1030 717 1207 750 nostrae
1240 712 1477 751 Societatis
1507 712 1767 759 institutum,
1799 725 1950 762 proce-

321 780 451 820 dendi
476 782 651 820 modum
674 788 805 832 atque
829 782 1003 820 labores
1027 782 1322 830 considerant,
1348 790 1392 823 et
1416 797 1469 822 ex
1492 784 1578 823 hoc
1598 797 1684 823 non
1706 798 1855 836 parum
1876 798 1951 835 pu-

321 853 541 892 silanimcs
563 854 753 905 alioquin
776 854 1035 903 animanturg
1060 868 1113 893 ex
1137 856 1273 893 altera
1295 861 1417 906 parte
1440 862 1628 907 querunt
1650 857 1782 907 uarijs
1812 856 1951 895 modis

322 926 468 963 oculte
490 932 666 963 nostros
687 931 869 964 conatus
890 926 1103 976 impedire
1124 927 1310 965 heretici
1331 935 1366 974 ἃς
1389 933 1575 978 querunt
1599 928 1857 966 occasiones
1877 942 1952 966 no-

320 997 464 1043 cendi,
489 997 581 1045 sed,
607 1000 697 1036 laus
725 999 820 1035 Deo
842 998 877 1044 b,
901 998 1114 1037 hactenus
1143 1012 1230 1038 non
1260 999 1539 1047 inuenerunt3
1561 1013 1645 1039 nec
1675 1001 1785 1038 ullos
1817 999 1952 1051 magis

320 1081 447 1118 quam
469 1074 645 1107 nostros
667 1070 837 1117 timent3
861 1069 976 1108 vnde
1000 1082 1097 1108 cum
1119 1071 1283 1109 amicus
1301 1071 1473 1120 quidam
1491 1077 1642 1110 noster
1664 1072 1893 1123 singularis
1910 1072 1951 1109 in

321 1139 526 1189 oppidum
549 1139 769 1190 quoddam
801 1141 1018 1192 Vngariae
1053 1146 1059 1164 ¹
1085 1143 1296 1189 uenisset,
1328 1143 1399 1180 ubi
1429 1144 1576 1193 p'ures
1607 1144 1820 1182 haeretici
1851 1157 1951 1182 con-

320 1210 571 1249 cionatores
590 1213 782 1259 exulant,
807 1213 950 1250 statim
972 1212 1075 1263 quid
1097 1213 1282 1251 iesuitae
1304 1213 1584 1252 intenderent
1602 1215 1950 1262 sciscitabantur,

321 1285 363 1318 et
385 1295 437 1319 an
459 1282 619 1333 aliquid
641 1283 853 1322 aduersus
873 1284 1126 1322 haereticos
1149 1291 1483 1335 componerent3
1507 1298 1692 1336 cumque
1714 1287 1787 1324 ille
1808 1299 1888 1324 nos
1910 1287 1950 1323 in

320 1353 413 1403 ipso
445 1354 594 1392 labore
628 1366 726 1392 esse
762 1353 946 1399 diceret.
983 1355 1353 1394 contristabantur
1382 1369 1470 1394 non
1500 1357 1735 1395 modicum.
1769 1358 1951 1395 Istarum

319 1426 641 1475 prouinciarum
671 1427 866 1478 episcopi
895 1427 1025 1465 solito
1059 1427 1310 1478 diligentius
1341 1429 1575 1466 commisso
1607 1430 1731 1479 gregi
1763 1436 1780 1454 0
1800 1428 1952 1480 inuigi-

319 1497 421 1543 lant,
460 1503 503 1535 et
540 1499 758 1548 colapsam
795 1504 1006 1537 conantur
1029 1500 1229 1537 omnibus
1260 1499 1401 1538 modis
1435 1500 1677 1539 instaurare
1702 1501 1950 1547 ecelesiam,

319 1570 551 1619 presertim
599 1569 956 1621 archiepiscopus
991 1571 1240 1622 Strigoniae
1284 1571 1296 1589 ²

1304 1602 1311 1618 ‚
1344 1571 1576 1623 episcopus
1618 1572 1952 1622 quinqueeccle-

320 1641 475 1678 sicnsis
495 1640 523 1687 ³,
549 1642 782 1692 episcopus
804 1642 1179 1680 transiluaniensis
1201 1644 1271 1681 uel
1298 1642 1521 1681 nitriensis
1542 1644 1570 1691 ⁴,
1595 1644 1667 1694 qui
1689 1649 1952 1681 curauerunt

321 1717 364 1749 et
386 1712 528 1750 adhuc
551 1717 701 1750 curant
724 1713 908 1764 imprimi
930 1713 1143 1764 quaedam
1166 1714 1210 1752 in
1228 1715 1434 1753 auxilium
1456 1728 1629 1753 suarum
1648 1714 1949 1753 ecclesiarum.

320 1783 562 1834 Episcopus
583 1784 840 1835 trigestinus
860 1783 872 1803 ⁵
895 1798 973 1823 sua
994 1798 1097 1824 cura
1118 1785 1433 1837 diligentiaque
1455 1792 1623 1825 tantum
1645 1787 1686 1824 in
1708 1799 1785 1824 sua
1806 1786 1952 1824 dioce-

320 1855 353 1892 si
376 1854 541 1902 effecit,
567 1861 613 1893 ut
635 1855 767 1894 modo
790 1857 831 1894 in
854 1857 947 1895 dies
980 1857 1188 1895 maiorem
1218 1857 1261 1895 in
1295 1858 1456 1908 populo
1478 1858 1666 1896 fructum
1687 1858 1951 1908 pietatisque

318 1927 522 1977 antiquae
553 1927 819 1966 desiderium
855 1929 1121 1979 experiatur:
1145 1928 1262 1979 quod
1293 1928 1490 1979 gaudens
1520 1941 1658 1980 nuper
1689 1929 1743 1967 ad
1778 1931 1949 1967 Patrem

319 2004 541 2036 rectorem
564 1998 582 2023 ‘³-
604 1998 631 2046 ⁶,
657 2001 725 2037 cui
744 2000 1101 2039 familiarissimus
1120 2013 1294 2052 semper
1310 2001 1405 2048 fuit,
1426 2000 1612 2051 scripsit,
1632 2014 1682 2039 ac
1704 2001 1828 2039 simul
1851 2014 1950 2039 con-

320 2070 459 2108 silium
489 2070 710 2121 spirituale
742 2072 885 2122 petijt,
910 2085 993 2122 qua
1023 2073 1194 2110 ratione
1224 2074 1339 2111 bene
1375 2086 1496 2111 suam
1530 2074 1669 2124 possit
1704 2074 1951 2124 gubernare

321 2143 567 2180 ecclesiam.
602 2143 810 2181 Similiter
840 2145 1043 2194 permulti
1066 2145 1136 2194 alij
1170 2145 1408 2195 spiritualia
1438 2144 1617 2183 consilia
1634 2152 1881 2184 nostrorum
1908 2152 1951 2184 et

319 2219 473 2263 petunt
497 2220 540 2251 et
563 2220 803 2264 sequuntur
826 2228 911 2253 non
935 2216 1027 2254 sine
1050 2216 1208 2254 fructu.
1230 2216 1427 2266 Cumque
1450 2215 1654 2255 catholici
1677 2230 1779 2267 prae
1803 2224 1950 2256 coete-

320 2286 425 2324 teris
464 2286 516 2324 ad
555 2287 733 2324 altiores
772 2287 934 2337 gradus
974 2292 1319 2338 promoueantur
1354 2288 1625 2339 plerumque,
1661 2301 1744 2327 nec
1765 2288 1892 2326 facile
1928 2301 1951 2326 a

320 2369 437 2395 caes.
473 2359 527 2395 M.
560 2357 613 2395 ad
645 2359 731 2396 tale
764 2359 948 2397 offitium
981 2366 1225 2397 assumatur
1255 2360 1479 2398 hereticus
1501 2360 1712 2411 quispiam
1740 2367 1757 2385 e
1792 2361 1832 2397 in
1863 2372 1949 2410 quo

366 2524 384 2541 a
406 2515 559 2552 Pl‘tzec.
577 2525 613 2551 v.
634 2520 769 2562 snpra
789 2526 901 2552 vers.
955 2517 1020 2542 κ-ῐ)
1043 2516 1133 2552 Deo
1148 2521 1284 2562 supra
1301 2527 1410 2553 vers.
1464 2523 1528 2541 —0
1553 2516 1644 2563 Seq.
1663 2516 1746 2552 del.
1765 2517 1906 2562 quisqu
1927 2530 1947 2551 ·.

329 2576 386 2600 —d
407 2580 602 2611 nostrum.
664 2595 682 2598 -
704 2583 721 2600 e
743 2575 774 2610 2
800 2586 867 2612 vv.
891 2581 1022 2621 praec
1055 2581 1191 2623 snpra
1211 2587 1335 2615 vers..
1359 2577 1556 2621 primum
1592 2575 1778 2612 Polancs
1795 2586 1952 2615 mmm:

319 2635 394 2671 alt.
418 2636 623 2672 (zltcsoris.

370 2770 377 2787 ¹
431 2767 629 2804 Cassovia
648 2767 706 2811 (P).
729 2766 793 2804 Cf.
814 2780 949 2814 supra,
974 2781 1009 2815 p.
1031 2767 1112 2804 766.

368 2828 380 2846 ²
432 2827 626 2864 Nicotaus
645 2826 815 2864 Olahus.

366 2887 379 2907 ⁸
430 2886 637 2934 Georgius
660 2886 937 2923 Draskowich.

432 2947 582 2983 Paulus
603 2946 843 2983 Abstemius
863 2946 1152 2991 (Bornemiza).

365 2948 378 2966 4

367 3007 379 3026 ⁵
427 3006 606 3052 joannes
630 3005 762 3050 Betta,
783 3004 832 3042 O.
855 3005 897 3042 S.
921 3005 968 3042 B.

368 3067 381 3086 ‘⁵
432 3066 476 3103 P.
493 3066 674 3113 Joannes
691 3066 740 3103 de
760 3065 959 3103 Victoria.
