2038 3400
498 241 825 282 443s—C0L0N1A
857 253 990 279 MENSE
1016 241 1200 279 OcToBm
1229 242 1273 285 (Ρ)
1303 241 1392 278 1560
1639 241 1709 279 939

133 345 341 385 tudinem.
361 349 452 398 jam
475 348 641 398 pridem
673 346 901 384 Treuerim
925 344 1271 395 commigrasset,
1295 343 1349 381 ad
1378 347 1550 393 tempus
1580 343 1753 393 aliquod

132 417 188 454 ibi
220 430 460 463 mansuruS,
491 418 571 456 nisi
602 418 758 456 malum
788 417 874 455 hoc
903 415 1133 466 aliquando
1164 414 1462 452 recrudescat.
1498 414 1753 451 Desiderata

133 487 211 525 fuit
240 488 371 538 ipsius
401 502 425 527 a
455 490 582 527 Patre
616 488 875 526 Prouinciali
905 486 1154 537 praesentia
1189 491 1234 524 et
1269 497 1417 536 opera,
1454 484 1607 534 partim
1638 485 1753 535 quod

135 559 418 610 Moguntiam,
442 559 682 598 accersitus
704 571 729 597 a
751 558 847 596 Η.ᾱο
869 558 1191 609 archipraesule
1222 556 1496 607 moguntino,
1519 556 1755 606 profectio-

132 643 231 668 nem
252 629 438 668 adornet
462 631 487 677 ¹3
510 630 664 681 partim
687 629 804 680 quod
826 629 1009 667 Treueri
1036 629 1101 677 (ut
1131 632 1254 666 certo
1287 627 1595 678 cognouimus)
1626 629 1754 678 septi-

133 715 202 739 mo
226 702 350 739 huius
382 701 542 739 mensis
565 701 769 739 traditum
791 701 846 739 sit
877 713 961 738 vna
990 713 1087 738 cum
1110 700 1304 738 clauibus
1334 697 1545 738 Societati
1577 704 1754 737 nostrae

109 773 383 824 collegium,
416 772 533 823 quod
564 774 634 811 Pr.
659 772 901 811 Goudanus
932 785 1068 822 Vsque
1091 772 1144 810 ad
1174 771 1361 810 reditum
1392 772 1439 809 P.
1472 769 1756 809 Prouincialis

133 844 338 883 traditum
362 845 645 884 custodisset.
670 846 725 883 Et
745 845 887 883 animo
909 849 1086 895 paratus
1107 842 1281 895 quidem
1313 843 1466 880 fuisset
1498 855 1552 881 eo
1587 842 1756 892 profici-

132 917 208 963 sci,
233 917 314 955 nisi
335 917 461 955 nobis
483 917 622 955 visum
644 917 799 954 fuisset
823 916 915 954 eius
932 915 1171 954 valetudini
1192 916 1278 953 hoc
1298 927 1385 953 non
1408 913 1632 965 expedire.
1658 915 1756 952 Fra·

132 992 245 1026 trum
277 988 594 1026 coloniensium
626 986 808 1038 quilibet
830 986 1063 1038 diligenter
1094 999 1170 1024 sua
1201 986 1291 1024 obit
1321 985 1478 1031 munia,
1511 985 1620 1023 alter
1650 984 1756 1022 alte-

132 1073 225 1097 rum
249 1059 472 1098 charitatis
505 1058 654 1107 offitijs
683 1070 890 1108 superare
913 1057 1153 1095 contendit.
1176 1058 1340 1095 Omnes
1370 1069 1455 1094 non
1477 1055 1630 1094 minori
1654 1067 1757 1093 cura

133 1131 473 1169 constitutiones
494 1130 731 1168 Societatis
754 1130 1006 1175 obseruant,
1029 1128 1173 1179 quoad
1196 1127 1288 1166 eius
1310 1129 1403 1166 fieri
1424 1131 1586 1179 potest.

186 1212 223 1240 2.
283 1200 529 1252 Discipulos
563 1205 880 1251 praeceptores
914 1200 955 1237 in
994 1200 1056 1237 sui
1093 1198 1441 1246 admirationem,
1477 1212 1671 1238 amorem
1706 1212 1757 1237 ac

131 1271 433 1319 imitationem,
459 1271 552 1309 sine
573 1271 755 1322 negotio
778 1271 1049 1321 pertrahunt,
1073 1272 1132 1308 ita
1152 1276 1200 1308 vt
1226 1283 1313 1308 non
1334 1271 1459 1320 pauci
1483 1271 1612 1308 etiarn
1634 1271 1754 1309 hisce

132 1343 286 1382 diebus
306 1356 384 1394 per
405 1342 659 1393 generalem
682 1341 1020 1387 confessionem,
1054 1341 1256 1379 abdicata
1276 1341 1404 1392 impia
1435 1342 1537 1387 vita,
1567 1355 1614 1379 se
1636 1346 1756 1380 totos

132 1415 304 1454 virtutis
326 1414 471 1453 studio
494 1414 796 1464 manciparint.
816 1413 881 1450 De
904 1414 1060 1463 quibus
1082 1419 1205 1451 certe
1227 1413 1429 1464 quoniam
1452 1413 1569 1451 miris
1590 1414 1755 1464 pollent

132 1486 322 1533 dotibus,
346 1499 432 1524 non
454 1484 694 1523 mediocria
715 1489 896 1531 tantum,
921 1485 999 1523 sed
1021 1484 1208 1522 maxima
1230 1484 1443 1534 speranda
1464 1490 1563 1522 sunt
1582 1483 1756 1535 pietatis

133 1559 444 1596 emolumenta.
469 1557 688 1594 Numerus
710 1562 797 1594 tarn
818 1557 1129 1602 intraneorum,
1153 1569 1281 1606 quam
1305 1562 1629 1602 extraneorum,
1653 1569 1756 1606 quo-

132 1629 237 1668 tidie
258 1630 577 1667 incrementum
600 1628 743 1666 sumit.
767 1629 877 1666 Nam
901 1633 945 1666 et
965 1634 1140 1679 praeter
1162 1628 1284 1674 alios,
1304 1628 1345 1665 in
1366 1633 1561 1665 nostrum
1584 1626 1757 1665 conuic-

132 1708 221 1739 tum
242 1701 365 1739 asciti
388 1705 502 1746 sunt,
529 1700 686 1750 elapsis
713 1699 878 1750 aliquot
900 1699 1070 1746 diebus,
1108 1698 1194 1737 duo
1231 1698 1539 1737 adolescentes
1559 1698 1756 1736 nobilita-

133 1780 174 1812 te
198 1773 373 1824 generis
395 1768 513 1818 clari,
538 1777 583 1810 et
611 1770 697 1809 R.‘¹J'
723 1771 1057 1822 archipraesulis
1079 1771 1348 1809 treuerensis
1379 1770 1571 1821 cognati.
1597 1770 1756 1809 Acces-

132 1847 185 1884 sit
206 1846 313 1884 alius
335 1844 516 1895 insignis
537 1843 797 1882 adolescens
819 1847 862 1881 et
884 1855 1068 1894 magnae
1096 1843 1204 1893 spei,
1228 1856 1356 1894 quem
1380 1842 1497 1880 R.<¹¹¹⁸
1527 1843 1757 1893 episcopus

133 1917 368 1956 leodiensis
398 1916 411 1935 ²
433 1915 547 1967 apud
577 1928 657 1953 nos
678 1916 795 1953 alere
819 1915 1059 1962 constituit,
1085 1921 1130 1953 vt
1161 1915 1234 1953 vbi
1264 1915 1304 1952 in
1336 1914 1480 1953 studio
1502 1914 1756 1965 theologico

133 2002 309 2040 operam
331 1987 542 2039 posuerit,
568 1999 618 2025 ac
641 1999 813 2025 cursum
833 1985 1088 2033 absoluerit,
1115 2000 1192 2024 suo
1224 1987 1350 2037 gregi
1378 1986 1608 2038 aliquando
1636 1999 1757 2037 prae-

133 2073 231 2099 esse
253 2073 304 2099 ac
324 2059 536 2111 prodesse
558 2063 705 2110 queat.
731 2059 1016 2109 Progressum
1039 2072 1167 2109 quem
1192 2072 1344 2096 omnes
1374 2059 1415 2096 in
1445 2058 1619 2108 pietatis
1641 2071 1692 2096 ac
1713 2058 1757 2096 li-

132 2137 322 2170 terarum
342 2130 487 2168 studio
511 2130 688 2176 faciunt,
715 2134 759 2166 et
783 2129 995 2167 exercitia
1017 2129 1296 2176 creberrima,
1326 2142 1412 2167 non
1436 2135 1503 2167 est
1524 2129 1757 2167 admodum

133 2215 293 2253 operae
313 2201 501 2252 pretium
523 2201 669 2239 multis
701 2200 914 2249 encomijs
937 2201 1178 2247 celebrare,
1212 2214 1309 2239 cum
1341 2213 1439 2238 eum
1469 2201 1595 2239 facile
1628 2207 1671 2239 et
1702 2214 1755 2239 ex

131 2273 384 2325 quotidiana
404 2272 717 2323 discipulorum
738 2272 1010 2318 accessione,
1036 2278 1080 2310 et
1103 2273 1257 2310 crebra
1279 2273 1555 2311 confessione
1579 2274 1757 2324 collige-

131 2357 178 2383 re
217 2345 413 2396 procliue
449 2343 516 2381 sit.
557 2342 687 2381 Aliud
726 2342 912 2381 referam
951 2343 1125 2382 silentio
1162 2343 1335 2382 minime
1371 2342 1755 2394 praetereundum.

135 2415 321 2465 Quidam
342 2415 549 2453 sacerdos
573 2414 728 2452 summi
750 2414 900 2464 templi
921 2414 1213 2461 traiectensis,
1237 2414 1309 2465 qui
1326 2421 1501 2453 nostros
1522 2416 1606 2453 huc.
1627 2419 1757 2465 atque

132 2488 234 2526 illuc
255 2487 589 2538 proficiscentes
611 2485 845 2524 admodum
865 2486 1057 2537 benigne
1080 2487 1269 2537 hospitio
1294 2487 1516 2537 suscipere
1538 2487 1668 2534 solet,
1692 2501 1757 2525 su-

134 2559 379 2610 perioribus
401 2557 568 2608 aliquot
590 2557 744 2595 diebus
765 2556 819 2595 ad
839 2570 920 2595 nos
941 2558 1118 2608 appulit,
1143 2564 1190 2596 vt
1212 2558 1425 2596 exercitia
1445 2557 1679 2596 Societatis
1700 2559 1757 2596 ia-

134 2636 270 2679 ceret„
296 2629 485 2674 Primam
506 2641 615 2670 vero
645 2627 967 2668 hebdomadam
990 2642 1087 2672 cum
1118 2634 1240 2672 tanto
1262 2629 1391 2668 animi
1412 2630 1587 2668 feruore
1618 2630 1758 2669 absol·

137 2701 210 2749 uit,
247 2708 295 2739 vt
328 2701 382 2739 ad
411 2699 647 2739 Societatis
675 2706 850 2739 nostrae
886 2700 1131 2739 institutum
1165 2713 1253 2739 non
1288 2700 1569 2740 mediocriter
1604 2714 1757 2740 accen-

135 2772 278 2811 datur.

179 2939 190 2960 ¹
241 2938 285 2976 P.
322 2938 589 2975 provincialis
623 2937 857 2976 Everardus
894 2939 1177 2977 Mercurianus
1205 2939 1463 2978 confluentia
1500 2939 1755 2987 Moguntiam

133 2998 335 3046 profectus
354 3002 415 3034 est
432 2997 497 3035 die
519 2998 562 3035 13
583 2997 770 3035 Octobris
792 2997 893 3036 1560.
914 2997 1030 3043 Ibid.,
1050 2999 1131 3037 372.

182 3058 194 3078 ²
246 3057 451 3095 Robertus
472 3057 521 3094 de
541 3056 702 3104 Bergis.
