2038 3400
345 201 415 238 814
812 203 1031 240 L1TTERAE
1058 203 1416 249 QUADmMESTREs

300 305 531 343 tumaciam
553 306 594 344 in
618 319 841 345 carcerem
865 307 1145 353 coniecisset,
1165 319 1249 345 nec
1269 308 1322 345 ab
1340 307 1434 356 alijs
1452 313 1604 359 posset
1624 308 1814 357 exorarj,
1838 312 1928 346 tan-

300 376 399 414 dem
422 378 649 428 respondit
672 391 718 416 se
740 379 856 416 nolle
880 378 1066 416 liberare
1098 391 1212 426 eurrr,
1236 380 1317 417 nisi
1339 392 1415 430 pro
1440 391 1493 417 eo
1523 379 1714 429 jesuitae
1742 380 1928 418 interce-

300 448 470 487 derent.
496 450 609 488 Hinc
629 451 766 488 nostri
791 451 922 488 etiam
943 464 1021 501 pro
1053 451 1148 500 alijs
1177 450 1348 489 duobus
1378 451 1614 489 liberandis
1636 456 1860 502 rogarunt,
1886 456 1929 488 et

300 519 470 559 liberati
507 527 619 560 sunt.
654 523 765 561 Hinc
795 522 969 573 quidam
1000 523 1168 561 hussita
1199 522 1408 561 sacerdos
1431 537 1485 562 ex
1509 535 1686 561 carcere
1718 522 1927 561 hussitico

300 592 516 631 deductus
535 599 602 631 est
620 594 659 631 in
679 594 956 641 catholicum,
977 607 1062 645 quo
1084 600 1237 645 posset
1260 595 1478 633 ecclesiae
1497 594 1758 640 catholicae,
1778 599 1825 632 ut
1845 594 1930 632 fac-

299 669 389 701 tum
413 670 494 710 est,
520 665 809 714 reconciliarj.
835 666 881 702 In
903 677 988 715 quo
1014 665 1144 703 etiam
1167 666 1385 704 catholico
1410 678 1587 704 carcere
1611 665 1734 703 multi
1770 666 1931 717 captiui

299 736 459 773 nostris
478 748 610 786 saepe
630 736 909 783 confitentur,
931 742 974 774 et
993 749 1046 774 eo
1061 736 1234 787 quando
1253 737 1449 784 ueniunt,
1465 742 1585 774 tanta
1603 737 1747 775 cordis
1766 737 1931 774 exulta-

300 806 418 845 tione
438 807 523 845 hoc
539 812 859 845 sacramentum
882 815 900 832 a
923 808 1178 859 suscipiunt,
1199 813 1244 846 ut
1263 821 1358 847 eam
1378 821 1465 846 non
1484 808 1630 847 uerbis
1647 812 1829 856 tantum,
1854 809 1932 847 sed

300 884 343 917 et
360 880 593 929 lachrymis
609 866 741 930 saepe
757 884 992 918 testentur.
1011 880 1219 918 Similiter
1234 879 1276 918 in
1292 881 1456 931 templo
1473 886 1626 918 nostro
1643 880 1733 918 itali
1749 880 1815 928 81,
1835 893 1931 931 ger-

300 951 411 988 mani
433 961 497 999 33,
524 957 567 989 et
588 952 767 989 bohemi
789 952 839 989 28
859 951 946 989 hoc
967 950 1275 1002 quadrimestri
1297 956 1498 1002 tempore
1531 951 1724 990 confessi
1745 956 1860 998 sunt,
1886 957 1930 989 et

299 1022 339 1059 in
361 1022 614 1061 uniuersum
637 1024 750 1060 ultra
776 1032 849 1061 100
871 1022 1263 1070 communicarunt,
1287 1022 1486 1074 quamuis
1509 1028 1635 1060 extra
1653 1021 1933 1074 quadragesi-

299 1106 395 1131 mae
417 1099 590 1145 tempus
611 1094 809 1145 germani
832 1099 875 1132 et
898 1094 1090 1141 bohemi,
1115 1094 1436 1145 quantumlibet
1459 1094 1679 1141 catholici,
1713 1093 1932 1132 rarissime

299 1165 515 1213 confiteri,
548 1166 709 1204 nedum
741 1166 1066 1204 communicare
1098 1167 1285 1204 soleant.
1318 1166 1436 1204 Inter
1469 1178 1547 1204 eos
1578 1171 1725 1203 autem
1756 1165 1931 1217 quidam

298 1231 514 1270 bohemus
536 1232 656 1279 baro,
681 1233 784 1271 licet
806 1232 879 1270 uix
902 1232 1007 1270 satis
1028 1233 1280 1284 germanice
1309 1233 1581 1282 loqueretur,
1615 1231 1765 1270 maluit
1785 1237 1932 1270 tamen

300 1303 469 1342 cuidam
493 1316 546 1341 ex
569 1304 731 1342 nostris
753 1304 1021 1355 germanice,
1046 1316 1173 1354 quarn
1195 1304 1305 1353 alijs,
1331 1304 1445 1355 apud
1466 1316 1577 1355 quos
1599 1303 1774 1354 agebat,
1798 1304 1933 1342 bohe-

300 1376 410 1413 mice
434 1375 649 1414 confiteri.
676 1375 830 1413 Mulier
862 1375 994 1414 etiam
1017 1388 1116 1423 una,
1140 1388 1251 1427 quae
1282 1388 1360 1426 per
1388 1375 1638 1422 triennium,
1676 1381 1720 1413 et
1749 1375 1814 1413 uir
1844 1376 1933 1425 qui-

299 1445 430 1498 d[am]
454 1446 487 1493 b,
512 1447 584 1498 qui
611 1447 657 1484 16
677 1447 800 1484 annis
821 1451 909 1484 tam
941 1446 1283 1495 confessionem,
1317 1459 1445 1498 quarn
1471 1447 1825 1485 communionem
1859 1458 1933 1484 ne-

299 1519 544 1569 glexerant,
568 1518 683 1570 apud
703 1530 785 1556 nos
805 1517 982 1557 tandem
1004 1519 1063 1557 ita
1083 1520 1414 1569 poenituerunt,
1439 1522 1484 1555 ut
1507 1523 1630 1556 certo
1652 1518 1933 1568 promiserint

300 1602 346 1627 se
365 1590 574 1641 deinceps
592 1590 744 1627 maiori
761 1589 927 1640 pietate
947 1595 991 1627 et
1008 1596 1385 1628 sacramentorum
1402 1590 1691 1639 frequentiori
1709 1603 1789 1628 usu
1810 1602 1932 1627 recu-

299 1666 532 1712 peraturos
553 1661 671 1712 quod
701 1666 831 1699 antea
860 1666 948 1699 tam
984 1662 1115 1712 longa
1147 1666 1191 1699 et
1226 1661 1468 1712 pernitiosa
1496 1660 1769 1712 negligentia
1790 1660 1933 1698 fuerat

299 1733 519 1771 amissum.
545 1733 725 1782 Insuper
747 1732 964 1771 bohemus
986 1746 1096 1771 unus
1119 1738 1162 1771 et
1185 1731 1383 1783 germani
1403 1737 1495 1770 tres
1517 1731 1570 1770 ab
1591 1731 1818 1770 haeretica
1838 1743 1934 1782 per-

299 1805 401 1843 fidia
421 1803 474 1843 ad
498 1816 647 1842 ueram
668 1804 831 1842 Christi
847 1803 995 1851 fidem,
1015 1805 1109 1854 ipso
1133 1809 1421 1855 cooperante,
1456 1804 1627 1842 reducti
1662 1808 1776 1841 sunt.
1810 1803 1932 1841 Alius

301 1878 432 1914 etiam
455 1889 609 1922 senex,
633 1876 706 1926 qui
727 1887 831 1925 prae
853 1876 985 1914 nimia
1013 1881 1161 1914 aetate
1185 1876 1257 1914 uix
1279 1873 1451 1926 ingredi
1472 1881 1547 1913 aut
1569 1875 1721 1913 uidere
1752 1874 1933 1925 amplius

299 1949 457 1999 potuit,
484 1953 527 1985 et
559 1960 583 1985 a
604 1957 656 1995 30
676 1947 800 1985 annis
824 1948 1055 1987 confessus
1084 1961 1172 1987 non
1202 1948 1360 1995 fuerat,
1396 1952 1441 1985 et
1461 1959 1679 1998 nunquam
1700 1959 1778 1997 per
1800 1946 1933 1984 uitam

300 2026 437 2059 totam
461 2022 880 2069 communicauerat,
900 2022 983 2059 iam
1005 2026 1106 2072 post
1127 2020 1285 2058 multas
1306 2025 1559 2058 nostrorum
1582 2019 1759 2057 Patrum
1780 2031 1831 2056 ac
1853 2018 1932 2056 fra-

300 2099 411 2131 trum
429 2094 744 2133 instructiones
762 2100 806 2133 et
829 2101 845 2119 0
869 2093 1219 2139 exhortationes,
1240 2092 1501 2143 interposito
1520 2091 1782 2138 iuramento,
1802 2090 1932 2128 fidem

300 2169 343 2202 et
366 2166 721 2205 communionem
745 2166 1005 2204 catholicam
1033 2166 1261 2215 amplexus
1284 2169 1366 2203 est.
1392 2165 1437 2201 In
1461 2163 1634 2201 casibus
1665 2162 1796 2201 etiam
1832 2175 1932 2201 con-

300 2237 511 2275 scientiae
535 2244 623 2276 tam
644 2239 856 2285 hussitae,
881 2249 1008 2288 quam
1031 2235 1250 2283 catholici,
1274 2241 1453 2274 nostros
1475 2235 1731 2286 frequenter
1753 2234 1930 2281 adeunt,

300 2314 430 2359 atque
454 2309 648 2359 consilijs
671 2323 823 2348 eorum
846 2310 1036 2347 libenter
1067 2308 1369 2358 acquiescunt,
1402 2307 1504 2358 quin
1535 2306 1727 2357 ipsorum
1760 2311 1933 2344 contro—

301 2381 467 2418 uersias
489 2393 539 2418 ac
561 2381 660 2418 lites
682 2394 759 2431 per
789 2387 966 2419 nostros
998 2391 1130 2430 saepe
1164 2379 1368 2429 componi
1400 2376 1669 2424 desiderant3
1702 2376 1756 2414 de
1778 2375 1933 2428 quibus

301 2452 435 2489 multa
455 2451 631 2503 quidem
656 2453 857 2503 exempla
879 2451 969 2489 dari
1000 2455 1198 2501 possent,
1222 2450 1303 2487 nisi
1325 2449 1428 2487 mihi
1451 2449 1675 2487 literarum
1705 2447 1933 2500 prolixitas

303 2528 422 2561 esset
444 2522 620 2560 uitanda
641 2522 675 2560 d.
702 2524 797 2560 Pari
820 2522 952 2560 modo
976 2535 1079 2560 suos
1102 2521 1237 2559 libros
1259 2521 1378 2571 prius
1399 2525 1577 2558 nostrae
1601 2532 1813 2558 censurae
1836 2520 1932 2557 sub-

301 2594 467 2644 ijciunt,
505 2607 632 2645 quam
654 2595 696 2632 in
727 2596 870 2633 lucem
903 2593 1079 2641 aedant,
1105 2598 1148 2631 et
1169 2593 1275 2631 boni
1297 2594 1531 2631 consulunt
1563 2591 1736 2643 quando
1768 2591 1931 2630 dissua-

300 2666 428 2704 detur
450 2666 630 2713 aeditio,
656 2671 702 2703 ut
725 2666 928 2717 exempla
949 2665 1000 2703 D.
1028 2665 1271 2716 Praepositi
1301 2669 1345 2702 et
1379 2664 1432 2702 M.
1459 2664 1571 2703 Galli
1595 2666 1620 2710 ¹,
1653 2663 1863 2710 hussitae,
1889 2668 1933 2700 et

345 2792 364 2811 a
414 2792 526 2829 3vv.
545 2796 689 2838 praec.
712 2792 759 2827 in
778 2801 939 2836 marg:
955 2791 1152 2837 primum
1182 2791 1390 2832 auctoris,
1419 2789 1506 2825 duo
1535 2789 1627 2825 alia
1654 2787 1856 2830 Polanci,
1885 2790 1934 2824 ut

299 2853 487 2896 videtur,
509 2862 662 2889 manu.
721 2852 782 2876 —b
809 2852 1075 2896 Consmnpta
1097 2851 1264 2887 charta.
1320 2856 1382 2874 —0
1404 2853 1443 2885 et
1462 2853 1601 2893 supra
1619 2858 1727 2884 vers.
1784 2847 1849 2872 -d
1873 2846 1934 2883 ui-

300 2918 411 2949 tanta
432 2922 512 2948 ms.

352 3034 358 3053 ¹
413 3032 520 3070 Vide
540 3043 675 3078 supra,
699 3044 733 3077 p.
754 3029 823 3066 303
