2038 3400
580 206 906 245 261.-C01„0N1A
930 206 953 242 6
978 202 1083 252 MAjl
1113 203 1202 241 1559
1587 204 1651 242 195

128 321 166 358 4.
226 311 271 348 In
303 323 453 349 mense
485 310 639 349 Martio
672 316 762 348 tres
795 321 848 347 ex
879 308 1084 346 fratribus
1115 307 1356 357 magisterii
1387 307 1577 344 lauream
1601 311 1697 344 sunt

76 380 237 431 adepti,
264 387 307 418 et
327 387 416 419 tres
439 381 625 429 externi,
650 379 788 419 nostri
809 391 984 430 quoque
1007 377 1221 428 discipuli,
1257 383 1301 414 ut
1332 377 1494 428 primus
1523 377 1698 428 collegii

75 451 198 489 istius
220 465 370 490 cursus
390 452 717 503 philosophicus
748 464 827 489 sex
848 449 1064 496 habuerit,
1090 448 1309 487 secundus
1330 449 1476 499 plures
1508 448 1560 486 sit
1582 448 1698 486 habi-

77 528 214 569 turus,
250 528 292 561 et
328 523 482 561 tertius
514 524 646 574 longe
681 523 823 561 adhuc
851 520 1174 572 praecedentes
1208 532 1359 557 omnes
1391 519 1628 569 superabit,
1654 526 1698 556 vt

77 593 207 632 modo
233 594 504 645 experientia
524 593 744 632 discimus.
769 595 879 631 Tres
909 605 1017 631 vero
1049 591 1119 629 isti
1148 592 1306 629 fratres
1337 594 1460 628 erant
1492 591 1547 628 M.
1571 591 1699 628 Fran-

78 665 218 703 ciscus
243 666 546 712 Hemaerolus,
566 666 728 716 primus
746 663 1060 709 vniuersitatis3
1080 663 1134 700 M.
1156 662 1373 700 Henricus
1392 661 1671 699 Dionatensis
1692 666 1697 683 ¹

79 741 122 773 et
153 736 207 774 M.
239 737 394 774 Petrus
427 735 703 775 Coloniensis
725 738 752 774 ².
788 735 845 773 M.
880 735 1072 773 Ioannes
1103 732 1290 772 Redtius
1320 732 1467 770 tribus
1493 733 1699 783 gradum

78 807 283 854 contulit,
307 809 347 846 el
367 820 452 858 ego
475 807 622 845 fribus
644 806 765 845 aliis.
801 806 1083 844 Baccalaurei
1105 804 1261 842 artium
1283 803 1519 841 duodecim
1543 800 1700 840 eodem

77 884 277 929 tempore
299 879 689 928 promouebantur,
713 878 826 915 inter
857 889 966 927 quos
997 876 1198 914 Societas
1231 888 1308 913 sex
1339 875 1487 921 habet,
1517 885 1701 924 magnae

79 949 399 999 expectationis
420 948 619 987 iuuenes.
645 948 879 999 Speramus
910 947 951 985 in
982 959 1119 984 annos
1151 945 1346 996 singulos
1368 958 1448 983 nos
1471 945 1702 995 magistros

78 1021 241 1070 aliquot
263 1020 476 1058 Societati
498 1020 690 1066 daturos,
715 1020 787 1069 qui
816 1018 857 1056 in
893 1018 986 1056 aliis
1018 1017 1218 1068 collegiis
1241 1017 1370 1055 etiam
1394 1016 1558 1054 docere
1579 1019 1703 1066 pote-

78 1097 191 1138 runt,
215 1095 286 1129 aut
308 1092 563 1142 theologiae
584 1103 760 1140 operam
782 1089 1052 1140 impendere.
1074 1088 1160 1127 His
1179 1101 1285 1127 vero
1308 1087 1442 1126 nonis
1458 1086 1704 1138 magistris

80 1164 189 1212 opus
212 1161 297 1212 ipsi
318 1162 546 1207 habemns,
571 1162 615 1199 vt
637 1161 788 1199 adhuc
810 1161 983 1198 duobus
1003 1160 1069 1198 vel
1088 1159 1235 1197 tribus
1253 1158 1373 1197 aliis.
1397 1146 1705 1197 M.'Henricns

79 1232 302 1283 siqu-idem
325 1232 491 1284 logicis
512 1246 684 1272 mecum
707 1233 790 1270 hoc
813 1244 932 1270 anno
965 1232 1098 1282 lege&
1133 1231 1190 1269 M.
1222 1231 1384 1269 Petrus
1413 1230 1539 1268 solus
1568 1228 1706 1268 classi

77 1305 266 1354 poefz'ces
282 1303 502 1354 praeerir&
527 1304 584 1342 M.
606 1303 882 1342 Francisczts
898 1316 987 1341 vna
1010 1315 1111 1341 clim
1133 1302 1188 1340 M.
1214 1303 1428 1340 Andraea
1448 1300 1461 1320 ³
1486 1299 1706 1352 inferiori

76 1375 469 1427 gammaficorzim
490 1376 647 1414 schola
665 1378 834 1425 pueros
857 1375 1074 1420 instituez‘,
1100 1373 1209 1423 qnia
1230 1375 1467 1422 vtramque
1490 1372 1704 1424 linguam

76 1447 304 1499 gallicam
334 1449 373 1486 ez‘
400 1446 722 1499 gernmnicam
751 1446 817 1484 sic
845 1445 960 1484 satis
990 1446 1138 1491 callet,
1169 1446 1392 1495 quamam
1424 1443 1496 1482 illi
1524 1444 1706 1483 scholae

79 1518 289 1570 sufficiet.

134 1601 170 1640 5.
234 1589 476 1629 Fratribus
498 1589 705 1628 omnibus
727 1588 983 1628 domesficis
1005 1590 1138 1627 datae
1159 1589 1266 1626 smil
1287 1588 1479 1639 regulae
1511 1600 1705 1626 commu-

79 1676 154 1702 nes
177 1661 431 1709 Societafis,
457 1661 503 1700 in
525 1661 686 1711 quibus
701 1674 745 1699 se
757 1663 843 1711 pro
866 1659 996 1698 virili
1016 1671 1220 1699 exercere
1242 1660 1486 1705 conantur,
1506 1658 1704 1697 anaxime

80 1747 184 1773 vero
206 1733 254 1771 in
278 1733 334 1771 iis
364 1746 476 1783 qztae
498 1732 590 1770 iria
613 1734 774 1770 nostra
805 1731 969 1770 emissa
999 1734 1107 1769 vota
1129 1732 1420 1770 concernunt.
1446 1729 1502 1768 M.
1535 1730 1707 1780 Grego-

81 1806 167 1843 rius
187 1805 200 1823 ⁴
222 1807 271 1843 28
303 1804 525 1843 Februarii
557 1803 701 1842 studio
734 1803 777 1841 S.
801 1804 1058 1854 theologiae
1089 1802 1282 1840 initiatus
1306 1807 1387 1849 est,
1417 1801 1705 1852 gradumque,

80 1889 209 1928 quem
232 1881 392 1915 vocant
419 1875 818 1921 baccalaureatum,
851 1874 1033 1924 accepit.
1058 1874 1111 1912 In
1143 1886 1233 1923 qua
1262 1886 1347 1911 sua
1378 1871 1707 1924 inauguratio-

81 1962 133 1987 ne
154 1947 321 1986 adoeta
351 1947 548 1985 oratione
570 1945 838 1996 presentium
869 1945 1037 1983 animos
1067 1945 1238 1982 refecit.
1262 1944 1527 1982 Nostrorum
1560 1956 1708 1982 exem-

56 2016 167 2070 'plo,
191 2017 608 2069 quantum-videtur,
633 2017 754 2054 multi
775 2016 844 2054 alii
865 2028 1040 2066 quoque
1062 2015 1317 2066 theologiae
1341 2028 1519 2065 operam
1539 2015 1703 2066 impen-

82 2090 202 2128 dunt.
226 2090 350 2127 Faxit
372 2089 597 2135 Dominus,
622 2094 668 2126 vt
690 2088 812 2126 multi
834 2087 1077 2126 catholicae
1107 2087 1332 2138 religionis
1356 2091 1708 2138 propugnatores

82 2161 345 2200 Germaniae
362 2162 683 2210 producantur
703 2161 744 2197 b.
769 2160 814 2196 In
836 2159 1033 2210 profesto
1056 2159 1244 2208 paschae
1275 2158 1323 2196 in
1342 2157 1587 2197 diaconum
1604 2161 1710 2208 pro-

82 2235 230 2271 motus
251 2234 312 2271 est
335 2232 389 2270 M.
422 2232 678 2269 Franciscus
710 2231 973 2268 Hemerolus
1006 2228 1173 2276 Leodii,
1199 2234 1352 2279 estque
1375 2230 1429 2267 ab
1467 2230 1674 2280 episcopo
1698 2233 1710 2252 ⁸

82 2303 391 2341 humanissime
427 2308 671 2352 susceptus,
706 2307 749 2339 et
779 2301 913 2352 gratis
950 2301 1082 2339 sacris
1114 2301 1337 2339 ordinibus
1372 2301 1580 2348 initiatus,
1617 2306 1711 2338 tan-

84 2388 209 2426 quam
242 2374 476 2412 Societatis
506 2374 762 2411 membrum.
797 2373 982 2411 Omnem
1014 2385 1134 2410 suam
1172 2385 1349 2423 operam
1381 2372 1595 2410 Societati
1631 2373 1708 2410 ad-

85 2445 199 2484 dixis
227 2452 244 2470 ‘³
275 2445 521 2496 episcopus,
560 2450 605 2482 vt
641 2456 739 2494 spes
771 2443 1006 2494 refulgere
1030 2442 1173 2493 possit
1193 2442 1228 2490 d,
1263 2443 1384 2481 multi
1418 2444 1522 2481 boni
1557 2441 1711 2482 Leodii

132 2612 151 2631 '⁶¹
201 2616 255 2648 et.
307 2611 372 2636 -b
392 2614 699 2657 praeparentur.
752 2617 815 2635 -0
836 2608 1056 2655 promissit.
1112 2609 1179 2634 —d
1200 2607 1413 2655 affulgeat.

197 2777 400 2815 Henricus
419 2775 635 2814 Somalius.

197 2837 343 2874 Petrus
361 2835 513 2882 Haupt.

198 2896 390 2933 Andreas
407 2894 620 2932 Boccatius
638 2894 841 2941 phrysius.

197 2955 424 3002 Gregorius
442 2953 593 2991 Fabius
611 2954 901 2991 dionantensis.

198 3015 405 3052 Robertus
423 3014 472 3050 de
492 3012 653 3059 Bergis.

134 2958 148 3036 U*
134 2781 147 2917 0⁸¹0-—
