2038 3400
394 246 460 284 196
854 248 1075 286 LITTERAE
1102 248 1458 294 QUADRIMESTRES

342 350 509 397 orituri,
533 350 569 388 si
599 351 732 390 modo
764 352 952 402 operarii
981 352 1082 391 illuc
1112 365 1136 390 a
1157 352 1384 391 Societate
1414 352 1654 391 mittantur.
1685 353 1872 392 Maxima
1905 358 1966 391 to·

340 421 425 458 tius
448 422 625 473 collegii
655 423 959 462 consolatione
988 423 1121 461 frater
1152 424 1235 462 iste
1265 429 1417 462 noster
1446 424 1528 462 hos
1557 423 1734 463 ordines
1761 424 1969 475 suscepit,

339 497 429 530 tum
457 492 558 543 quia
586 493 799 532 hactenus
821 494 862 531 in
895 495 1095 532 omnibus
1125 493 1192 532 ita
1214 501 1232 519 a
1254 506 1301 532 se
1323 495 1528 545 gesserit,
1551 497 1597 534 vt
1624 497 1684 534 ad
1713 508 1856 535 unum
1881 508 1970 534 om-

337 575 414 601 nes
434 561 510 601 illi
529 564 665 603 talem
684 566 892 616 gradum
902 564 1137 615 sanarent,
1157 578 1292 615 eoque
1308 578 1409 605 eum
1427 565 1622 618 dignum
1638 565 1967 614 existimarent,

337 647 440 673 cum
462 636 613 675 famen
644 635 736 686 ipse
757 637 847 675 tale
879 635 1057 687 aliquid
1077 649 1156 675 nec
1181 635 1364 687 petierit
1384 651 1463 677 nec
1494 637 1718 690 cogitarit
1748 650 1966 688 unquam,

334 710 425 745 tum
456 707 557 757 quia
587 720 754 747 summa
785 708 1066 746 sacerdotum
1096 709 1278 759 penuria
1304 709 1554 748 laboremus
1586 710 1642 748 ob
1672 709 1967 748 studiosorum

335 778 520 829 copiam,
558 791 670 829 quae
706 785 825 817 tanta
857 785 938 827 est,
974 786 1020 818 vt
1057 792 1210 818 eorum
1246 780 1598 820 confessionibus
1631 780 1858 820 audiendis
1893 782 1967 820 vix

333 850 523 900 quinque
545 851 565 876 b
586 850 641 888 ad
672 850 766 889 dies
797 851 962 902 aliquot
993 851 1226 899 sufficiant,
1261 856 1304 889 et
1333 856 1456 890 tanto
1488 865 1586 891 cum
1612 852 1771 901 fructu,
1803 859 1851 891 vt
1877 853 1966 903 qui-

331 920 430 960 dam
465 928 567 960 ante
602 923 764 961 multos
800 935 938 961 annos
973 935 1191 974 nunquam
1228 923 1357 974 plene
1393 923 1599 971 confessi,
1636 924 1965 963 herethicorum

331 994 462 1032 etiam
496 994 631 1032 libros
652 993 778 1032 nobis
811 993 1063 1033 exurendos
1093 993 1367 1042 tradiderint,
1400 999 1443 1032 et
1465 995 1831 1046 quadragesimali
1857 1000 1964 1033 tem-

328 1078 436 1115 pore
457 1077 545 1103 non
566 1064 705 1113 inuiti,
730 1065 809 1103 sed
830 1065 961 1113 vltro,
985 1064 1147 1104 ieiunia
1167 1065 1328 1103 fuerint
1350 1065 1555 1117 amplexi3
1578 1065 1697 1116 quod
1717 1065 1846 1104 facile
1866 1077 1963 1116 per-

328 1136 535 1185 misimus,
560 1142 607 1175 vt
636 1138 828 1187 pueriles
850 1137 980 1193 animi
1000 1136 1207 1187 paulatim
1236 1136 1316 1188 piis
1339 1137 1545 1188 operibus
1579 1137 1841 1176 exercendis
1863 1149 1962 1176 sese

327 1198 732 1256 accommodarent,
775 1214 821 1247 vt
856 1209 911 1248 ad
951 1209 1116 1248 maiora
1153 1209 1435 1260 postmodum
1476 1209 1681 1248 obeunda
1715 1209 1799 1248 sint
1838 1221 1958 1260 para-

325 1281 477 1319 tiores.

375 1353 414 1390 6.
475 1354 532 1391 Vt
553 1365 661 1391 vero
684 1353 857 1391 illorum
879 1364 1055 1403 quoque
1076 1352 1263 1404 diligens
1285 1353 1395 1391 ratio
1418 1352 1647 1400 habeatur,
1666 1352 1739 1403 qui
1759 1351 1865 1390 foris
1886 1353 1959 1391 ha-

322 1424 477 1472 bitant,
500 1424 715 1475 praefecti
737 1423 965 1463 constituti
987 1429 1086 1462 sunt
1106 1424 1149 1462 in
1170 1422 1482 1475 discipulorum
1513 1423 1724 1462 cubiculis
1753 1428 1796 1462 et
1823 1423 1959 1463 dorni-

322 1497 418 1543 bus,
442 1496 515 1547 qui
549 1501 641 1534 tum
676 1496 1055 1547 praeceptoribus,
1079 1500 1171 1534 tum
1208 1495 1388 1547 regenti
1410 1503 1427 1521 e
1456 1495 1736 1534 hebdomada
1764 1496 1958 1547 qualibet

321 1568 569 1619 significent
591 1581 719 1619 quam
740 1569 880 1619 probe
903 1580 1057 1606 omnes
1080 1567 1226 1606 officio
1250 1580 1329 1606 suo
1352 1568 1602 1618 fungantur,
1628 1573 1672 1605 et
1701 1580 1803 1606 num
1833 1568 1957 1619 leges

319 1652 432 1690 quae
472 1640 653 1692 singulis
684 1640 896 1678 cubiculis
931 1652 955 1677 a
990 1641 1173 1691 regente
1204 1639 1224 1664 d
1251 1640 1549 1690 praescriptae
1584 1644 1698 1687 sunt,
1722 1644 1845 1678 recte
1867 1651 1955 1677 ser-

320 1717 494 1751 uentur.

371 1793 408 1832 7.
469 1785 575 1823 Post
595 1784 815 1836 paschalia
834 1785 949 1822 festa
968 1783 1194 1822 innouatio
1217 1783 1432 1833 quaedam
1454 1783 1699 1821 studiorum
1731 1782 1847 1821 facta
1869 1788 1951 1830 est,

315 1855 358 1893 in
379 1855 658 1894 inferioribus
679 1857 916 1907 praecipue
939 1855 1166 1902 classibus3
1190 1854 1252 1894 sic
1275 1855 1389 1893 enim
1410 1855 1496 1894 hoc
1517 1855 1732 1893 hactenus
1761 1855 1952 1893 seruaui-

315 1940 408 1965 mus
430 1932 478 1965 vt
498 1927 540 1965 in
560 1927 676 1966 festo
699 1928 903 1978 paschae,
927 1927 970 1965 in
992 1927 1154 1965 scholis
1174 1926 1574 1977 grammaticorum,
1598 1926 1653 1964 ad
1683 1926 1948 1976 superiores,

313 1997 366 2036 ad
388 1999 653 2038 rhetoricam
675 2011 830 2050 vsque,
853 2011 1063 2038 ascensus
1086 1999 1401 2038 celebraretur.
1425 1998 1537 2037 Nam
1553 1998 1596 2036 in
1613 1997 1736 2036 festis
1759 1997 1950 2036 omniurn

311 2071 574 2109 Sanctorum
603 2070 823 2122 generalis
859 2076 926 2109 est
957 2071 1148 2109 omnium
1184 2070 1385 2108 classium
1420 2069 1619 2109 mutatio.
1658 2069 1948 2108 Praemissum

311 2142 390 2181 fuit
412 2155 600 2181 examen
616 2144 722 2181 satis
739 2143 998 2190 vehemens,
1018 2155 1103 2193 quo
1122 2148 1209 2181 tam
1227 2142 1282 2181 de
1301 2155 1455 2181 eorum
1472 2142 1544 2193 qui
1565 2141 1790 2180 ascensuri
1808 2146 1945 2188 erant,

309 2226 437 2264 quam
459 2214 531 2265 qui
553 2215 741 2252 mansuri
765 2214 1029 2261 eruditione,
1053 2214 1296 2265 periculum
1327 2213 1527 2252 fecimus.
1561 2212 1845 2251 Doctioribus
1867 2219 1884 2238 θ
1905 2213 1947 2250 in

308 2297 481 2336 quaque
504 2287 643 2324 classe
665 2285 677 2310 f
703 2286 800 2323 libri
821 2285 995 2335 quidam
1017 2285 1246 2333 dabantur,
1271 2291 1317 2323 vt
1339 2286 1425 2324 hoc
1452 2284 1523 2323 alii
1553 2284 1608 2322 ad
1639 2284 1824 2323 similem
1856 2284 1947 2322 dili-

308 2358 500 2407 gentiam
524 2357 889 2396 accenderentur.

359 2429 397 2466 8.
461 2427 680 2467 Ordz'nem
701 2428 945 2468 lectionum
963 2430 1045 2478 per
1067 2429 1283 2468 aestatem
1304 2428 1424 2467 hanc
1451 2429 1796 2467 semunciarum
1823 2426 1945 2466 alias

307 2499 356 2541 R.
392 2499 434 2538 V.
461 2499 644 2550 accepit,
669 2501 714 2538 vt
735 2502 846 2550 opus
861 2512 953 2538 non
970 2499 1183 2539 videatur
1201 2499 1366 2538 iterato
1383 2512 1504 2538 nunc
1520 2498 1711 2538 mittere.
1732 2499 1941 2537 Curatum

306 2576 373 2608 est
396 2572 523 2609 vnice
544 2571 648 2609 illud
670 2584 725 2610 ne
746 2577 1063 2622 praeceptores
1084 2572 1226 2609 nimiis
1248 2571 1513 2609 lectionibus
1532 2571 1839 2618 obruerentur,
1862 2571 1941 2609 sed

304 2655 388 2680 vna
410 2656 507 2681 curn
534 2642 790 2682 domesticis
823 2643 1229 2691 exercitationibus,
1254 2642 1511 2694 theologiae
1534 2655 1712 2694 operam
1734 2649 1757 2675 g
1776 2642 1940 2693 impen-

303 2713 420 2752 dant.
444 2715 555 2753 Nam
577 2720 675 2765 post
707 2715 801 2753 dies
832 2715 996 2765 aliquot
1026 2714 1323 2766 quotidianam
1353 2715 1591 2753 lectionem
1623 2726 1789 2752 sacram
1821 2713 1939 2752 domi

302 2785 495 2833 audient,
518 2790 586 2823 ter
607 2786 649 2824 in
673 2785 858 2836 epistola
879 2786 933 2824 ad
950 2798 1155 2825 romanos
1173 2786 1348 2836 scripta,
1367 2789 1435 2823 ter
1453 2791 1600 2824 autem
1618 2785 1659 2823 in
1678 2785 1934 2823 scolasticis.

303 2858 428 2907 Quae
467 2857 716 2908 priusquam
753 2871 777 2895 a
816 2857 1025 2909 Magistro
1066 2858 1391 2897 Sententiarum
1428 2857 1611 2904 discant,
1653 2870 1740 2895 non
1777 2858 1854 2895 abs
1889 2869 1936 2894 re

337 3007 357 3027 a
391 3008 555 3052 optime.
594 3008 659 3033 —b
680 3008 928 3045 sacerdotes.
966 3016 1030 3034 —0
1050 3008 1211 3045 rectori.
1254 3008 1320 3034 —d
1340 3008 1391 3044 ab
1407 3020 1467 3044 eo.
1518 3015 1581 3033 -θ
1603 3007 1831 3044 doctoribus
1851 3018 1930 3044 ms.

303 3069 357 3093 —f
385 3068 553 3113 praemii
575 3068 748 3105 nomine.
805 3076 872 3101 —g
895 3069 986 3115 δερ.
1007 3080 1047 3106 v.
1068 3068 1186 3106 oblit.
1207 3069 1392 3105 natiuam
1412 3067 1489 3113 [.9].
