2038 3400
349 229 419 267 230
842 229 1062 268 LlTrERAE
1090 230 1448 276 QUADmMEsTREs

304 333 486 379 darum,
508 334 553 370 Ρ.
575 332 760 372 rectoris
785 339 792 358 ¹
818 335 1022 384 exemplo
1045 339 1176 385 atque
1195 346 1329 384 opera
1351 347 1443 373 non
1465 334 1702 376 immemor
1723 346 1755 376 a.
1782 338 1867 388 Qui
1888 343 1934 376 ut

303 404 463 442 amoris
482 408 525 442 et
548 405 771 443 charitatis
788 405 963 444 uinculo
982 405 1207 443 unanimes
1223 406 1266 443 in
1283 404 1377 443 dies
1393 406 1530 457 magis
1547 419 1599 445 ac
1615 409 1751 459 magis
1769 409 1823 447 ad
1839 421 1934 460 per-

301 475 542 514 fectionem
563 476 790 527 nostrique
812 475 1135 514 abdicationem
1152 476 1408 527 aspiremus,
1429 477 1629 516 omnibus
1651 479 1792 517 modis
1814 485 1935 518 curat

302 547 617 598 prospicitque.
642 547 726 587 Hic
745 560 976 599 persaepe,
1011 554 1055 586 et
1076 547 1181 586 foris
1202 560 1289 586 non
1320 561 1417 587 raro
1440 549 1601 588 ascitus
1633 550 1932 589 concionatur.

302 618 423 657 Idem
446 619 618 658 coeteri
635 621 788 659 Patres
809 619 1043 666 interdum,
1059 632 1111 658 ac
1132 620 1320 658 maxime
1338 620 1382 657 Ρ.
1400 621 1619 659 Robertus
1637 622 1933 672 Clayssonius„

305 695 349 729 et
371 691 571 730 doctriua
592 697 636 730 et
657 692 835 729 feruore
856 691 898 729 in
921 690 1224 729 concionando
1246 690 1524 729 admirabilis.
1551 693 1597 730 Ρ.
1624 693 1779 731 Petrus
1800 693 1936 732 Cana-

306 762 357 800 lis
378 774 430 800 ac
452 764 500 800 Ρ.
525 763 711 801 Iacobus
733 768 746 787 2
766 762 809 801 in
829 775 1067 813 puerorum
1090 762 1443 800 confessionibus
1465 762 1692 802 audiendis
1724 776 1938 815 occupan-

303 839 387 873 tur.
409 834 607 884 Quorum
631 834 822 873 omnium
838 834 920 885 piis
942 833 1254 873 monitionibus
1275 834 1469 872 nonnulli
1492 834 1646 874 diebus
1662 836 1842 887 singulis
1864 835 1939 874 do-

306 905 488 954 minicis,
512 907 684 957 plurimi
706 906 975 944 solemnibus
1005 919 1057 945 ac
1077 906 1200 945 festis
1231 906 1387 945 diebus
1407 907 1450 945 in
1480 920 1604 946 sacra
1625 908 1836 946 sumenda
1867 921 1938 947 eu-

306 979 509 1017 charistia
530 978 758 1017 nobiscum
779 982 1084 1030 perseuerant.
1109 978 1248 1017 Tanta
1269 991 1376 1017 uero
1399 979 1635 1018 Societatis
1656 986 1832 1019 nostrae
1859 981 1940 1020 mi-

305 1050 458 1090 nimae
480 1049 812 1090 commendatio
834 1052 1009 1097 manat,
1039 1052 1079 1089 et
1099 1051 1118 1076 b
1139 1063 1217 1101 per
1240 1063 1392 1089 omnes
1409 1052 1652 1091 Aruerniae
1674 1052 1783 1091 fines
1804 1052 1941 1091 fundi-

306 1128 390 1170 tur,
415 1127 547 1173 atque
569 1122 630 1161 ita
650 1122 692 1161 in
714 1122 809 1161 dies
830 1126 1032 1173 augetur,
1057 1128 1103 1160 ut
1127 1122 1317 1161 omnium
1344 1123 1561 1163 uoluntati
1582 1123 1836 1163 satisfacere
1867 1125 1942 1163 mi-

310 1195 427 1233 nime
450 1208 709 1234 concessum
730 1193 804 1233 sit.
828 1200 846 1219 0
873 1195 1060 1233 Tantum
1083 1193 1311 1245 siquidem.
1337 1195 1384 1233 R.
1410 1196 1456 1234 P.
1483 1195 1502 1220 d
1523 1195 1564 1234 in
1586 1196 1638 1245 ijs
1660 1209 1772 1247 quae
1794 1196 1848 1235 ad
1879 1210 1942 1235 sa-

309 1268 446 1306 lutem
485 1268 725 1306 animarum
765 1265 1002 1318 pertinent,
1038 1264 1234 1304 tribuunt
1274 1279 1441 1314 omnes,
1479 1271 1524 1305 ut
1562 1268 1737 1307 omnino
1773 1268 1827 1306 ab
1867 1281 1943 1307 ore

309 1339 359 1378 P.
384 1340 653 1379 nostrorum
675 1346 692 1364 θ
715 1337 971 1390 dependere
994 1337 1240 1376 uideantur:
1265 1338 1292 1387 ij
1316 1338 1525 1390 imprimis
1546 1338 1619 1390 qui
1653 1345 1699 1378 ut
1730 1339 1942 1391 dignitate

308 1410 500 1462 generiS,
525 1411 585 1448 ita
606 1410 714 1448 alios
736 1410 995 1460 plerumque
1019 1413 1062 1447 et
1093 1408 1264 1447 ratione
1294 1414 1531 1460 praestant.
1570 1408 1802 1460 [Sequitur
1836 1412 1944 1449 dufo-

310 1496 415 1522 rum
433 1483 727 1534 peccatorum
749 1481 1017 1531 conversio].
1945 1468 1949 1471 ³

362 1566 400 1604 4.
461 1555 681 1594 Numerus
702 1559 854 1593 noster
876 1567 962 1592 uno
993 1566 1047 1592 ex
1079 1554 1353 1593 scholasticis
1383 1559 1537 1592 auctus
1569 1560 1650 1602 est,
1685 1555 1754 1593 cui
1783 1567 1944 1593 nomen

309 1625 533 1665 Anthonio
567 1630 648 1664 est.
682 1626 738 1664 Vt
769 1630 917 1664 aetate
949 1625 1053 1664 satis
1080 1629 1308 1676 prouecta,
1332 1625 1394 1664 sic
1416 1625 1469 1663 ad
1492 1639 1562 1664 res
1584 1624 1792 1676 agendas,
1816 1639 1943 1677 quam

309 1697 363 1737 ad
385 1697 529 1736 studia
550 1697 692 1748 aptior
715 1702 797 1735 est.
821 1696 994 1735 Annum
1016 1709 1131 1735 nunc
1151 1696 1243 1748 agit
1262 1708 1327 1746 40.
1352 1697 1436 1735 Hic
1465 1709 1570 1747 prae
1601 1698 1778 1748 reliquis
1809 1698 1945 1736 omni-

308 1771 389 1808 bus
419 1769 591 1816 institit,
624 1775 671 1807 ut
701 1769 743 1808 in
773 1769 1046 1808 Societatem
1077 1768 1399 1816 admitteretur,
1434 1781 1482 1807 se
1505 1769 1558 1807 ad
1582 1769 1726 1807 omnia
1746 1775 1944 1820 paratum

311 1854 410 1880 esse
440 1840 717 1893 promittens.
752 1841 850 1891 Qua
878 1840 921 1878 in
952 1853 999 1878 re
1032 1840 1224 1879 omnium
1254 1844 1431 1891 superat
1463 1841 1836 1891 expectationem.
1871 1842 1947 1879 Est

312 1913 427 1952 enim
450 1918 493 1953 et
513 1913 526 1938 f
553 1913 607 1952 ad
630 1913 929 1952 obediendum
952 1918 996 1952 et
1016 1912 1303 1951 laborandum
1324 1912 1638 1963 paratissimus.
1663 1913 1702 1950 Is
1726 1918 1793 1951 est
1815 1913 1946 1951 maxi-

311 1999 381 2024 mo
404 1985 658 2024 adiumento
682 1986 731 2024 R,
755 1985 875 2023 Patri
896 1984 1121 2036 Baptistae
1142 1983 1155 2002 ³
1176 1984 1219 2022 in
1240 1982 1559 2035 prospiciendis
1586 1997 1697 2034 quae
1729 1984 1783 2023 ad
1814 1985 1945 2023 colle-

310 2057 369 2109 gii
403 2056 759 2096 aedificationem
793 2056 1046 2094 necessaria
1076 2061 1189 2094 sunt.
1225 2056 1350 2105 Quae
1381 2060 1588 2105 quantum
1620 2055 1672 2095 R.
1706 2056 1755 2094 P.
1789 2054 1948 2106 Bapti-

310 2131 383 2168 sta
404 2137 426 2162 ἕ
446 2142 525 2167 sua
544 2128 772 2176 industria,
797 2128 963 2175 labore,
987 2127 1238 2178 praesentia
1258 2130 1536 2178 promoueat,
1560 2139 1647 2165 non
1668 2126 1796 2164 facile
1828 2126 1948 2164 dixe-

312 2202 407 2240 rim.
442 2202 527 2239 Res
558 2213 666 2238 uero
698 2200 791 2251 ipsa
821 2199 926 2238 satis
956 2199 1163 2250 loquitur,
1196 2196 1314 2249 quod
1344 2197 1428 2236 iam
1451 2201 1618 2235 tantum
1641 2197 1772 2236 calcis
1793 2201 1948 2249 totque

312 2271 479 2324 lapides
515 2270 692 2311 aduecti
726 2270 826 2318 sint,
865 2275 972 2321 quot
1006 2282 1120 2321 pene
1161 2268 1368 2308 sufficere
1407 2273 1630 2320 poterunt,
1673 2273 1760 2307 tam
1799 2269 1951 2320 templi

313 2358 441 2396 quam
465 2344 643 2395 collegii
664 2342 961 2382 fundamentis
982 2341 1209 2381 iaciendis.
1233 2340 1420 2380 Accedit
1443 2341 1573 2379 etiam
1600 2341 1642 2378 in
1673 2340 1767 2379 dies
1798 2353 1951 2392 quaer-

314 2429 391 2455 nas
422 2416 570 2454 trabes
601 2414 777 2462 aduehi,
811 2427 992 2466 quarum
1013 2413 1097 2452 iam
1119 2414 1138 2438 h
1160 2413 1372 2451 maiorem
1392 2417 1561 2462 partem
1588 2424 1709 2451 nunc
1729 2412 1800 2450 hic
1819 2412 1950 2450 habe-

317 2502 426 2527 mus.
453 2487 674 2538 Quodque
696 2487 840 2527 multo
861 2486 928 2525 his
950 2486 1088 2525 maius
1111 2490 1192 2532 est,
1216 2483 1251 2523 is
1272 2484 1332 2523 ita
1349 2483 1647 2523 Mecoenatz'si
1672 2468 1845 2522 {nostri
1866 2482 1951 2522 ani-

361 2621 380 2641 a
432 2621 573 2658 adiuti.
628 2621 692 2645 —b
715 2617 960 2656 existimatio
975 2617 1015 2654 in
1030 2616 1104 2653 hac
1123 2621 1253 2663 parte.
1309 2623 1371 2640 —0
1391 2615 1600 2661 possimus.
1648 2616 1712 2640 —d
1734 2615 1823 2651 R.is
1842 2613 1951 2651 Rbus

316 2696 381 2714 -0
398 2687 588 2733 ipsorum.
643 2686 701 2710 -f
734 2689 772 2722 et
793 2688 931 2730 supra
949 2693 1064 2720 vers.
1123 2690 1191 2716 -g
1211 2681 1294 2718 ille.
1350 2682 1416 2706 -h
1439 2680 1517 2717 iam
1537 2685 1676 2727 supra
1695 2691 1810 2717 vers.

324 2749 374 2775 —i
404 2746 516 2785 R.m1
537 2745 727 2794 episcopi.

366 2881 374 2901 ¹
427 2878 474 2916 P.
494 2878 773 2925 Hieronymus
793 2876 853 2913 Le
870 2876 965 2913 Bas.

364 2945 378 2964 ²
428 2943 474 2981 P.
491 2942 670 2990 Jacobus
689 2941 903 2979 Morellus.
927 2940 991 2978 Cl.
1013 2940 1116 2977 Lz‘tt.
1137 2938 1388 2986 Quadrima,
1411 2938 1466 2983 V,
1484 2937 1565 2975 834.

364 3005 377 3024 ⁸
429 3002 475 3040 Ρ.
496 3001 682 3049 Baptista
702 3000 839 3039 Viola.

365 3064 379 3084 ⁴
429 3062 666 3101 Gulielmus
684 3074 707 3099 a
726 3060 849 3099 Prato
869 3060 936 3106 (du
955 3060 1067 3106 Prat)
1089 3059 1300 3106 episcopus
1316 3058 1659 3096 claromontanus.
