2038 3400
507 289 849 331 338.-PAN0RM0
877 291 920 329 15
939 291 1142 339 JANUARH
1170 290 1260 328 1560
1584 292 1653 329 497

69 394 228 444 angelj,
267 394 480 441 sexcenti,
505 400 552 432 ut
583 395 897 433 sanctissimam
928 400 1151 433 sumerent
1183 394 1396 444 synaxim,
1437 394 1696 432 interfuere.

71 465 156 502 Tot
177 465 394 503 interdum
414 465 539 503 fuere
561 466 856 516 poenitentes,
881 471 926 504 ut
950 466 1078 504 etiam
1101 465 1387 503 concionator
1409 467 1500 515 ipse
1520 479 1543 503 a
1560 466 1697 515 primo

71 535 260 574 diluculo
297 549 432 587 usque
468 537 522 575 ad
558 538 847 587 concjonandj
885 543 1057 588 tempus
1090 549 1218 575 aures
1255 536 1606 575 confessionibus
1629 550 1699 575 au-

71 607 238 646 diendis
260 607 632 647 accomodauerit.
657 610 722 647 Sit
744 610 840 648 Deo
863 609 965 660 Opt.
991 610 1102 647 Max.
1128 610 1220 646 laus
1243 614 1286 646 et
1309 609 1448 660 gloria
1468 609 1511 646 in
1541 621 1699 659 perpe-

70 678 205 712 tuum.
230 675 308 712 His
329 687 503 725 quoque
536 675 758 713 mensibus
788 675 998 725 plurimae
1020 680 1271 713 nostrorum
1295 686 1430 724 opera
1453 675 1697 723 eleemosy-

70 758 151 784 nae
174 745 334 784 orfanis
357 750 400 783 et
423 745 656 796 egentibus
677 746 847 796 puellis,
873 751 918 784 ut
939 745 1193 794 monasterij
1219 746 1407 783 claustra
1428 745 1607 783 dotatae
1639 745 1699 782 in-

71 816 192 868 gredj
216 821 411 867 possent,
436 822 647 867 erogatae
670 824 785 855 sunt.

125 898 161 936 7.
221 887 338 926 R.‘¹¹¹S
364 889 495 925 Pater
512 888 732 939 Juuenalis
757 893 780 934 ¹,
805 888 931 926 huius
964 888 1137 939 collegij
1171 889 1412 939 speculum,
1446 888 1531 926 imo
1565 888 1699 926 totius

71 960 319 1008 Panhormj,
343 959 749 1010 splendidissimum.
778 973 874 998 curn
894 960 1004 997 febri
1021 961 1274 1010 neutiquam
1291 959 1597 1008 laboraujsset,
1622 958 1699 997 sed

71 1031 299 1080 seujssime
324 1031 379 1068 ob
403 1031 733 1080 exuperantiam
755 1044 832 1069 seu
861 1030 1192 1068 redundantiam
1224 1031 1444 1080 sanguinis
1475 1036 1697 1081 aegrotas-

70 1108 139 1140 set
159 1102 351 1152 (semper
372 1114 560 1152 namque
582 1085 760 1140 strenue
792 1103 874 1152 pijs
906 1102 1267 1152 occupationibus
1299 1106 1342 1139 et
1375 1101 1598 1140 charitatis
1628 1114 1698 1139 ua-

70 1174 198 1213 cabat
219 1174 457 1224 operibus),
481 1180 630 1221 nocte,
655 1187 765 1224 quae
789 1174 904 1212 diem
924 1175 1167 1225 praecessit
1188 1175 1239 1212 D.
1267 1174 1527 1214 Catharinae
1559 1187 1698 1213 sacra-

70 1251 160 1283 tum
182 1249 208 1292 ⁸²,
232 1258 311 1283 suo
333 1245 535 1294 Creatorj
559 1246 655 1284 Deo
679 1246 865 1294 anjm'am
887 1244 1090 1292 reddidit,
1114 1246 1290 1295 nemjne
1320 1251 1555 1296 praesente
1587 1259 1698 1283 mor-

70 1318 235 1367 taljum,
270 1317 347 1356 sed
378 1318 442 1367 (ut
471 1318 541 1367 pie
572 1318 679 1366 ljcet
709 1317 912 1367 credere)
943 1318 1177 1355 assistente
1208 1318 1395 1356 Domino
1424 1324 1576 1356 nostro
1596 1319 1698 1368 Jesu

71 1389 244 1429 Christo
267 1389 355 1439 (qui
385 1389 489 1438 nullj
522 1401 710 1439 unquam
742 1388 870 1426 deest
898 1388 940 1425 in
962 1393 1162 1439 tempore
1192 1388 1481 1438 necessario),
1515 1402 1612 1427 cum
1642 1402 1697 1426 ne

69 1474 199 1498 unum
234 1459 409 1510 quidem
444 1459 560 1498 diem
594 1460 636 1497 in
672 1460 787 1497 lecto
826 1460 1046 1498 iacuisset.
1084 1460 1189 1497 Erat
1221 1460 1294 1498 ille
1330 1461 1460 1497 Pater
1493 1460 1695 1511 profecto

70 1531 290 1581 exemplar
313 1529 592 1569 obedientiae
614 1531 726 1568 inter
757 1544 852 1577 nos,
878 1536 1007 1581 atque
1030 1531 1142 1568 inter
1166 1543 1317 1569 omnes
1339 1531 1609 1580 humjlitatis,
1634 1532 1696 1569 io-

67 1602 210 1652 risque
232 1602 446 1639 honorem
469 1601 549 1650 Dej
575 1608 620 1639 et
641 1601 879 1650 anjmarum
901 1602 1085 1639 salutem
1107 1601 1330 1640 indefesso
1353 1601 1499 1640 studio
1523 1607 1568 1639 et
1590 1602 1695 1652 uigi-

67 1673 305 1710 lantissima
326 1685 429 1710 cura
449 1672 668 1711 tuebatur.
694 1674 812 1711 Deus
834 1672 935 1722 Opt.
961 1673 1072 1711 Max.
1098 1673 1237 1722 uolujt
1259 1673 1377 1711 illum
1407 1674 1448 1710 in
1483 1680 1696 1724 perpetua

68 1743 132 1792 (ut
165 1743 234 1793 pie
271 1741 506 1793 credimus)
541 1744 690 1793 quiete
727 1743 961 1792 collocare,
1000 1755 1098 1781 cum
1129 1744 1248 1790 satis,
1274 1744 1378 1781 satis
1400 1744 1482 1781 iam
1504 1744 1694 1794 inquam,

68 1815 373 1864 laboraujsset‚
397 1815 571 1853 tametsi
593 1815 665 1852 ille
689 1814 753 1863 ujr
776 1814 1042 1862 admjrabilis
1063 1815 1180 1852 nulla
1201 1827 1388 1865 unquam
1410 1815 1451 1852 in
1474 1828 1520 1853 re
1553 1828 1599 1853 se
1623 1815 1695 1853 de-

67 1885 231 1923 fessum
254 1885 473 1924 sentiebat
493 1887 537 1923 in
558 1898 641 1936 qua
662 1886 758 1923 Deo
790 1884 1026 1935 gratificari
1058 1891 1224 1936 posset.
1264 1887 1340 1924 Est
1364 1887 1482 1936 quod
1502 1887 1578 1924 X.⁰
1598 1900 1693 1937 gra-

70 1958 151 1995 tias
172 1970 351 2007 agamus
373 1957 574 2007 ingentes
597 1962 641 1995 et
664 1956 946 2003 immortales,
970 1956 1128 2006 quippe
1160 1957 1232 2007 qui
1262 1962 1383 1995 tanta
1416 1957 1695 2008 proujdentia

69 2033 225 2066 cuncta
260 2028 526 2066 moderatur.
565 2028 602 2065 A
637 2027 816 2078 prandio
854 2027 1042 2065 cadauer
1077 2027 1119 2065 in
1153 2029 1364 2079 templum
1394 2029 1585 2075 allatum,
1610 2042 1695 2079 quo

69 2099 200 2148 (fama
222 2099 366 2136 obitus
386 2099 469 2136 iam
492 2098 733 2149 diuulgata)
755 2104 875 2135 tanta
896 2099 1105 2136 conuenit
1140 2099 1330 2150 undique
1366 2099 1614 2146 multitudo,
1652 2104 1696 2136 ut

69 2176 173 2209 tunc
194 2170 367 2215 demum
389 2171 450 2219 rej
482 2171 837 2220 comprobauerit
874 2175 1076 2217 euentus,
1106 2183 1234 2220 quam
1266 2171 1422 2208 charus
1451 2175 1494 2208 et
1516 2184 1679 2209 uenera

71 2242 165 2279 bilis
201 2241 402 2290 omnjbus
434 2241 669 2279 extitisset,
695 2241 819 2279 Mitto
844 2241 1107 2278 deuotorum
1130 2241 1194 2290 (ut
1216 2241 1383 2291 dicunt)
1406 2243 1550 2288 fletus,
1574 2254 1696 2292 prae-

69 2313 266 2362 termjtto
290 2313 487 2361 manjbus
510 2313 660 2350 oscula
680 2312 794 2357 data,
820 2316 863 2349 et
884 2312 1124 2361 petitiones
1146 2313 1217 2350 uel
1248 2313 1521 2361 mjnimarum
1552 2325 1695 2350 rerum

70 2383 224 2434 quibus
259 2384 329 2422 ille
361 2383 461 2420 dum
483 2382 524 2421 in
546 2382 658 2432 ujuis
680 2389 852 2433 ageret,
878 2396 979 2421 usus
1000 2383 1171 2431 fujsset.
1196 2384 1295 2422 Hoc
1316 2397 1447 2422 unum
1471 2384 1696 2422 dumtaxat

70 2468 157 2493 non
177 2467 354 2505 possum
383 2468 470 2492 non
505 2467 756 2501 recensere,
793 2468 988 2492 maurum
1015 2455 1233 2505 quendam
1267 2456 1458 2494 nondum
1495 2456 1694 2506 baptismj

71 2527 245 2564 lauacro
291 2532 522 2577 purgatum
566 2526 808 2564 accessisse
849 2525 902 2563 ad
942 2527 1219 2576 pheretrum,
1269 2533 1314 2566 et
1364 2528 1563 2577 manjbus
1604 2529 1696 2566 eius

72 2598 219 2635 oscula
239 2598 504 2648 porrexisse.
525 2598 634 2635 Nam
656 2599 724 2635 uel
746 2597 887 2634 orbati
904 2596 1005 2646 fidej
1029 2603 1207 2636 nostrae
1231 2599 1511 2637 orthodoxae
1534 2600 1695 2648 lumjne

68 2674 284 2705 nouerant
304 2668 421 2705 illum
443 2673 647 2718 tanquam
670 2668 810 2716 ujrum
834 2668 1038 2718 singularj
1077 2668 1259 2717 ujrtute,
1291 2682 1545 2720 summaque
1576 2671 1694 2719 ujtae

71 2738 340 2788 integritate,
365 2751 416 2776 ac
437 2738 687 2776 innocentia
707 2738 937 2788 preditum.
963 2738 1120 2777 Preces
1137 2739 1459 2790 defmzctorzcm
1484 2754 1511 2778 a
1528 2740 1700 2779 uosz‘ris

120 2970 128 2988 ¹
182 2968 226 3005 P.
242 2968 454 3015 Juvenalis
480 2968 667 3006 ssoterus.
698 2969 762 3006 Cf.
795 2968 1053 3014 SAcchUM,
1087 2970 1192 3007 Hist
1233 2970 1325 3008 Soc.
1349 2971 1475 3017 Jesu,
1510 2978 1610 3017 part.
1644 2971 1691 3011 ΙΙ,

72 3028 139 3065 lib.
160 3027 227 3070 ΙΙΙ,
248 3041 286 3065 n.
306 3027 364 3072 62;
387 3028 631 3070 AGUILERA,
653 3028 782 3065 Prot).
806 3029 903 3073 Sic„
924 3042 960 3065 a.
988 3030 1086 3072 1559,
1107 3034 1126 3071 ξ
1146 3029 1366 3067 XXXVII.

119 3087 133 3106 ²
181 3086 227 3124 25
245 3086 499 3125 Novembris.

214 3170 377 3196 er'rmun
397 3171 755 3204 QuAnannsrans.—T.
777 3171 830 3198 VI.
1524 3177 1557 3202 32
