2038 3400
390 251 459 290 340
854 253 1075 292 L1TTERAE
1102 254 1459 300 QUADRIMESTRES

340 355 639 403 cellentiores,
663 369 791 407 quam
814 356 886 406 qui
907 356 990 396 iam
1012 364 1030 382 a
1052 357 1287 395 Societatis
1310 362 1424 405 sunt,
1449 363 1522 396 aut
1545 356 1597 396 ad
1632 372 1727 398 eam
1763 359 1967 410 aspirant.

347 426 551 477 Aspirant
574 433 721 472 autem
742 428 928 478 plurimi.

391 508 429 546 4.
490 498 693 536 Referam
730 498 831 546 quid
865 499 1044 552 dignum
1075 503 1094 527 b
1125 503 1263 552 plane
1298 502 1453 548 relatu,
1492 501 1546 539 de
1583 503 1744 540 nostris
1779 501 1971 551 nouitijs.

343 567 453 606 Cum
489 569 555 606 his
590 570 813 609 mensibus
848 572 1058 611 solemnis
1095 579 1139 611 et
1180 572 1448 623 septennalis
1488 572 1543 610 ad
1579 572 1793 623 quaedam
1830 572 1972 612 vicina

338 639 435 678 loca
450 640 464 688 ‚¹
486 640 616 678 fuerit
633 642 949 692 peregrinatio,
974 649 1107 695 atque
1129 645 1343 682 innumeri
1363 656 1415 682 eo
1440 644 1715 682 confluerent
1733 657 1855 683 more
1874 645 1972 684 soli-

337 716 399 758 to,
418 712 557 749 nostri
573 713 727 762 nouitij
746 714 976 764 plurimum
996 717 1041 753 P.
1064 715 1339 753 Leonardum
1360 721 1404 753 et
1421 715 1529 753 alios
1547 717 1750 766 precibus
1768 716 1972 755 sollicita-

339 788 453 830 runt,
479 790 525 821 ut
548 784 872 829 concederetur
896 787 989 825 sine
1011 788 1197 825 nummis
1221 800 1274 825 eo
1298 788 1377 833 ire,
1404 793 1447 825 et
1469 800 1546 837 per
1569 788 1682 826 viam
1704 788 1971 828 mendicare.

338 854 560 893 Laudetur
594 858 712 895 Deus
734 858 806 908 qui
835 858 1059 907 juuentuti
1093 872 1188 897 earn
1213 859 1286 897 dat
1317 858 1517 910 gratiam,
1550 864 1595 897 ut
1625 866 1804 911 propter
1834 860 1973 911 ipsum

338 925 560 974 confundi,
586 928 706 967 stulti
738 933 781 966 et
812 941 1031 980 pauperes
1061 930 1229 977 haberi,
1254 930 1476 979 multaque
1498 930 1588 981 pati
1611 929 1850 969 desideret.
1871 932 1974 970 Fac-

335 1001 427 1036 tum
450 998 555 1036 illud
585 999 726 1038 latere
762 1013 849 1041 non
881 1001 1115 1051 potuisset,
1152 1007 1195 1039 et
1232 1014 1398 1052 paucos
1430 1002 1500 1039 hic
1533 1000 1812 1040 aedificasset
1834 1009 1864 1040 0.
1891 1003 1974 1052 Qui

335 1070 446 1107 haec
467 1076 646 1121 propter
670 1071 891 1111 Christum
913 1073 1002 1123 pati
1025 1078 1068 1111 et
1090 1073 1242 1111 facere
1265 1073 1402 1111 modo
1425 1073 1564 1124 parati
1586 1073 1778 1121 fuerunt,
1803 1074 1974 1125 grauio-

336 1153 382 1179 ra
412 1141 643 1193 aliquando
676 1143 911 1190 sustinere,
944 1156 1090 1194 spero,
1128 1157 1214 1182 non
1246 1144 1527 1182 recusabunt.
1559 1143 1647 1182 Sed
1679 1144 1735 1183 de
1766 1145 1972 1183 fratribus

339 1212 454 1251 forte
476 1214 600 1264 plura
621 1214 740 1252 R.<1¹¹S
759 1215 804 1253 P.
830 1215 1103 1255 Leonardus.

345 1327 347 1329 ,
391 1294 427 1333 5.
488 1285 554 1323 De
578 1285 632 1324 M.
659 1287 851 1325 Henrico
877 1287 1088 1337 Dionysio
1122 1301 1253 1326 vnum
1276 1288 1420 1327 adhuc
1441 1288 1729 1327 scribendum
1761 1289 1858 1326 erit.
1884 1289 1974 1327 Cir-

337 1368 388 1394 ca
404 1356 564 1395 testum
580 1358 897 1408 penthecostes
917 1360 1193 1410 Neomagum
1211 1360 1437 1411 profectus
1457 1366 1522 1399 est
1542 1373 1639 1399 cum
1658 1360 1776 1399 doct.
1797 1360 1970 1400 Theod.

338 1428 530 1476 Canisio,
567 1435 611 1467 et
648 1429 913 1470 M.,Thoma
947 1432 973 1477 ²,
1013 1436 1058 1468 ut
1091 1431 1195 1482 ipsis
1230 1431 1317 1470 illic
1355 1438 1473 1470 esset
1505 1431 1682 1471 auxilio.
1716 1432 1901 1483 Saepius
1932 1433 1973 1470 in

337 1512 495 1551 magna
527 1501 751 1540 hominum
782 1501 869 1540 illic
898 1502 1147 1552 frequentia
1179 1509 1223 1541 et
1254 1503 1555 1542 satisfactione
1587 1504 1840 1555 germanice
1873 1515 1973 1541 con-

338 1573 537 1611 cionatus
561 1580 644 1621 est,
669 1574 803 1612 latine
827 1575 959 1612 etiam
982 1575 1120 1613 semel
1144 1575 1292 1614 coram
1316 1576 1438 1614 clero
1463 1582 1507 1614 et
1529 1576 1821 1623 senatoribus,
1845 1581 1975 1626 atque

338 1657 693 1695 vnumquemque
730 1646 793 1683 sui
828 1645 960 1694 officij
995 1645 1237 1687 admonuit.
1268 1646 1516 1698 Cupiebant
1546 1648 1783 1685 abeuntem
1816 1646 1976 1685 diutius

340 1716 551 1763 retinere3
575 1717 690 1754 bene
712 1716 768 1754 de
800 1716 1029 1756 Societate
1060 1718 1271 1765 sentiunt,
1304 1718 1504 1757 inimicos
1534 1719 1661 1757 nobis
1692 1719 1744 1756 D.
1778 1717 1977 1757 Canisius

340 1788 659 1835 reconciliauit,
699 1788 778 1839 qni
816 1802 1042 1841 magnam
1083 1788 1216 1828 illam
1253 1791 1437 1828 domum
1475 1789 1596 1828 alias
1634 1789 1724 1828 sibi
1757 1788 1974 1842 legatam,

336 1872 457 1903 nime
478 1858 672 1901 liberam
693 1862 733 1898 et
754 1859 851 1899 sine
873 1860 1084 1901 molestia
1121 1860 1325 1912 recipiet.
1356 1861 1537 1900 Multum
1560 1862 1664 1900 boni
1695 1868 1909 1913 speratur,
1943 1861 1976 1899 si

338 1931 481 1969 adhuc
511 1931 760 1982 aliquandiu
792 1931 928 1971 isthic
950 1932 969 1957 d
992 1937 1180 1971 maneat.
1216 1933 1455 1971 Permittat
1477 1945 1642 1983 quaeso
1674 1934 1726 1972 V.
1752 1934 1799 1972 R.
1824 1939 1869 1971 ut
1892 1933 1977 1971 illi-c

340 2003 534 2054 erigatur
556 2003 809 2055 collegium,
843 2015 940 2042 nam
975 2003 1009 2041 si
1039 2004 1218 2043 iuuandi
1241 2011 1356 2052 sunt,
1380 2007 1425 2043 vt
1446 2003 1625 2052 merito,
1651 2005 1723 2055 qui
1744 2010 1976 2055 vtrumque

339 2074 458 2113 doct.
484 2075 707 2118 Canisium
730 2079 773 2112 et
804 2076 1039 2115 nonnullos
1061 2075 1171 2114 alios
1194 2075 1432 2114 admodum
1455 2076 1586 2115 Vtiles
1608 2077 1821 2115 Societati
1844 2075 1977 2115 dede-

339 2151 453 2194 runt3
477 2147 697 2194 iuuentus,
722 2159 904 2198 quaeso,
926 2147 1027 2186 dum
1050 2148 1189 2186 iuuari
1209 2153 1371 2198 posunt
1391 2153 1435 2186 et
1454 2148 1623 2195 volunt,
1646 2161 1743 2186 nam
1761 2149 1795 2186 si
1820 2160 1976 2199 expec-

339 2223 457 2256 tetur
498 2218 643 2257 donec
672 2219 886 2258 haeretici
916 2219 1036 2266 fiant,
1069 2219 1209 2257 iuuari
1244 2232 1332 2257 non
1372 2225 1598 2270 poterunt.
1633 2219 1754 2258 Nam
1783 2218 1825 2258 si
1858 2233 1978 2259 nnnc

340 2291 447 2329 clam
484 2289 704 2329 catholici
747 2292 866 2337 sunt,
910 2290 1046 2329 multi
1080 2290 1351 2331 Societatem
1392 2304 1484 2330 non
1521 2290 1785 2338 admittant,
1827 2291 1976 2330 nescio

337 2363 524 2412 propter
547 2361 793 2413 quaeipsis
815 2361 1067 2413 aliqnando
1091 2362 1273 2401 indulta
1300 2361 1578 2414 priuilegia,
1614 2362 1656 2401 si
1688 2363 1821 2402 semel
1851 2376 1976 2402 sena-

340 2434 411 2470 tus
440 2432 566 2482 infici
587 2433 795 2484 coeperit,
821 2436 902 2472 ant
933 2433 1305 2473 concionatorem
1339 2434 1622 2473 haereticam
1656 2434 1974 2482 toleranerint,

343 2503 406 2542 ita
441 2517 527 2542 saa
560 2504 642 2543 illa
660 2507 755 2544 tam
784 2505 1018 2544 mordicus
1049 2504 1287 2557 defendent
1312 2505 1590 2557 priuilegia,
1625 2508 1675 2544 nt
1707 2505 1976 2546 Societatem

336 2577 531 2624 prorsas
570 2588 661 2614 non
702 2576 1007 2616 admitterent.
1052 2576 1208 2625 Quare
1245 2576 1530 2615 occasionem
1567 2576 1706 2615 istam
1747 2576 1805 2625 (si
1840 2579 1976 2616 modo

354 2646 393 2685 V.
420 2646 476 2684 R.
512 2645 578 2684 rita
606 2646 835 2697 videatur)
866 2650 1136 2698 putaremus
1166 2661 1257 2686 non
1288 2647 1634 2699 negligendam.
1674 2649 1973 2688 Cancellarius

387 2815 405 2833 a
426 2819 539 2843 nrae.
594 2808 659 2833 —b
681 2820 759 2844 non
790 2807 1015 2853 indignum.
1082 2815 1146 2833 ——C
1172 2807 1276 2844 vnde
1307 2818 1381 2843 nec
1414 2806 1471 2843 eis
1505 2818 1741 2844 concessum
1775 2812 1846 2844 est.
1870 2807 1968 2844 Sed.

346 2867 411 2892 —d
434 2866 529 2904 illic.

392 3023 399 3041 ¹
455 3021 522 3058 Ad
543 3021 852 3067 Aquisgranum
873 3033 1031 3068 nempe.
1054 3021 1118 3058 Cf.
1137 3033 1272 3068 supra,
1291 3034 1326 3067 p.
1346 3020 1427 3057 288.

392 3082 404 3099 '²
457 3080 501 3117 P.
523 3080 699 3117 Thomas
720 3080 935 3117 Lentulus.
