2038 3400
510 241 845 279 420.—C020N1A
872 242 896 278 5
921 241 1182 279 SEPTEMBRIS
1212 242 1302 279 1560
1602 240 1672 278 823

95 355 174 392 pos
210 348 330 380 esset
359 342 513 389 factus,
539 343 573 380 si
595 344 641 380 P.
668 343 928 381 Prouinciali
949 342 1144 382 licuisset
1165 343 1267 381 illuc
1287 355 1365 394 per
1384 343 1526 381 ocium
1548 343 1717 393 profici-

95 414 170 452 sci.
195 414 378 453 Videtur
401 427 506 464 erga
528 413 750 452 studiosos
772 415 915 452 animo
937 427 1156 465 propenso
1181 427 1294 453 esse.
1320 415 1432 452 Hinc
1462 414 1523 461 fit,
1548 420 1595 451 vt
1628 420 1718 451 tres

95 486 225 523 etiam
242 485 550 523 adolescentes
572 486 613 523 in
630 486 715 523 hoc
737 491 887 524 nostro
912 486 1101 536 collegio
1124 487 1222 533 alat,
1247 491 1292 523 vt
1316 485 1416 523 dum
1438 485 1479 522 in
1502 484 1717 535 theologi-

93 568 145 594 co
169 555 311 594 studio
334 569 615 606 progressum
637 557 852 603 fecerunt,
878 562 1030 595 contra
1060 557 1383 595 haereticorum
1404 556 1587 594 insultus
1605 556 1718 606 ipso-

93 639 184 663 rum
208 638 342 677 opera
362 626 424 664 vti
444 627 582 676 possit
604 627 796 664 stsimus

144 698 182 735 6.
244 697 550 736 Coloniensis¹
582 699 778 737 similiter
807 712 895 736 non
925 698 1091 737 minore
1122 699 1299 737 feruore
1330 710 1380 736 ac
1406 698 1719 736 beneuolentia

91 782 170 806 nos
201 769 523 820 complectitur3
548 783 645 807 nam
669 776 712 807 et
735 783 908 808 omnem
940 784 1059 809 suam
1083 782 1261 821 operam
1287 770 1514 821 pollicens,
1539 782 1563 807 a
1592 769 1717 807 nobis

92 852 365 891 cognoscere
398 840 535 878 voluit
565 854 642 891 per
674 854 777 879 suos
800 842 1090 889 conciliarios,
1114 855 1197 892 qua
1226 842 1269 879 in
1299 854 1345 879 re
1369 841 1592 891 spirituali,
1623 841 1715 878 siue

90 913 334 963 temporali,
376 912 508 962 ipsius
548 913 810 962 praesidium
847 913 1212 951 desideraremus.
1252 915 1303 951 D.
1346 913 1621 951 Burchardus
1661 911 1715 949 de

91 986 255 1031 Monte,
280 985 324 1023 S.
348 985 603 1035 theologiae
626 983 797 1032 doctor,
821 986 971 1035 paucis
993 985 1150 1024 abhinc
1172 985 1326 1023 diebus
1347 985 1371 1023 6
1392 986 1544 1022 bursas
1565 985 1607 1022 in
1630 984 1716 1022 col-

88 1056 205 1106 legio
236 1061 387 1093 nostro
419 1055 630 1103 fundauit3
663 1056 748 1095 hoc
774 1062 855 1103 est,
879 1069 956 1106 pro
980 1069 1058 1094 sex
1080 1057 1436 1094 adolescentibus
1458 1056 1499 1093 in
1522 1055 1716 1106 singulos

90 1139 224 1165 annos
252 1126 420 1164 alendis
449 1133 613 1165 certam
634 1127 847 1177 pecuniae
870 1140 1079 1165 summam
1103 1129 1343 1175 constituit,
1382 1138 1454 1165 120
1482 1127 1712 1165 carolinos.

90 1198 211 1236 Alius
233 1198 406 1249 quidam
430 1200 682 1246 canonicus,
708 1205 751 1237 et
782 1204 958 1237 sanctae
990 1200 1243 1249 theologiae
1276 1199 1543 1245 licenciatus,
1577 1199 1715 1235 simile

88 1269 292 1321 quiddam
315 1270 564 1309 meditatur.
590 1272 737 1320 Vsque
759 1271 870 1309 adeo
893 1272 1038 1321 placet
1067 1270 1147 1308 illis
1169 1271 1279 1309 ratio
1302 1272 1575 1308 iuuentutem
1598 1270 1715 1307 insti-

87 1341 252 1380 tuendi.
278 1342 545 1380 Benedictus
568 1343 621 1380 sit
644 1343 685 1380 in
708 1342 883 1380 saecula
905 1344 1038 1390 Deus,
1063 1344 1134 1393 qui
1159 1349 1177 1367 a
1200 1343 1246 1380 R.
1274 1343 1319 1380 P.
1344 1343 1393 1379 T.
1418 1354 1545 1392 quam
1568 1340 1715 1379 diutis-

88 1413 195 1451 sime
214 1418 361 1451 seruet
380 1414 658 1452 incolumem.
679 1414 877 1452 Salutant
895 1415 942 1452 R.
964 1415 1010 1452 P.
1031 1415 1080 1452 T.
1102 1416 1231 1452 Pater
1249 1414 1518 1461 Leonardus,
1534 1415 1580 1451 P.
1600 1414 1714 1452 Gau-

89 1483 238 1530 danus,
264 1486 318 1523 M.
344 1485 600 1523 Franciscus
621 1485 850 1532 Costerus,
875 1487 929 1523 M.
955 1487 1171 1524 Henricus
1195 1487 1430 1535 Dionisyus
1462 1498 1559 1523 cum
1582 1485 1714 1523 omni-

89 1555 167 1593 bus
207 1557 408 1594 Patribus
445 1562 488 1594 et
522 1556 742 1603 fratribus,
784 1557 856 1607 qui
892 1569 1043 1595 omnes
1084 1558 1130 1594 R.
1170 1558 1216 1595 P.
1255 1557 1304 1595 T.
1343 1561 1714 1606 coeterorumque

90 1628 266 1665 Patrum
289 1640 340 1665 ac
369 1628 550 1665 fratrum
580 1639 736 1678 preces
771 1628 1062 1666 vehementer
1099 1633 1327 1679 expetunt,
1365 1642 1449 1679 quo
1486 1628 1603 1678 quod
1633 1628 1714 1665 illis

89 1699 366 1736 commissum
390 1705 471 1745 est,
497 1698 730 1749 diligenter
766 1704 1054 1750 exequantur.
1080 1700 1200 1738 Bene
1223 1700 1369 1737 valeat
1398 1701 1449 1737 R.
1486 1701 1531 1737 P.
1557 1700 1605 1737 T.
1632 1701 1713 1738 Co-

85 1768 229 1808 loniae
252 1770 503 1821 Agripinae,
529 1783 640 1808 anno
668 1771 779 1818 1560.
802 1770 862 1819 5.⁰
883 1770 1170 1821 Septembris.
1192 1773 1239 1809 R.
1265 1772 1311 1809 P.
1337 1772 1404 1818 T.‚
1430 1784 1484 1809 ex
1507 1771 1711 1809 mandato

90 1841 137 1879 R.
163 1841 209 1879 P.
235 1841 466 1888 Leonardi,
491 1842 690 1879 minimus
714 1846 758 1880 et
778 1841 979 1893 indignus
999 1842 1126 1890 filius,

968 1931 999 1968 F
1004 1943 1226 1969 RANCISCUS
1258 1932 1543 1969 HAEMEROLUS
1573 1931 1600 1969 ².

166 2052 274 2091 Alia
296 2066 451 2092 manu.
476 2055 559 2092 Per
582 2055 782 2101 Genoua,
808 2055 1032 2102 Fiorenza,
1057 2055 1202 2102 Siena,
1227 2055 1485 2107 Montepsw,
1510 2056 1711 2107 Perugia,

86 2123 270 2162 Amelia.

136 2285 156 2303 a
205 2286 272 2332 qui
293 2290 432 2331 supra
450 2297 561 2322 vers.

134 2443 144 2461 ¹
191 2441 369 2488 Joannes
388 2439 643 2478 Gebhardus.

134 2500 147 2519 ²
196 2500 240 2537 In
260 2502 446 2547 catalogo
467 2501 586 2547 paulo
605 2501 791 2547 superius
810 2503 931 2539 citato
957 2509 1197 2541 recensetur
1222 2510 1264 2541 ut
1294 2505 1525 2552 theologiae
1552 2506 1711 2543 auditor

86 2565 126 2597 et
145 2561 264 2597 simul
285 2560 486 2606 professor
503 2561 721 2606 superioris
740 2562 880 2598 elassis
899 2564 1200 2609 grammatices
1229 2573 1268 2600 et
1296 2565 1454 2601 dicitur:
1491 2565 1554 2602 «P.
1586 2565 1707 2602 Fran-

85 2620 213 2656 ciscus
248 2619 497 2656 Hemerulus
532 2619 806 2657 Brabantinus
842 2621 1160 2660 Buscoducensis
1196 2625 1392 2670 magister
1427 2626 1706 2662 nouitiorum».

86 2678 186 2726 Ejus
204 2691 430 2724 cognomen
450 2679 578 2726 patria
600 2680 739 2726 lingua
758 2681 1011 2718 scribebatur
1032 2682 1343 2727 ‘Dachverlies';
1365 2684 1489 2721 latine
1510 2698 1606 2722 vero
1629 2685 1708 2721 He-

86 2738 280 2781 merulus,
302 2737 588 2782 Haemerolus,
610 2739 896 2784 Hoemerolus,
919 2746 994 2779 etc.
1020 2741 1064 2778 In
1093 2742 1224 2787 Italia,
1255 2743 1321 2779 ubi
1348 2751 1485 2790 postea
1514 2745 1709 2790 magister

85 2796 328 2833 novitiorum
355 2801 395 2833 et
422 2797 756 2842 poenitentiarius
783 2798 870 2842 fuit,
899 2806 939 2836 et
958 2800 1024 2837 ubi
1044 2801 1149 2837 diem
1168 2814 1401 2847 supremum
1421 2804 1530 2847 obiit,
1553 2803 1708 2840 diceba-

85 2861 151 2892 tur
168 2855 399 2893 Emerulus.
423 2856 486 2893 Cf.
508 2856 698 2894 Polcmci
716 2858 1054 2905 Complementa,
1083 2860 1132 2903 ΙΙ,
1165 2862 1243 2906 117,
1275 2862 1352 2904 127,
1380 2862 1462 2900 68³..
1493 2862 1555 2899 Cf.
1586 2863 1708 2900 etiam

86 2914 134 2951 L.
156 2925 241 2951 VAN
260 2915 416 2960 MOERT,
443 2915 574 2953 Pater
593 2916 857 2954 Francz‘scus
876 2918 1174 2958 Dachverlies.
