2038 3400
564 235 848 272 332—PRAGA
874 235 896 271 3
919 234 1122 281 JANUARH
1154 235 1241 269 1:360
1626 234 1670 269 73

90 347 235 377 sei-,¹1¹0
256 338 488 376 archiduce
523 342 527 359 ¹
561 349 656 374 cum
689 349 846 387 magno
881 335 1070 373 omnium
1102 336 1309 385 applausu
1342 337 1639 377 concionatum
1674 347 1714 373 ei

91 410 209 448 dictu
231 410 382 447 mirum
406 415 472 446 est
493 414 653 459 quanta
680 421 776 446 cum
798 407 1040 445 humilitate
1064 407 1366 444 serenissimus
1388 405 1595 444 archidux
1619 419 1715 443 sese

89 481 201 531 apud
223 480 385 518 dictum
412 481 583 518 Patrem
605 492 681 530 per
713 476 1035 517 commissarios
1068 481 1267 523 excuset,
1300 478 1471 527 quando
1504 477 1715 515 interesse

93 551 294 589 concioni
315 564 402 588 non
423 556 585 600 potest,
609 549 727 601 quod
750 555 895 587 tamen
916 561 1072 599 peraro
1095 547 1268 586 accidit.

143 634 180 671 3.
241 624 286 660 In
309 622 460 660 schola
480 628 630 659 nostra
652 627 751 659 sunt
772 621 945 659 circiter
972 630 1058 668 150,
1082 618 1199 669 quod
1222 624 1419 669 tempore
1443 619 1610 668 hyemis
1632 633 1714 656 non

89 707 237 745 parum
260 705 360 732 esse
382 693 452 731 hic
474 694 640 743 Pragae
664 698 881 743 putamus3
904 691 1016 729 inter
1038 703 1148 741 quos
1170 695 1269 728 sunt
1301 691 1422 728 multi
1452 691 1636 737 nobiles,
1676 695 1718 727 et

91 766 293 811 barones,
327 764 427 814 quin
460 764 590 802 etiam
621 762 706 800 duo
738 763 811 811 filij
846 762 958 800 Ill.mi
986 762 1189 812 principis
1223 761 1432 799 Bauariae
1462 761 1647 798 Ernesti.
1675 762 1716 798 ln

90 835 324 873 maioribus
359 834 569 873 classibus
609 846 761 872 omnes
800 833 894 871 fere
935 838 1034 870 sunt
1073 832 1293 870 catholici.
1337 833 1479 870 Aucta
1519 837 1584 869 est
1626 838 1717 869 tota

93 906 242 943 schola
271 917 387 943 noua
417 906 570 951 classe,
603 904 802 942 nimirum
833 903 1080 941 rhetoricae
1112 903 1153 941 in
1184 915 1268 954 qua
1302 908 1400 940 sunt
1437 903 1617 940 iuuenes
1654 915 1717 940 se-

90 977 314 1015 lectissimi
334 988 511 1022 nouem,
535 976 607 1027 qui
630 987 782 1013 omnes
803 975 997 1026 apprime
1018 975 1265 1024 proficiunt.
1300 976 1345 1012 In
1381 974 1622 1012 studiorum
1654 986 1718 1011 re-

90 1048 328 1085 nouatione
359 1046 623 1097 disputatum
660 1052 727 1084 est
762 1046 803 1083 in
830 1046 995 1096 templo
1031 1050 1183 1083 nostro
1215 1044 1269 1083 de
1312 1045 1507 1083 ciborum
1543 1045 1719 1083 delectu

93 1119 194 1157 satis
233 1117 451 1168 frequenti
485 1116 725 1163 auditorio,
763 1115 1044 1167 praesidente
1080 1116 1130 1154 D.
1169 1115 1379 1162 Henrico,
1421 1116 1717 1166 respondente

94 1202 198 1228 uero
226 1191 278 1228 M.
304 1188 529 1227 Ludouico
552 1188 738 1226 Flandro
761 1187 787 1226 ².
814 1189 1097 1239 Disputarunt
1119 1188 1250 1226 etiam
1270 1200 1323 1225 ex
1344 1187 1495 1225 ordine
1514 1193 1719 1226 caeterae

94 1274 244 1300 omnes
280 1261 493 1309 classe[s]‚
530 1260 727 1310 quamuis
761 1272 847 1298 non
883 1272 1021 1309 usque
1052 1259 1164 1297 adeo
1197 1259 1345 1305 docte,
1385 1271 1541 1310 magno
1574 1253 1719 1298 tamen

94 1332 341 1370 auditorum
377 1332 598 1382 applausu.
634 1332 749 1381 Quin
781 1332 911 1369 etiam
942 1331 1205 1382 alphabetici
1236 1331 1419 1368 mirabili
1449 1344 1500 1369 ac
1520 1344 1634 1369 noua
1656 1345 1719 1369 re-

97 1404 321 1443 creatione
343 1404 491 1454 populi
512 1401 879 1453 disputationibus
913 1403 1044 1440 finem
1079 1403 1395 1453 imposuerunt.
1433 1403 1600 1452 Quibus
1630 1402 1720 1441 foe-

93 1476 233 1514 liciter
263 1475 453 1526 peractis
483 1480 585 1513 ante
616 1475 966 1521 renouationem‚
1000 1473 1172 1525 quando
1206 1475 1335 1512 etiam
1359 1480 1477 1512 esset
1500 1474 1718 1512 dedicatio

91 1548 227 1585 nostri
251 1547 414 1597 templi,
441 1558 592 1584 omnes
614 1546 707 1584 fere
730 1544 954 1584 ascensuri
976 1546 1168 1584 confessi
1198 1551 1297 1584 sunt
1323 1551 1454 1597 atque
1487 1546 1721 1584 communi-

94 1624 259 1656 carunt.
285 1618 512 1656 Habentur
534 1617 714 1668 singulis
736 1616 890 1656 diebus
913 1608 1083 1659 sabbffi
1105 1617 1424 1668 disputationes
1453 1617 1508 1655 de
1539 1618 1721 1655 rhetori-

94 1690 154 1728 cis
178 1696 221 1727 et
242 1688 569 1727 humanioribus
591 1687 922 1735 assertionibus,
946 1688 988 1726 in
1010 1688 1166 1739 quibus
1188 1701 1390 1740 magnum
1413 1688 1720 1740 discipulorum

93 1762 315 1800 feruorem
338 1760 490 1799 uidere
515 1765 595 1798 est.
621 1760 810 1811 Singulis
832 1772 1007 1811 quoque
1036 1759 1265 1799 dominicis
1293 1761 1532 1799 recitantur
1564 1761 1721 1799 oratio-

93 1846 171 1871 nes
201 1832 254 1870 ab
284 1831 351 1880 ijs,
384 1832 455 1882 qui
486 1837 585 1869 sunt
615 1831 778 1882 primae
808 1830 972 1869 classis.
1005 1831 1179 1870 Classes
1203 1844 1279 1870 sex
1303 1837 1402 1870 sunt
1425 1833 1632 1882 (excepta
1654 1832 1721 1868 illa

93 1903 360 1953 theologica,
384 1914 496 1953 quae
517 1901 689 1953 publica
712 1907 793 1948 est,
819 1908 863 1940 et
884 1902 954 1940 illa
981 1900 1260 1951 di[a]lectica,
1294 1916 1406 1953 quae
1440 1909 1507 1941 est
1537 1904 1722 1954 priuata)

93 1974 247 2024 quibus
270 1974 400 2011 etiam
421 1985 499 2011 sex
522 1973 626 2011 satis
647 1973 735 2023 apti
756 1978 1071 2024 praeceptores
1100 1980 1199 2012 sunt
1225 1974 1452 2024 praefecti,
1477 1975 1547 2024 qui
1571 1987 1722 2013 omnes

95 2059 218 2083 suum
242 2045 432 2083 officium
455 2043 688 2094 diligenter
710 2044 888 2082 faciunt.

147 2128 184 2165 4.
243 2115 370 2166 Apud
394 2120 574 2153 exteros
606 2127 760 2153 uersus
791 2115 1027 2154 Saxoniam
1059 2121 1260 2166 putamur
1293 2129 1391 2155 esse
1424 2116 1626 2155 crudeles
1648 2118 1722 2155 ho-

96 2187 232 2225 mines
263 2193 394 2238 atque
417 2186 604 2236 tyranni,
630 2187 751 2224 cuius
773 2187 859 2225 hoc
880 2185 1085 2225 indicium
1109 2199 1208 2225 esse
1235 2192 1399 2238 potest.
1424 2186 1553 2225 Venit
1585 2200 1638 2225 ex
1672 2200 1723 2225 ea

95 2258 318 2309 prouincia
335 2258 507 2308 quidam
531 2270 667 2295 senex
690 2257 744 2295 ad
771 2270 866 2305 nOS,
891 2271 1020 2308 quem
1042 2259 1215 2308 quidam
1239 2259 1332 2297 eius
1353 2259 1551 2297 inimicus
1572 2260 1613 2297 in
1636 2259 1721 2296 suis

94 2331 245 2377 literis,
269 2342 380 2380 quae
411 2335 515 2368 tunc
546 2329 648 2367 mihi
674 2329 892 2379 legendae
914 2330 1267 2381 porrigebantur,
1298 2331 1371 2369 tali
1404 2331 1602 2369 conuicio
1625 2344 1721 2381 pro-

95 2400 367 2439 scindebant:
391 2401 437 2438 In
458 2401 544 2438 hoc
565 2398 740 2450 quidem
758 2412 909 2438 omnes
932 2401 1062 2439 uicini
1084 2400 1145 2438 tui
1167 2402 1269 2440 mihi
1287 2405 1426 2439 testes
1445 2408 1585 2448 erunt,
1605 2402 1720 2452 quod

95 2472 137 2510 in
156 2472 270 2510 omni
292 2470 381 2509 uita
400 2476 474 2509 tua
495 2477 680 2522 tyranno
703 2479 721 2497 a
744 2473 876 2523 longe
899 2471 1077 2510 similior
1099 2472 1233 2510 fueris
1255 2485 1381 2523 quam
1404 2473 1513 2510 ullus
1535 2485 1720 2523 unquam

94 2543 271 2591 jesuita.
294 2543 419 2581 Haec
441 2555 538 2581 cum
560 2543 772 2594 legerem,
806 2541 1094 2581 arbitrabatur
1130 2556 1266 2582 senex
1303 2544 1476 2594 aegrius
1512 2557 1580 2581 me
1616 2544 1719 2581 latu-

97 2625 206 2661 rum3
229 2626 381 2652 uerum
408 2614 607 2652 hortatus
638 2628 730 2652 sum
764 2627 862 2652 eum
884 2614 938 2652 ad
958 2613 1228 2665 patientiam.
1254 2615 1337 2664 Qui
1361 2628 1468 2653 uero
1504 2620 1720 2653 nouerunt

98 2685 383 2732 Societatem,
407 2685 532 2723 aliter
554 2685 609 2723 de
629 2698 680 2724 ea
701 2686 895 2724 sentiunt
917 2690 961 2723 et
981 2685 1236 2736 loquuntur.
1264 2686 1378 2724 Satis
1401 2692 1572 2724 constat
1594 2687 1644 2724 V.
1671 2687 1716 2723 R.

146 2836 164 2854 a
209 2827 392 2865 Emend.
415 2839 465 2864 ex
483 2827 680 2874 tyrannis.

148 2975 156 2994 ¹
210 2972 503 3014 Ferdinandus‚
526 2972 772 3010 Ferdinandi
791 2973 979 3018 imperata
992 2973 1045 3008 ris
1066 2972 1183 3009 filius.

148 3033 160 3053 ¹
211 3031 317 3068 Vide
336 3044 373 3078 p.
397 3030 476 3075 153,
497 3037 632 3070 annot.
656 3035 688 3069 1.
