2038 3400
539 247 851 287 444.—SAssAm
880 247 923 287 16
949 246 1197 287 NovEMBms
1229 247 1318 286 1560
1631 246 1697 285 941

124 354 195 404 pia
214 353 440 393 meditatio
463 365 514 391 ac
533 354 776 393 institutum
799 353 1006 392 effectum
1036 353 1256 399 sortiatur,
1279 356 1328 390 vt
1348 358 1469 390 tanto
1492 351 1667 390 vberius
1699 364 1749 389 ac

125 426 297 476 longius
316 431 583 478 propagetur
604 427 743 477 gloria
763 425 939 471 Christi,
962 425 1033 476 qui
1051 425 1099 463 R.
1123 425 1170 463 P.
1195 425 1245 463 T.
1269 424 1472 475 dignetur
1495 436 1591 462 cum
1615 424 1748 461 omni-

127 497 206 534 bus
238 496 436 535 Patribus
466 510 516 536 ac
544 497 747 535 fratribus
774 509 901 546 quam
922 495 1164 534 diutissime
1195 507 1372 533 seruare
1395 495 1672 541 incolumem,
1707 500 1750 531 et

129 568 231 606 dare
262 569 458 619 eorporis
487 568 635 615 robur,
658 580 743 618 quo
777 569 822 605 R.
852 568 899 606 P.
929 568 978 605 T.
1009 579 1086 617 pro
1118 567 1243 604 nobis
1279 566 1419 604 Deum
1449 571 1670 616 precetur,
1704 570 1750 603 vt

128 652 206 677 nos
234 652 451 690 nunquam
481 644 631 677 nostro
654 638 811 677 deesse
842 640 1066 677 valeamus
1098 638 1252 676 offitio.
1285 637 1439 675 Amen.
1465 638 1750 676 Consalutant

130 712 177 748 R.
212 711 258 748 P.
291 710 341 748 T.
375 723 526 748 omnes
558 711 708 747 Patres
739 722 787 747 ac
809 709 965 747 fratres
997 709 1290 756 colonienses,
1327 709 1586 759 praesertim
1623 709 1753 745 Pater

129 781 398 828 Leonardus,
423 782 469 818 P.
495 780 751 827 Goudanus,
777 781 831 819 M.
856 780 1128 828 Franciscus‚
1165 782 1218 819 M.
1244 780 1495 826 Balduinus,
1523 784 1529 802 ¹
1555 792 1639 830 ego
1663 785 1748 816 etc.

211 850 545 890 Desiderantur
566 850 613 888 in
635 850 784 889 codice
805 851 1000 900 reliqua,
1023 851 1064 889 si
1084 864 1198 901 quae
1219 851 1316 889 alia
1337 853 1484 890 erant.

888 1046 1003 1096 444

488 1187 540 1233 P.
578 1185 1015 1234 FRANCISCUS
1059 1187 1411 1234 ANTONIUS

609 1327 776 1353 SASSARI
807 1316 848 1353 16
875 1327 1108 1355 NOVEMBRIS
1137 1317 1227 1354 1560
1254 1319 1279 1353 ².

133 1440 167 1478 1.
192 1437 436 1477 Sociorum
456 1449 688 1476 numerus.
723 1436 952 1476 Valetudo.
983 1436 1221 1488 Religiosa
1253 1436 1497 1487 disciplina
1526 1435 1758 1489 vigens.—

211 1503 250 1542 2.
269 1502 509 1543 Contiones
523 1514 700 1554 magna
709 1501 977 1553 frequentia
994 1502 1188 1541 habitae.
1207 1501 1616 1542 Sacramentorum
1633 1514 1756 1540 usus.

212 1570 251 1610 3.
276 1570 474 1608 Fructus
500 1567 601 1607 inde
631 1570 907 1607 emanantes.
923 1567 1008 1606 —4.
1042 1568 1277 1607 Excursus
1308 1570 1367 1607 ad
1398 1568 1495 1607 alia
1523 1567 1758 1618 oppida.—

213 1636 251 1675 5.
289 1633 554 1674 Nosocomii
585 1636 626 1673 et
660 1647 899 1674 carcerum
933 1633 1154 1673 visitatio.
1192 1633 1442 1673 Doctrinae
1477 1633 1761 1673 christianae

212 1700 470 1752 explicatio.
506 1700 705 1739 Casuum
736 1699 1036 1740 conscientiae
1064 1700 1210 1748 lectio,
1244 1700 1551 1751 deficientibus
1581 1699 1762 1738 clericis

214 1766 520 1814 auditoribus,
544 1765 924 1805 intermissa.—6.
948 1766 1055 1805 Alia
1077 1779 1194 1817 erga
1210 1766 1449 1817 proximos
1483 1765 1758 1804 ministeria.

214 1832 251 1871 7.
276 1831 574 1871 Publicorum
590 1834 884 1882 peccatorum
901 1831 1096 1883 punitio.

194 1970 226 1997 1.
286 1961 314 2009 †
340 1958 429 2010 jhs.
456 1959 556 2008 Muy
578 1957 674 1996 R.d0
707 1958 777 1996 P.e
798 1971 892 1996 nro.
918 1970 972 1996 en
994 1958 1127 1997 Chro.
1164 1959 1251 1996 Pax
1276 1958 1451 1997 Christi.
1478 1964 1563 1996 ete.
1589 1959 1673 1995 Por
1697 1970 1763 1995 or-

136 2030 221 2068 den
243 2030 296 2069 de
320 2030 359 2069 la
381 2029 658 2079 obedjeneia‚
684 2028 960 2068 obseruando
992 2030 1031 2067 la
1063 2030 1317 2068 eostumbre
1349 2027 1404 2067 de
1436 2030 1475 2067 la
1505 2029 1761 2079 Compafiia,

138 2114 191 2139 en
214 2104 309 2139 esta
329 2100 433 2139 dare
457 2106 616 2139 euenta
637 2113 661 2138 a
682 2101 733 2139 V.
758 2101 805 2139 P.
830 2099 883 2138 de
907 2101 948 2138 lo
971 2113 1055 2151 que
1079 2101 1118 2138 el
1140 2101 1230 2138 S.⁰r
1252 2114 1297 2138 se
1330 2100 1385 2138 ha
1415 2099 1604 2151 dignado
1636 2100 1763 2137 obrar

135 2186 215 2224 por
232 2186 304 2211 sus
322 2172 501 2222 jnutiles
523 2172 691 2210 sieruos
715 2176 835 2210 estos
856 2183 880 2220 4
901 2184 1048 2210 meses
1069 2171 1297 2223 passados3
1319 2186 1346 2222 y
1364 2170 1665 2222 comencgando
1684 2184 1762 2221 por

136 2246 178 2283 lo
200 2257 284 2295 que
307 2250 409 2282 toea
442 2256 466 2282 a
500 2244 539 2282 la
574 2256 687 2291 casa,
710 2256 765 2294 ya
796 2256 899 2282 ereo
935 2244 1039 2282 sabe
1075 2244 1127 2282 V.
1162 2244 1208 2282 P.
1242 2243 1401 2294 (segun
1436 2255 1521 2294 que
1543 2256 1622 2294 por
1646 2248 1763 2280 otras

138 2328 318 2353 auemos
339 2314 520 2365 scripto)
542 2317 670 2353 como
701 2327 781 2353 nos
811 2315 865 2353 ha
894 2314 1056 2353 venido
1088 2314 1143 2353 de
1176 2316 1345 2366 Espafia
1367 2315 1406 2353 el
1428 2315 1639 2353 hermano
1662 2314 1764 2352 Am-

138 2387 286 2425 brosio
307 2391 335 2434 ³,
361 2388 399 2424 el
421 2385 519 2437 qual
547 2399 630 2424 eon
659 2386 724 2424 los
755 2392 844 2424 tres
879 2386 1039 2424 Padres
1070 2399 1154 2437 que
1187 2392 1311 2425 antes
1343 2388 1536 2432 eramos,
1571 2387 1765 2423 estamos

139 2471 222 2497 oon
243 2458 381 2506 salud,
404 2459 544 2509 gloria
563 2459 601 2495 al
624 2456 760 2496 dador
791 2457 919 2505 della,
943 2471 969 2507 y
999 2471 1082 2496 eon
1113 2458 1274 2496 desseo
1307 2457 1362 2495 de
1396 2458 1633 2508 emplearla
1661 2456 1765 2494 toda

189 2585 196 2604 ¹
249 2582 520 2620 Nominantur
538 2582 618 2620 PP.
640 2581 879 2620 Leonardus
899 2581 1065 2625 Kessel,
1097 2582 1291 2620 Nicolaus
1308 2582 1548 2627 Goudanus,
1577 2581 1767 2618 Francis-

139 2656 209 2680 cus
229 2643 439 2687 Costerus,
462 2642 685 2679 Balduinus
703 2643 755 2679 ab
776 2642 954 2689 Angelo.

189 2704 201 2722 ²
251 2702 313 2739 Ex
331 2708 490 2749 autogr.
512 2703 552 2738 in
570 2702 656 2739 cod.
676 2702 855 2740 Sardin.
877 2702 940 2747 13,
962 2701 1002 2739 ff.
1024 2701 1082 2746 63,
1102 2702 1162 2748 64;
1183 2703 1294 2749 prius
1312 2704 1394 2747 501,
1415 2702 1497 2746 502,
1519 2702 1665 2739 deletis
1683 2701 1765 2744 402,

141 2763 223 2799 403.

189 2823 202 2842 ⁸
254 2821 400 2858 Frater
413 2821 592 2868 Joannes
614 2821 854 2859 Ambrosius
873 2823 992 2866 (alias
1011 2821 1217 2869 Granges,
1239 2829 1281 2859 ut
1300 2822 1446 2859 dicitur
1466 2822 1505 2858 in
1524 2823 1645 2859 catal.
1674 2821 1767 2858 coll.

142 2881 378 2918 sassaritani
396 2882 491 2918 anni
513 2881 615 2925 1565,
636 2882 676 2918 in
695 2881 780 2918 eod.
803 2881 983 2919 Sardin.
1004 2882 1043 2924 3,
1067 2881 1092 2919 f.
1117 2882 1199 2927 lv.)
1218 2894 1308 2919 cum
1331 2882 1408 2918 ΡΙ).
1431 2881 1553 2918 Pisias
1582 2888 1620 2918 et
1641 2881 1766 2917 Anto·

143 2941 207 2977 nio
224 2939 360 2976 itineri
379 2953 421 2976 se
441 2940 711 2981 commiserat,
732 2940 803 2977 sed
821 2940 870 2977 ob
889 2941 1104 2977 adversam
1126 2941 1403 2978 valetudinem
1423 2942 1462 2976 in
1483 2939 1682 2986 Hispania
1701 2939 1768 2975 diu

145 3012 309 3036 manere
344 3004 505 3036 coactus
540 3006 614 3035 est.
652 2998 716 3036 Cf.
755 3000 795 3036 S.
837 2999 1097 3037 Franciscus
1132 3000 1314 3046 Borgt'a‚
1361 2999 1436 3043 ΙΙΙ,
1480 2998 1569 3044 532;
1618 2999 1774 3035 Lainiz'

149 3059 357 3103 Monum„
377 3058 452 3101 IV,
471 3058 553 3096 549.
575 3058 740 3095 Tertius
759 3060 948 3096 sacerdos
966 3066 1055 3096 erat
1075 3059 1116 3096 Ρ.
1140 3060 1284 3096 Petrus
1305 3058 1447 3106 Spiga.
