2038 3400
565 244 879 284 393.—PAR1sns
907 247 921 283 l
946 244 1058 294 Jum
1087 246 1177 283 1560
1562 246 1628 285 691

59 345 191 384 docet
214 346 502 397 experientia3
526 348 604 385 sed
626 349 710 386 1100
733 352 800 387 uel
824 351 1009 389 maxime
1038 351 1079 389 in
1111 351 1163 400 ijs
1184 363 1296 402 quae
1328 350 1381 388 ad
1404 350 1678 389 christianam

57 417 267 468 pietatem
297 418 532 468 pertinent,
567 426 838 470 compertum
870 421 1014 469 fuerit,
1039 422 1073 459 si
1105 434 1156 460 ea
1183 434 1295 473 quae
1326 422 1449 459 breui
1481 426 1680 471 tempore

58 494 185 538 gesta
201 493 299 526 sunt
323 494 367 526 et
388 495 599 539 geruntur
621 491 673 528 ad
696 491 777 530 Dei
798 493 978 542 gloriam
1001 494 1042 531 in
1064 493 1129 531 his
1150 493 1360 544 partibus,
1384 492 1511 543 paulo
1543 497 1682 529 atten-

57 559 142 596 tius
158 559 491 611 perpendamus.
509 561 646 599 Nouit
665 564 826 613 optime
849 565 896 602 R.
922 565 970 602 P.
995 565 1044 602 T.
1065 569 1225 615 quanta
1240 564 1370 602 fuerit
1390 576 1498 615 opus
1518 563 1682 613 patien-

57 631 129 676 tia,
153 631 315 669 uirtute
338 637 382 669 et
404 633 649 670 constantia
672 635 870 673 omnibus
892 635 989 681 illis,
1013 635 1085 686 qui
1106 636 1332 685 hucusque
1354 646 1431 685 pro
1455 634 1681 673 Societate

57 705 207 739 nostra
229 702 586 753 obgannientium
608 705 806 752 uocibus,
839 706 1114 753 elamoribus,
1148 705 1394 744 maledictis
1427 709 1470 742 et
1500 704 1683 742 assiduis

58 773 278 811 laboribus
313 774 352 811 in
390 774 475 812 hoc
510 775 608 813 1000
647 777 878 814 exercitati
911 777 1050 815 fuere.
1089 776 1177 814 Sed
1213 776 1375 814 factum
1412 782 1478 813 est
1507 774 1681 812 tandem

58 857 224 883 summo
248 845 329 882 Dei
349 846 487 882 nostri
518 846 734 885 beneficio
758 848 845 897 (qui
870 847 1052 898 suspiria
1075 853 1118 885 et
1139 859 1297 898 preces
1326 848 1345 865 a
1376 847 1577 884 minimae
1608 846 1683 883 hu-

56 915 121 952 ius
151 916 386 954 Societatis
419 928 523 954 suae
553 930 631 967 pro
663 930 799 968 regno
833 918 1001 957 Galliae
1032 931 1119 956 non
1151 924 1218 956 est
1245 918 1535 969 aspernatus),
1560 923 1606 955 ut
1628 930 1682 955 ex

58 986 188 1036 uarijs
209 986 413 1025 fluctibus
438 989 699 1026 emerserint
720 990 754 1036 b,
779 994 822 1027 et
857 990 897 1027 in
934 1003 1032 1028 eum
1070 991 1212 1028 locum
1248 989 1467 1028 adductae
1498 990 1582 1027 sint
1612 1001 1683 1026 res

58 1058 307 1105 Societatis,
346 1058 461 1097 unde
496 1060 666 1098 nonnisi
704 1062 866 1111 optime
896 1074 1074 1112 sperare
1110 1062 1193 1099 iam
1230 1062 1374 1100 liceat.
1410 1063 1518 1100 Sunt
1553 1061 1683 1112 igitur

56 1130 249 1166 nonnulli
280 1130 350 1167 uel
383 1129 514 1168 etiam
534 1131 705 1181 plurimi
735 1131 802 1180 (ut
832 1135 948 1172 certe
977 1134 1096 1179 sunt,
1122 1139 1166 1171 et
1189 1145 1243 1171 ex
1275 1133 1472 1183 ipsismet
1493 1132 1681 1170 fortasse

55 1201 126 1250 qui
148 1200 231 1238 dici
253 1201 405 1238 uolunt
427 1200 554 1240 amici
574 1202 744 1251 nostri),
770 1203 842 1253 qui
862 1204 988 1241 nobis
1012 1204 1204 1250 obstent,
1241 1208 1503 1254 repugnent,
1542 1215 1592 1241 ac
1619 1214 1683 1240 re-

58 1271 294 1319 luctentur,
318 1272 377 1309 ita
398 1278 543 1311 tamen
564 1273 685 1311 fauet
707 1286 783 1311 rex
803 1274 972 1312 chr.¹³f¹us
995 1279 1003 1298 ¹
1030 1280 1073 1313 et
1094 1275 1248 1312 iubere
1264 1275 1424 1325 pergit,
1448 1274 1509 1312 ita
1525 1275 1684 1312 acriter

56 1343 343 1394 lotharingius
375 1344 602 1382 cardinalis
624 1344 650 1391 ²,
675 1345 975 1384 benemeritus
1001 1351 1230 1397 protector
1260 1351 1427 1392 noster,
1451 1358 1528 1396 pro
1553 1357 1684 1383 causa

56 1421 206 1452 nostra
226 1421 406 1466 pugnatg
439 1417 676 1466 reginaque
709 1423 847 1455 mater
882 1423 895 1442 ⁸
930 1430 980 1456 ac
1012 1416 1177 1456 caeteri
1206 1417 1424 1468 principes
1446 1417 1683 1456 Societatis

56 1486 169 1523 fama
199 1487 408 1524 commoti
440 1487 756 1535 obsecundant,
790 1491 909 1538 qnod
940 1496 955 1514 c
982 1489 1109 1528 facile
1142 1489 1314 1541 creditu
1344 1502 1431 1527 non
1463 1489 1516 1527 sit
1548 1487 1684 1526 uicto-

61 1559 165 1595 riam
196 1558 277 1596 sibi
308 1571 331 1595 e
367 1559 563 1596 manibus
599 1566 673 1597 aut
710 1566 904 1610 ereptam
939 1561 989 1599 iri
1020 1567 1094 1599 aut
1123 1562 1258 1612 longo
1288 1566 1488 1611 tempore
1520 1560 1685 1598 differri

57 1642 203 1679 posse.
237 1630 335 1668 Hoc
365 1630 495 1680 igitur
527 1630 661 1668 innixi
690 1631 842 1670 fauore
880 1637 924 1669 et
958 1631 1177 1682 praesidio
1210 1632 1346 1682 (quod
1376 1632 1502 1670 nobis
1532 1632 1683 1682 procul

58 1700 188 1738 dubio
212 1701 395 1738 emerita
417 1707 483 1738 est
505 1701 650 1739 diuina
670 1702 843 1752 pietas),
868 1703 1016 1741 foelici
1041 1704 1162 1742 exitu
1184 1715 1276 1741 rem
1295 1703 1498 1741 concludi
1521 1702 1684 1740 breuis-

58 1771 164 1809 sime
188 1778 487 1821 expectamus.
514 1773 679 1821 Quarta
700 1773 831 1811 iussio
864 1774 996 1824 regis,
1029 1787 1157 1825 quarn
1194 1776 1242 1813 R.
1278 1776 1324 1812 Ρ.
1361 1775 1554 1821 Pontius,
1585 1781 1685 1825 post

58 1842 273 1880 secundas
296 1849 339 1880 et
371 1844 538 1890 tertias,
573 1844 758 1881 obtinuit
789 1857 946 1895 magna
977 1858 1074 1883 cum
1109 1845 1367 1884 difficultate
1400 1858 1451 1883 ac
1480 1845 1682 1883 itinerum

56 1912 313 1964 fatigatione
338 1922 381 1952 et
402 1916 569 1961 labore,
590 1915 785 1953 exhibita
807 1922 873 1953 est
897 1922 941 1953 et
962 1916 1189 1966 producta.
1215 1918 1314 1955 Non
1336 1930 1514 1968 possum
1533 1916 1681 1955 dicere

58 1997 184 2034 quam
215 1986 270 2023 sit
300 1986 668 2036 uigilantissimzts
689 1987 708 2011 d
731 1992 775 2025 et
805 1993 966 2036 quanto
998 1989 1157 2038 flagret
1188 1988 1410 2027 desiderio
1442 1988 1582 2026 bonus
1612 1987 1684 2025 ille

59 2056 202 2102 Pater,
226 2062 273 2093 ut
294 2057 379 2094 fine
403 2070 480 2094 suo
504 2063 654 2095 nostra
676 2058 876 2096 Societas
898 2059 1089 2108 potiatur
1113 2059 1154 2096 in
1186 2060 1271 2097 1100
1293 2071 1446 2110 regno.
1471 2059 1511 2097 Is
1541 2059 1685 2097 nouis-

59 2126 165 2164 sime
197 2139 293 2164 cum
316 2127 488 2165 uideret
518 2134 693 2178 quartas
724 2129 807 2166 iarn
836 2129 974 2167 dictas
1005 2130 1156 2168 literas
1187 2143 1212 2168 a
1241 2136 1397 2169 senatu
1429 2130 1685 2168 oscitantius

59 2197 145 2248 legi
166 2204 210 2236 et
230 2198 504 2248 pertractari,
524 2201 929 2251 praesensissetque
948 2201 1116 2252 regium
1138 2208 1473 2252 procuratorem
1493 2208 1536 2240 et
1557 2215 1684 2252 quos-

59 2267 155 2305 dam
177 2269 401 2318 praesides
423 2271 523 2308 hinc
544 2283 568 2308 a
588 2283 693 2321 rege
716 2272 958 2309 accersitos
982 2284 1097 2319 esse3
1120 2273 1236 2311 nulla
1257 2273 1518 2323 interposita
1548 2284 1682 2319 mora,

63 2344 106 2376 et
128 2339 219 2389 ipse
242 2340 283 2377 in
306 2341 467 2379 curiam
488 2342 571 2379 iter
592 2342 730 2391 pedes
752 2343 945 2392 arripuit3
971 2354 1023 2380 eo
1058 2344 1127 2382 uel
1163 2345 1346 2382 consilio
1379 2343 1550 2389 ductus,
1575 2349 1621 2381 ut
1653 2343 1685 2381 si

58 2409 159 2460 quid
180 2411 310 2457 forte,
330 2417 512 2461 accepta
535 2413 784 2459 occasione,
805 2419 958 2451 contra
978 2414 1250 2453 Societatem
1271 2415 1352 2465 ipsi
1374 2414 1523 2452 dicere
1546 2420 1684 2452 atten-

58 2486 216 2527 tarent,
236 2494 323 2519 non
341 2489 460 2520 esset
476 2483 535 2520 ibi
557 2484 647 2521 sine
666 2489 850 2533 patrono
875 2484 1111 2523 Societatis
1130 2497 1276 2532 causa,
1297 2486 1366 2523 uel
1386 2492 1523 2531 certe,
1543 2491 1589 2523 ut
1608 2497 1684 2523 ore

57 2553 231 2602 proprio
254 2565 332 2590 rex
350 2560 395 2591 et
410 2554 628 2604 principes
645 2555 704 2592 illi
725 2555 960 2593 Societatis
977 2555 1288 2595 admissionem
1307 2556 1682 2595 commendarent.

60 2624 185 2672 Quae
208 2625 350 2662 omnia
370 2624 429 2662 illi
450 2630 536 2663 tam
556 2626 777 2664 foeliciter
795 2632 1040 2674 cesserunt,
1059 2632 1105 2665 ut
1121 2628 1225 2665 nihil
1243 2641 1386 2678 supra.
1408 2629 1517 2666 Nam
1535 2634 1581 2666 ut
1602 2628 1684 2678 pri-

105 2748 123 2767 a
174 2748 360 2786 Emend.
381 2761 432 2787 ex
449 2762 630 2797 praeces.
696 2751 762 2776 ——b
793 2750 977 2787 Emend.
1011 2762 1061 2788 ex
1086 2764 1270 2789 emersae
1323 2760 1387 2778 —0
1419 2758 1473 2790 vt.
1528 2755 1595 2779 —d
1628 2755 1685 2790 ui-

58 2807 206 2854 gilans.

108 2929 117 2948 ¹
170 2928 410 2966 Franciscus
429 2928 478 2966 Il.

107 2987 120 3006 ²
171 2987 345 3026 Carolus
364 2989 412 3026 de
432 2987 575 3026 Guisa.

108 3047 120 3066 ³
171 3047 395 3085 catharina
414 3049 462 3086 de
483 3048 666 3086 Medicis.
