2038 3400
358 234 427 273 1130
823 235 1045 275 LITTERAE
1071 235 1162 282 Qun
1171 245 1427 273 ommam-RES

1067 481 1175 532 322

1038 623 1098 669 N.
1146 623 1205 670 N.

846 767 1024 794 COLONIA
1052 767 1234 793 lNEUNTE
1260 755 1350 792 1560
1379 757 1402 794 ¹.

309 869 342 907 1.
377 867 621 907 Sociorum
651 882 883 908 numerus.
921 870 1092 908 Eorum
1127 870 1243 907 laus.
1282 867 1441 918 Aliqui
1470 867 1665 906 Romam
1695 866 1817 905 mitti
1842 869 1939 917 pot-

388 937 535 973 erunt.
577 934 915 974 Coloniensinm
950 948 1066 987 erga
1102 934 1372 974 Societatem
1402 931 1671 973 sensus.-2.
1709 931 1939 972 Convicto-

389 1012 460 1039 res
496 999 665 1050 aliique
696 1000 911 1051 discipuli
939 1000 986 1039 in
1008 1001 1176 1040 litteris
1195 1002 1235 1040 et
1258 999 1386 1039 bonis
1407 998 1612 1038 moribus
1629 998 1939 1049 progrediun-

388 1068 478 1104 tur.
518 1066 693 1105 Eorum
729 1066 877 1116 aliqui
916 1068 974 1105 ad
1013 1066 1247 1106 ecclesiam
1278 1066 1539 1117 juvandam
1581 1061 1940 1103 inclinantur.—

385 1130 425 1170 3.
453 1131 692 1171 Contiones
714 1131 761 1170 in
777 1144 953 1171 summo
977 1133 1137 1183 templo
1156 1132 1396 1171 habentur.
1422 1130 1533 1182 spes
1549 1132 1611 1170 est
1628 1141 1746 1167 nova
1766 1129 1940 1180 aliquot

387 1197 585 1248 collegia
600 1197 857 1249 fundatum
881 1197 956 1236 iri.

364 1335 396 1362 1.
459 1323 731 1374 Quamquam
764 1324 913 1375 paucis
948 1328 1049 1361 ante
1085 1322 1239 1361 diebus
1276 1324 1323 1361 R.
1363 1324 1408 1361 P.
1433 1322 1489 1361 de
1521 1328 1638 1361 statu
1675 1321 1939 1360 coloniensis

307 1395 482 1446 collegij
507 1395 715 1445 scriptum
739 1400 819 1441 est,
845 1399 991 1433 tamen
1018 1394 1117 1445 quia
1140 1400 1290 1433 sancta
1314 1392 1568 1432 obedientia
1601 1406 1682 1432 nos
1713 1393 1936 1441 admonet,

306 1473 353 1505 vt
374 1466 717 1518 quadrimestres
739 1467 887 1505 literas
911 1479 1242 1517 componamus,
1262 1467 1470 1505 nonnulla
1491 1472 1698 1517 repetere
1721 1466 1938 1513 volumus,

308 1539 349 1576 et
369 1537 539 1589 plenius
572 1538 742 1589 singula
774 1538 1011 1588 explicare,
1036 1551 1121 1588 quo
1154 1550 1283 1588 quem
1316 1537 1504 1576 fructum
1538 1536 1807 1576 coloniensis
1835 1549 1942 1588 ager

305 1610 475 1649 adferat
497 1611 544 1648 R.
571 1611 614 1648 P.
639 1610 687 1648 T.
714 1610 946 1660 intelliget,
973 1615 1015 1648 et
1038 1610 1249 1648 maiorem
1273 1609 1313 1647 ei
1343 1622 1367 1648 a
1397 1610 1493 1647 Deo
1516 1609 1788 1647 fertilitatem
1819 1621 1940 1646 sanc-

306 1682 361 1719 tis
392 1682 476 1719 tuis
515 1682 720 1733 precibus
757 1688 800 1719 et
841 1681 1066 1730 sacrificijs
1105 1680 1332 1732 impetres.
1375 1680 1548 1719 Utinam
1590 1686 1737 1719 autem
1772 1680 1939 1718 fructus

307 1754 399 1804 agri
435 1752 574 1791 nostri
606 1758 693 1790 tam
728 1753 890 1791 vberes
927 1758 1075 1790 essent
1111 1758 1241 1803 atque
1278 1753 1461 1790 aliorum
1498 1752 1787 1803 collegiorum
1824 1755 1937 1789 sunt.

310 1824 540 1875 Praecipui
570 1825 640 1863 hic
657 1824 823 1862 fructus
845 1824 887 1862 in
906 1824 1143 1874 junentute
1165 1829 1264 1862 sunt
1286 1823 1433 1875 positi,
1458 1823 1557 1874 quiz:¹
1576 1824 1595 1842 a
1617 1823 1806 1861 caeteris
1826 1827 1938 1860 trac·

304 1896 531 1935 tabiliores
563 1901 607 1934 et
638 1896 691 1934 ad
722 1895 982 1947 religionem
1016 1901 1059 1933 et
1095 1895 1304 1933 virtutem
1339 1896 1653 1946 propensiores
1688 1900 1788 1932 sunt
1817 1894 1938 1932 iuue-

303 1980 399 2015 nes,
439 1967 481 2006 id
521 1966 639 2018 quod
677 1967 886 2018 frequens
922 1980 1073 2005 eorum
1110 1966 1164 2004 ad
1204 1967 1477 2005 Societatem
1507 1966 1732 2018 ingressus
1763 1965 1937 2004 abunde

303 2039 407 2078 satis
443 2039 652 2078 declarat.
691 2040 800 2077 Sunt
835 2052 1024 2090 namque
1061 2039 1131 2077 hic
1166 2039 1381 2077 Coloniae
1417 2039 1457 2076 in
1494 2039 1719 2077 Societate
1754 2050 1936 2076 numero

303 2111 630 2162 quinquaginta,
651 2124 760 2162 quos
783 2110 863 2149 sibi
886 2110 1043 2161 selegit
1068 2110 1295 2157 Dominus,
1321 2116 1368 2148 vt
1389 2110 1655 2148 Germaniae
1678 2110 1937 2160 Galliaeque

304 2195 431 2233 opem
455 2182 605 2221 debito
627 2187 828 2233 tempore
851 2182 1037 2229 adferat3
1061 2180 1101 2219 in
1119 2194 1246 2232 quam
1269 2194 1350 2219 nos
1372 2182 1689 2232 cogitationem
1714 2180 1936 2219 deducunt

301 2255 527 2306 praeclara
549 2267 701 2292 eorum
724 2254 914 2305 ingenia,
941 2254 1122 2304 egregia
1143 2258 1326 2291 naturae
1349 2266 1545 2300 munera,
1569 2252 1793 2304 improbus
1815 2253 1937 2290 labor

305 2332 349 2364 et
370 2326 485 2365 haud
506 2325 803 2377 poenitendus
825 2325 865 2363 in
888 2326 1026 2363 literis
1049 2325 1311 2375 virtutisque
1340 2325 1430 2373 [sic]
1456 2325 1696 2375 profectus.
1722 2323 1936 2362 Sacerdo-

306 2403 373 2435 tes
398 2404 496 2436 sunt
528 2403 714 2448 septem,
738 2397 893 2448 quibus
915 2397 1040 2435 breui
1063 2397 1148 2435 duo
1181 2396 1412 2441 accedent;
1437 2396 1613 2435 ordines
1636 2397 1749 2435 enirn
1773 2396 1936 2446 aliquot

304 2471 358 2509 M.
384 2470 621 2508 Balduinus
643 2471 696 2508 ab
718 2470 889 2521 Angelo
915 2475 958 2507 et
981 2470 1035 2507 Μ.
1058 2470 1276 2507 Henricus
1293 2470 1509 2510 Somalius
1526 2470 1609 2507 iam
1629 2474 1935 2519 susceperunt;

301 2542 456 2580 artium
484 2542 681 2593 magistri
703 2541 876 2583 decem;
906 2542 1183 2579 baccalaurei
1214 2540 1551 2592 septemdecim,
1575 2539 1706 2591 logici
1727 2539 1934 2591 quinque3

347 2681 366 2700 a
416 2694 537 2728 quam
557 2680 604 2726 [P]
626 2690 707 2717 ms.

349 2817 355 2834 ¹
409 2813 472 2851 Ex
490 2825 631 2860 apogr.
652 2811 749 2848 satis
777 2810 1025 2857 imperfecto,
1056 2810 1094 2845 in
1122 2809 1208 2847 eod.
1242 2810 1456 2847 Colonien.
1489 2809 1525 2854 9,
1556 2808 1596 2846 ff.
1630 2807 1777 2846 35-36.
1811 2807 1932 2845 Edita

300 2879 360 2912 est
387 2874 492 2921 apud
520 2872 708 2914 HANSEN,
738 2870 1002 2907 Rlzez'wzz'sche
1028 2869 1226 2912 Aleten...,
1261 2869 1332 2905 ‘340
1361 2882 1463 2917 sqq.,
1497 2869 1564 2906 ubi
1592 2869 1709 2916 plura
1740 2867 1789 2904 ad
1819 2868 1931 2904 illam

298 2933 581 2971 illustrandam
609 2931 806 2968 invenies.
840 2930 995 2968 Mensis
1031 2936 1070 2968 et
1105 2930 1190 2967 dies
1217 2940 1295 2975 quo
1330 2930 1480 2976 scripta
1515 2933 1588 2973 est,
1622 2928 1748 2972 deest3
1781 2927 1851 2964 sed
1883 2939 1932 2963 ex

297 2994 598 3042 comparatione
612 3005 702 3029 curn
718 2991 1052 3029 antecedentibus
1068 2996 1107 3027 et
1121 2989 1458 3034 subsequentibus
1472 2993 1642 3036 apparet
1658 3000 1748 3025 eam
1765 2987 1931 3024 ineunte

299 3067 404 3092 anno
422 3053 613 3100 scriptam
630 3064 733 3089 esse.
