2038 3400
334 246 404 284 490
789 249 1008 287 LJTTERAE
1037 251 1129 297 QUA
1139 263 1397 289 DmMESTREs

285 350 403 387 ribus
426 352 513 389 suis
535 350 773 402 discipulis,
799 359 845 391 ut
867 354 985 392 domi
1006 367 1111 392 suae
1135 368 1211 405 pro
1240 367 1286 392 se
1318 355 1500 406 quisque
1532 357 1777 394 doctrinam
1809 357 1917 394 chri-

283 421 467 460 stianam
490 423 695 470 edoceat,
722 436 819 462 cum
840 431 1046 474 parentes
1069 432 1113 464 et
1134 426 1292 463 fratres
1314 433 1359 464 et
1381 440 1572 474 sorores,
1612 428 1645 465 si
1677 428 1915 475 nescirent,

286 499 376 532 tum
400 494 530 532 etiam
555 508 707 532 omnes
740 509 843 533 suos
872 496 1107 535 familiares
1140 501 1182 534 et
1213 496 1500 544 domesticos,
1523 499 1640 548 quod
1670 499 1844 549 quidem
1874 503 1917 537 et

286 565 485 616 discipuli
514 572 740 616 praestant
771 566 1020 618 diligenter,
1055 573 1098 605 et
1128 568 1223 606 fieri
1253 583 1339 607 non
1371 570 1462 608 sine
1494 572 1630 608 multo
1663 571 1918 608 christiano-

285 649 379 674 rum
402 636 635 674 commodo
660 637 891 676 credimus.
917 638 1030 677 Octo
1053 641 1159 676 snut
1181 640 1452 688 sacerdotes,
1487 641 1649 692 qnippe
1681 640 1758 691 qni
1792 642 1918 679 naui-

287 710 354 747 ter
376 721 429 747 ac
451 709 648 747 studiose
670 710 711 747 in
730 710 1033 749 confessiones
1051 711 1290 749 audiendas
1312 713 1580 760 incumbunt,
1599 725 1744 762 neque
1766 725 1876 752 uero
1901 720 1919 738 ἃ

288 781 392 818 satis
427 781 625 818 omnibus
658 780 990 830 poenitentibus
1023 782 1170 820 facere
1205 788 1404 833 possunt,
1442 785 1512 833 qui
1548 785 1723 835 quidem
1759 785 1800 822 in
1821 797 1918 822 nos-

287 858 398 890 trum
441 853 677 902 collegium
719 853 908 903 undique
950 853 1219 891 conueniunt
1259 859 1388 904 atque
1431 856 1672 903 confluunt3
1714 860 1758 893 et
1797 855 1920 893 festis

287 927 407 962 certe
431 923 586 961 diebus
609 929 740 974 atque
764 925 1102 972 solennioribus,
1135 925 1317 976 saepius
1332 939 1455 974 sane,
1480 929 1608 977 saepe
1628 927 1649 952 b
1675 926 1919 965 confitenti-

286 995 365 1032 bus
389 1002 405 1019 C
436 995 687 1045 neutiquam
720 994 921 1033 satisfieri
938 1000 1100 1046 potest.
1124 996 1373 1046 Quinimmo
1403 998 1599 1048 plerique
1633 996 1766 1035 multi
1794 1010 1919 1048 prop·

286 1072 353 1104 ter
388 1079 631 1104 nmnermn
657 1066 869 1117 gentium
899 1069 939 1105 ei
982 1066 1318 1114 multitudinem,
1367 1074 1691 1107 sacrosanctam
1722 1070 1919 1119 synaxim

288 1144 411 1177 extra
433 1137 610 1176 domum
645 1145 838 1178 nostram
862 1139 1120 1189 suscipiunt3
1143 1140 1190 1178 id
1212 1143 1331 1191 qnod
1352 1143 1503 1180 tamen
1539 1141 1586 1179 in
1617 1141 1922 1180 celeberrimis

283 1210 559 1260 praesertim
595 1211 750 1250 diebus
786 1225 870 1256 usu
906 1214 1044 1252 uenit.
1079 1214 1224 1264 Atque
1257 1214 1388 1251 etiam
1422 1227 1511 1252 non
1544 1215 1672 1265 pauci
1704 1219 1817 1260 sunt,
1850 1214 1922 1264 qui

288 1295 385 1320 cum
408 1289 543 1321 antea
564 1283 584 1308 d
610 1284 811 1322 confiteri
840 1298 927 1323 non
958 1286 1198 1335 potuerint,
1231 1290 1388 1335 postea
1409 1285 1689 1324 nihilominus
1713 1285 1922 1324 confiten-

288 1360 356 1392 tur
380 1360 424 1392 et
445 1355 498 1392 ad
529 1356 848 1394 sanctissimum
881 1361 1202 1395 sacramentum
1235 1357 1468 1396 accedunt.
1504 1356 1634 1405 Quod
1665 1356 1844 1407 quidem
1874 1359 1922 1394 ut

287 1425 383 1474 fiat,
408 1425 526 1465 nihil
549 1429 609 1466 est
626 1426 833 1478 profecto
857 1427 988 1466 alind
1012 1427 1058 1466 in
1087 1441 1243 1474 cansa,
1281 1427 1374 1466 nisi
1395 1428 1600 1467 maxima
1630 1427 1922 1466 assiduorum

284 1496 598 1547 poenitentium
621 1498 859 1537 celebritas
880 1500 919 1538 el
941 1499 1086 1549 copia.
1126 1499 1344 1538 Numerus
1366 1505 1513 1537 autem
1536 1512 1689 1538 eorum
1711 1499 1783 1550 qui
1805 1504 1922 1537 octa-

290 1582 345 1607 uo
368 1582 543 1620 quoque
562 1569 647 1617 die,
668 1569 936 1621 singulisque
960 1569 1200 1608 Dominicis
1217 1569 1372 1608 diebus
1390 1571 1726 1609 sacratissimam
1750 1575 1923 1608 sumunt

291 1642 613 1688 eucharistiam,
645 1641 843 1680 ascendit
871 1643 965 1680 fere
1002 1656 1174 1693 semper
1205 1643 1259 1680 ad
1290 1647 1518 1681 trecentos
1551 1641 1667 1680 uiros
1699 1648 1742 1680 et
1774 1641 1923 1679 mulie-

290 1726 375 1751 res:
409 1714 435 1762 ij
469 1725 576 1751 uero
608 1714 680 1764 qui
715 1713 862 1764 primis
898 1714 1059 1752 mensis
1090 1713 1319 1752 dominicis
1351 1714 1506 1752 diebus
1536 1714 1653 1752 idem
1683 1718 1921 1765 praestant,

288 1799 516 1824 numerum
538 1798 652 1836 pene
677 1786 876 1823 obtinent
898 1785 1333 1837 quadringentorum.
1361 1787 1415 1824 At
1438 1786 1552 1824 enim
1574 1785 1646 1837 qui
1674 1784 1923 1824 celebriori-

290 1857 371 1895 bus
392 1857 479 1895 hoc
500 1858 639 1907 ipsum
666 1857 792 1895 festis
824 1857 979 1895 diebus
1008 1857 1187 1904 faciunt,
1221 1857 1275 1894 ad
1305 1857 1686 1908 septingentorum
1720 1862 1764 1894 et
1794 1858 1924 1894 inter-

289 1928 391 1967 dum
414 1930 769 1980 octingentorum
801 1943 937 1980 prope
974 1943 1202 1967 numerum
1235 1929 1510 1980 perueniunt.
1546 1928 1824 1977 Quinetiam,
1857 1927 1925 1978 (ul

290 2000 460 2039 dictum
482 2003 544 2039 esi
564 2001 792 2051 superins)
810 2000 1023 2039 nonnulli
1042 2003 1162 2047 snm‘,
1188 2000 1267 2050 qni
1290 2001 1358 2039 nel
1382 2002 1500 2048 ante,
1522 2002 1569 2038 ut
1592 2000 1723 2038 illum
1746 2001 1923 2038 tantmn

290 2075 464 2111 coetum
486 2072 698 2119 deniteat,
720 2073 803 2111 hoc
824 2072 1104 2111 szianissimo
1126 2071 1521 2122 saluberrimoque
1543 2071 1639 2110 cibo
1662 2073 1922 2115 uesczmtur,

291 2144 361 2182 'uel
384 2145 500 2182 certe
518 2146 674 2194 possea
696 2147 889 2194 propfer
918 2157 1078 2184 eornm
1104 2142 1351 2194 penuriam
1375 2142 1455 2193 qni
1483 2142 1649 2181 talium
1681 2141 1923 2194 confessio-

293 2228 367 2255 nes
388 2217 550 2254 andire
567 2215 834 2265 potuissent.
860 2217 937 2254 Est
960 2220 1003 2253 et
1021 2217 1133 2254 inter
1155 2216 1236 2253 hos
1259 2214 1536 2254 consociatio
1573 2221 1591 2240 e
1612 2213 1824 2266 quaedam
1848 2214 1924 2251 ho-

293 2289 453 2326 minum
476 2289 879 2338 integerrimorum,
904 2290 1061 2339 quippe
1094 2288 1166 2339 qui
1188 2286 1521 2339 diligentissime
1545 2299 1644 2325 sese
1662 2287 1703 2324 in
1727 2286 1924 2325 omnibus

293 2360 625 2399 misericordiae
658 2361 920 2411 pietatisque
956 2361 1161 2411 operibus
1194 2365 1423 2406 exercent3
1447 2360 1516 2408 alij
1550 2358 1725 2410 quidem
1756 2359 1798 2396 in
1831 2371 1924 2396 ero-

291 2432 435 2484 ganda
456 2433 719 2483 pauperibus
743 2433 870 2483 stipe,
896 2432 964 2481 alij
990 2433 1030 2470 in
1048 2432 1143 2482 alijs
1162 2431 1414 2472 elemosinis
1431 2431 1761 2477 distribuendis,
1783 2430 1852 2479 alij
1884 2430 1925 2467 jn

291 2504 486 2556 aegrotis
508 2503 715 2542 uidendis
736 2504 767 2550 f,
801 2505 870 2553 alij
905 2505 946 2542 in
977 2506 1226 2543 carceribus
1256 2504 1494 2543 inuisendis
1516 2511 1553 2550 g,
1578 2503 1645 2552 alij
1669 2502 1712 2540 in
1742 2501 1925 2552 captiuis

292 2577 345 2614 ab
367 2576 568 2615 hostibus
599 2576 882 2623 redimendis,
908 2575 993 2627 alis
1014 2576 1063 2615 in
1092 2576 1316 2615 eiusmodi
1333 2576 1428 2628 pijs
1457 2574 1726 2627 optimisque
1740 2572 1925 2624 facino-

292 2648 421 2687 ribus
444 2647 694 2701 faciendis.

346 2731 383 2758 2.
445 2719 645 2759 Studium
676 2719 793 2770 quod
825 2719 1000 2770 quidem
1036 2720 1076 2757 in
1112 2719 1387 2759 Societatem
1417 2724 1612 2758 nostram
1642 2722 1737 2755 tota
1772 2716 1925 2756 ciuitas

293 2793 427 2830 habet
448 2792 549 2841 (etsi
572 2804 659 2829 non
682 2790 840 2829 desunt
864 2792 935 2840 filij
962 2791 1097 2829 Belial
1120 2791 1192 2841 qui
1213 2792 1324 2830 hanc
1345 2795 1539 2830 nostram
1561 2788 1925 2828 exercitationem

294 2863 520 2914 exagitent
556 2868 687 2913 atque
724 2863 1040 2912 contemnant),
1075 2868 1141 2901 est
1170 2864 1299 2914 plane
1330 2863 1582 2909 maximum3
1613 2861 1759 2912 itaque
1780 2859 1842 2906 fit,
1880 2863 1926 2896 ut

341 3019 359 3037 a
388 3016 535 3048 tamen.
568 3012 630 3036 db
653 3010 807 3047 crebro.
850 3017 914 3035 -0
935 3022 1046 3055 sepe.
1090 3010 1156 3035 -d
1177 3014 1271 3046 ante
1293 3009 1409 3046 festa.
1452 3016 1516 3035 -θ
1537 3008 1720 3045 societas.
1763 3007 1823 3032 —f
1846 3005 1926 3043 Su-

296 3075 378 3118 pra
397 3081 506 3108 vers.
528 3070 764 3115 inuisendis,
787 3070 947 3106 iterum
966 3069 1050 3107 del.
1105 3077 1172 3103 ——g
1194 3068 1330 3106 Prius
1349 3068 1448 3111 del„
1466 3070 1565 3115 post
1584 3069 1849 3105 restitut-um.
