2038 3400
546 290 834 329 sod-GENUA
866 292 907 327 15
937 290 1198 328 SEPTEMBMS
1228 290 1315 326 1559
1627 290 1695 325 347

123 394 203 433 illis
224 408 425 445 inagnum
448 395 501 432 sit
524 393 564 432 in
592 394 674 432 hac
696 395 803 431 urbe
825 392 1034 431 indictum
1056 392 1233 438 bellum,
1257 391 1374 441 quod
1396 399 1415 417 a
1437 392 1607 429 uelatae
1631 392 1745 430 ince›

124 465 242 513 dant,
261 465 378 516 quod
396 478 528 516 saepe
551 464 857 511 confiteantur,
877 462 994 514 quod
1011 468 1138 501 notas
1154 474 1348 513 quasque
1366 461 1444 500 sibi
1463 461 1682 509 mulieres,
1704 469 1745 500 ct

123 537 295 587 ignotas
315 550 402 575 non
424 548 538 583 raro,
563 535 598 574 si
629 548 715 574 non
738 535 898 581 uerbis,
923 534 1076 572 saltem
1108 546 1186 572 suo
1218 534 1334 571 bono
1360 533 1561 583 exemplo
1585 533 1638 571 ad
1661 547 1746 571 me-

123 607 276 646 liorem
299 606 414 645 uitae
444 607 658 645 rationem
690 606 908 645 aduocare
941 605 1173 643 enitantur.
1207 604 1296 643 Sed
1326 604 1424 642 illae
1452 604 1599 642 mundi
1621 604 1747 653 hujus

124 678 308 717 ludibria
328 691 406 729 pro
441 678 574 717 nihilo
598 677 777 725 ducunt,
802 681 847 715 ut
869 689 980 727 quae
1012 675 1248 714 crucifixae
1278 676 1361 714 sint
1392 687 1548 714 reuera
1569 676 1745 719 mundo,

126 754 168 788 et
198 750 279 788 illis
311 749 495 788 mundus
530 752 556 796 ¹3
580 754 711 800 atque
742 748 854 787 adeo
891 753 937 785 ut
958 760 1043 798 quo
1080 747 1216 798 magis
1246 747 1340 785 illas
1374 747 1612 785 insectatur
1634 747 1668 794 b,
1695 760 1747 785 eo

126 821 261 872 magis
286 820 571 860 inualescant.
601 819 731 870 Quod
752 818 937 870 quedam
960 817 1123 868 diuitijs
1147 822 1189 856 et
1225 830 1390 869 genere
1412 831 1499 856 non
1521 818 1748 856 mediocri-

124 897 191 931 ter
211 892 448 931 nobilitata
471 900 487 918 0
515 892 627 930 inter
660 896 862 930 coeteras
882 891 1070 937 intuens,
1104 902 1201 928 cum
1232 890 1374 940 capite
1396 902 1570 941 quoque
1603 891 1748 928 uelato

124 969 299 1014 praeter
334 964 461 1013 hujus
484 963 602 1002 urbis
631 975 798 1001 morem
821 961 1028 1001 incedere
1060 962 1300 1008 statuisset,
1332 974 1420 1000 non
1450 961 1641 1012 uulgaris
1671 961 1751 999 fuit

124 1036 181 1074 illi
204 1036 384 1073 suborta
405 1035 605 1084 quaestio
629 1033 743 1085 apud
761 1031 976 1084 quendam
999 1033 1274 1080 monachum,
1301 1032 1395 1082 ejus
1417 1032 1748 1079 confessarium,

124 1105 195 1158 qui
231 1106 348 1145 nullo
386 1105 518 1144 modo
558 1105 658 1144 huic
692 1106 809 1144 bono
847 1103 1039 1143 mulieris
1060 1105 1237 1156 incepto
1261 1104 1597 1151 assentiebatur,
1630 1104 1751 1156 quasi

124 1178 270 1216 uerbis
295 1176 382 1216 suis
405 1177 628 1215 insinuans
650 1176 723 1224 illi,
748 1189 835 1215 non
856 1177 896 1216 in
920 1190 973 1215 eo
997 1176 1145 1215 habitu
1167 1177 1461 1223 honestatem,
1485 1176 1564 1215 sed
1585 1176 1750 1228 profes-

126 1249 259 1288 sionis
290 1248 618 1287 distinctionem
650 1249 812 1295 inesse,
845 1254 904 1295 ut,
938 1248 1120 1295 scilicet,
1152 1248 1212 1286 ita
1240 1248 1463 1286 theatinae
1493 1248 1607 1297 (utar
1637 1248 1749 1286 enim

127 1321 218 1358 eius
241 1318 406 1369 uerbis)
428 1332 452 1357 a
474 1319 778 1367 dominicanis,
802 1319 1097 1366 franciscanis,
1129 1317 1433 1367 carmelitanis‚
1471 1320 1750 1370 coeterisque

126 1392 343 1443 religiosis
365 1391 617 1429 mulieribus
640 1397 940 1430 secernantur.
965 1391 1205 1430 Coeterum
1228 1391 1381 1429 mulier
1402 1391 1528 1430 nullis
1551 1390 1751 1429 monachi

127 1463 270 1502 uerbis
293 1464 594 1513 acquiescens,
619 1463 705 1501 imo
724 1462 765 1500 in
785 1476 837 1501 eo
856 1464 956 1501 uelo
979 1476 1189 1501 summam
1212 1463 1501 1514 relligionem,
1524 1463 1749 1514 pietatem,

125 1535 403 1573 honestatem
427 1539 472 1572 et
493 1534 709 1572 muliebre
732 1533 943 1572 decorum
967 1546 1065 1572 esse
1086 1533 1280 1584 pluribus
1310 1534 1551 1573 rationibus
1574 1539 1752 1573 conten-

126 1605 249 1652 dens,
291 1605 359 1644 ztel
397 1603 543 1643 inuito
565 1603 646 1644 illo
687 1605 927 1652 monacho,
965 1605 1111 1643 uelata
1144 1604 1309 1643 incedit
1342 1606 1582 1656 hucusque.
1620 1606 1753 1657 Atqui

125 1677 338 1715 hactenus
361 1675 416 1714 de
439 1676 699 1715 mulieribus
720 1676 830 1715 haec
849 1688 988 1727 pauca
1009 1675 1126 1715 dicta
1147 1676 1376 1715 sufficiant.

179 1749 216 1787 8.
276 1748 402 1786 Nunc
434 1760 556 1796 uero,
581 1753 627 1786 ut
657 1760 734 1799 per
765 1747 922 1786 aetatis
952 1748 1112 1799 gradus
1148 1748 1484 1797 descendamus,
1521 1748 1576 1788 de
1607 1750 1752 1788 adole-

127 1819 349 1858 scentibus
384 1819 618 1870 puerisque
654 1819 726 1871 qui
746 1824 918 1858 nostras
954 1820 1127 1858 scholas
1154 1820 1331 1867 adeunt,
1354 1821 1548 1860 nonnihil
1578 1835 1752 1873 quoque

129 1891 302 1929 uidetur
324 1890 572 1929 dicendum.
600 1891 685 1941 Qui
705 1890 882 1942 quidem
905 1890 939 1929 si
961 1892 1032 1930 uel
1056 1904 1207 1930 eorum
1235 1891 1494 1931 modestiam
1518 1894 1589 1931 uel
1619 1893 1753 1943 pieta-

130 1968 217 2001 tem
240 1962 310 2001 uel
342 1967 539 2001 mutuum
562 1961 841 2000 christianum
872 1975 1066 2001 amorem
1098 1962 1443 2011 consideremus,
1472 1977 1559 2002 non
1590 1963 1754 2002 medio-

127 2046 245 2072 crem
286 2032 566 2084 suppeditant
607 2033 732 2071 nobis
772 2033 992 2072 scribendi
1031 2034 1271 2073 materiam.
1310 2035 1418 2072 Nam
1453 2035 1518 2084 (ut
1558 2035 1754 2074 omittam

129 2105 377 2144 scholarum
400 2104 727 2143 distinctionem
760 2111 804 2143 et
834 2104 1109 2156 quotidianas
1141 2106 1499 2153 exercitationes,
1524 2105 1578 2145 de
1600 2107 1754 2158 quibus

131 2177 214 2215 iam
245 2187 384 2227 pauca
412 2188 542 2227 supra
573 2176 816 2227 tetigimus)
846 2176 959 2215 inter
992 2189 1068 2215 eos
1099 2177 1335 2228 plerosque
1371 2178 1566 2228 reperies
1596 2179 1667 2229 qui
1697 2179 1756 2216 ita

132 2245 300 2286 nimias
340 2245 552 2286 libidines
587 2247 606 2272 d
642 2247 923 2295 abhorreant,
961 2248 1191 2286 illecebras
1227 2248 1519 2297 detestentur,
1562 2250 1756 2289 honores

126 2318 497 2368 perhorrescant,
524 2322 568 2356 ut
600 2318 641 2356 in
672 2318 826 2369 puerili
858 2324 1006 2357 aetate
1038 2319 1220 2357 senilem
1251 2320 1465 2370 quandam
1497 2321 1755 2360 modestiam

132 2402 235 2440 prae
258 2402 306 2427 se
327 2389 444 2427 ferre
467 2388 715 2428 uideantur.
740 2389 915 2428 Assidui
938 2396 1035 2428 sunt
1066 2392 1197 2429 rebus
1219 2391 1369 2439 sacris,
1393 2390 1434 2430 in
1470 2392 1755 2431 confessioni-

130 2461 211 2498 bus
231 2460 503 2511 frequentes,
528 2459 729 2512 adeoque
752 2466 797 2499 ut
818 2474 903 2500 non
927 2463 1064 2500 semel
1086 2468 1103 2487 e
1126 2463 1263 2501 solum
1289 2475 1343 2501 ex
1365 2463 1602 2502 Societatis
1623 2451 1756 2502 statu*-

128 2538 173 2571 to
207 2532 408 2571 confiteri
446 2532 632 2583 placeat,
667 2532 745 2572 sed
776 2532 949 2584 saepius
986 2539 1029 2572 et
1060 2533 1115 2572 de
1150 2539 1245 2573 tota
1279 2540 1379 2572 ante
1410 2540 1508 2573 acta
1537 2535 1626 2573 uita
1656 2547 1755 2574 con-

128 2604 347 2644 fiteantur.
378 2603 470 2644 Nec
491 2605 606 2644 deest
627 2603 746 2644 inter
767 2617 840 2645 eos
861 2604 940 2656 qui
960 2604 1088 2644 intra
1110 2607 1325 2656 quatuor,
1351 2606 1419 2645 nel
1443 2607 1502 2644 ad
1530 2618 1756 2646 stammam

178 2801 195 2819 a
217 2792 440 2830 Polancus
458 2791 618 2829 delevit
635 2790 738 2837 quod
759 2793 798 2827 et
815 2790 990 2835 scripsit
1007 2793 1049 2825 vt
1067 2789 1137 2826 hic
1155 2793 1194 2826 et
1212 2788 1383 2826 duobus
1408 2799 1491 2835 seq.
1519 2790 1634 2833 locis,
1662 2792 1758 2835 post

131 2852 288 2890 delevit
308 2857 348 2888 vt
368 2855 407 2889 et
425 2851 615 2888 restituit
632 2850 755 2897 quod.
811 2851 877 2875 —b
899 2849 1033 2886 Prius
1052 2848 1229 2886 videtur
1244 2849 1457 2894 scriptum
1477 2848 1527 2885 ab
1546 2848 1614 2885 illo
1633 2848 1756 2885 insec-

130 2917 280 2950 tantur.
332 2919 397 2938 -Ο
422 2911 580 2948 nobilis.
635 2911 701 2937 ——d
722 2923 745 2947 a
764 2909 941 2947 libidine.
996 2917 1060 2935 —e
1092 2907 1487 2946 Videturdeessein
1508 2920 1659 2945 mense.

183 3102 190 3121 ¹
244 3099 308 3139 Cf.
331 3099 457 3145 GAL..
479 3099 553 3146 VI,
578 3100 629 3137 14.
