2038 3400
521 227 642 264 325⁵*
656 227 884 264 MONAcfflo
915 229 927 265 l
954 228 1156 275 *IANUARu
1187 227 1274 262 1560
1594 227 1663 263 423

88 330 289 380 operarii,
325 336 369 367 et
391 343 475 380 quo
502 330 708 367 Martinus
738 337 756 355 ἢ
789 344 869 380 ope
902 330 1078 367 fratrum
1111 330 1381 375 subleuetur,
1405 342 1530 378 quem
1564 336 1627 366 tot
1660 343 1707 366 a(

86 407 171 438 tam
195 402 375 439 crebrae
398 413 509 451 pene
534 402 769 438 conficiunt
794 401 1044 438 conciones.

139 483 175 510 2.
236 473 316 510 Vbi
334 473 519 523 populus
536 473 660 522 plane
685 474 921 510 subuersus
939 477 1020 517 est,
1043 478 1086 509 et
1104 472 1417 509 catholicorum
1439 471 1709 520 praedicato-

85 556 177 580 rum
199 543 309 593 fugit
333 544 584 589 conciones,
610 544 723 581 nulla
746 558 844 594 spes
868 543 1040 580 videtur
1063 556 1159 580 esse
1184 543 1349 592 reliqua
1378 542 1456 579 nisi
1488 542 1527 578 in
1556 555 1710 591 puero-

86 627 177 650 mru
199 613 342 651 adhuc
365 615 713 664 incorruptorum
746 620 867 652 recta
889 620 931 652 et
951 614 1183 652 christiana
1201 613 1490 655 instituti‹)1ie;
1527 618 1569 649 at
1606 626 1709 649 uero

86 685 157 721 ubi
180 685 387 735 regiones
410 685 533 722 albae
557 691 654 721 sunt
677 685 729 722 ad
752 697 939 722 messem
973 689 997 730 ¹,
1041 684 1263 734 naecipua
1286 696 1387 721 cura
1410 683 1582 720 videtur
1615 695 1712 720 esse

85 755 330 793 adhibenda
372 756 485 793 circa
524 762 744 805 parentes,
787 757 941 806 quibus
977 755 1029 792 ad
1058 756 1285 793 sanitatem
1308 755 1544 800 reuocatis,
1567 755 1649 791 iam
1673 756 1711 791 in

84 832 284 877 promptu
310 833 376 865 est
399 827 633 864 liberorum
657 827 839 865 curatio.
866 828 919 864 Et
940 827 1024 864 huc
1047 826 1249 864 videntur
1272 832 1472 877 spectare
1496 825 1713 864 desideria

86 904 129 935 et
165 897 308 935 studia
339 898 521 935 istorum
552 898 790 948 principum
822 898 1136 935 catholicorum
1169 898 1446 944 Germaniae,
1479 897 1551 947 qui
1580 898 1712 946 pluris

83 969 247 1006 faciunt
269 969 443 1006 vnicum
461 969 757 1019 germanicum
776 969 1133 1006 concionatorem
1152 968 1330 1006 doctum
1348 974 1392 1006 et
1414 969 1710 1018 eloquentem,

83 1052 210 1089 quam
234 1040 461 1077 maximam
485 1040 653 1077 turbam
677 1041 939 1078 Ciceronum
962 1045 1006 1078 et
1028 1040 1272 1086 Platonum,
1296 1053 1479 1090 quorum
1502 1040 1647 1090 lingua
1670 1047 1712 1078 et

84 1111 272 1149 eruditio
294 1112 440 1161 pueris
470 1112 512 1149 in
547 1112 697 1149 schola
718 1110 944 1149 dumtaxat
973 1111 1184 1162 prodesse
1218 1112 1376 1149 ualeat.
1402 1111 1525 1149 Haec
1555 1111 1625 1148 ubi
1658 1125 1712 1149 ex

83 1182 264 1219 aliorum
297 1182 434 1232 magis
466 1187 751 1232 expertorum
782 1182 1006 1233 magisque
1040 1183 1311 1220 oculatorum
1343 1182 1555 1220 relatione
1579 1183 1625 1220 P.
1659 1183 1709 1220 V.

82 1254 304 1302 poenitius
326 1253 545 1294 didicerit,
570 1266 655 1291 non
678 1253 829 1291 dubito
848 1253 948 1304 quin
969 1254 1061 1303 ipsa
1082 1266 1358 1304 summopere
1382 1253 1436 1291 sit
1458 1253 1712 1304 aduigilatu-

84 1337 129 1361 ra
160 1330 205 1362 et
236 1323 433 1362 districte
465 1330 770 1375 praeceptura,
805 1330 851 1361 ut
881 1325 1019 1362 nostri
1048 1325 1204 1363 fratres
1227 1330 1272 1362 et
1292 1325 1363 1375 qui
1393 1324 1602 1362 idiomate
1632 1325 1713 1361 illis

84 1401 182 1432 sunt
213 1395 381 1442 affines,
403 1407 530 1446 quam
554 1396 879 1433 accuratissime
907 1395 960 1433 ad
982 1409 1135 1433 munus
1156 1395 1435 1446 praedicandi
1455 1408 1713 1446 praeparen-

85 1473 167 1504 tur.
192 1467 276 1504 Hic
298 1467 401 1504 satis
424 1472 580 1504 exacte
606 1480 830 1505 seruamus
858 1468 1052 1518 regulam
1076 1468 1182 1505 Pris.
1220 1467 1358 1505 nostri
1379 1467 1533 1518 Ignatij
1557 1468 1609 1505 de
1634 1481 1712 1504 vsu

84 1538 305 1576 vernaculi
328 1537 542 1576 sermonis
559 1538 600 1575 in
618 1538 814 1576 familiari
832 1543 876 1576 et
892 1537 1146 1589 quotidiana
1161 1539 1433 1589 loquutione.
1458 1538 1710 1589 Ingolstadij

83 1609 212 1646 etiam
233 1621 348 1646 nunc
369 1609 505 1646 maior
539 1609 668 1646 solito
700 1609 885 1646 habetur
917 1610 1010 1647 eius
1032 1610 1157 1647 ratio.
1181 1609 1225 1647 Si
1247 1610 1329 1647 iam
1360 1610 1445 1648 huc
1475 1610 1713 1648 accesserit

85 1680 130 1717 R.
156 1680 201 1717 P.
227 1680 276 1717 V.
302 1679 515 1726 stimulus,
555 1685 600 1717 et
636 1680 757 1717 uelut
788 1679 1001 1729 quaedam
1032 1693 1148 1718 noua
1178 1680 1452 1718 confirmatio
1483 1681 1596 1718 illius
1628 1686 1712 1718 tam

82 1750 357 1788 necessariae
390 1750 730 1797 constitutionis,
765 1750 896 1788 dubio
932 1752 1083 1800 procul
1118 1751 1211 1798 fiet,
1244 1756 1290 1788 ut
1319 1752 1444 1791 breui
1470 1764 1551 1789 nos
1573 1752 1712 1789 cuius-

83 1833 266 1872 cumque
290 1819 465 1859 tandem
487 1822 675 1859 nationis
697 1834 859 1867 sumus,
884 1827 1006 1859 recte
1030 1823 1263 1859 calleamus
1285 1835 1335 1860 ac
1361 1823 1623 1873 germanicis
1645 1835 1711 1860 ac-

83 1893 284 1931 centibus
315 1905 575 1931 resonemus
597 1905 845 1931 sermonem
866 1894 1177 1943 germanicum.

135 1975 172 2012 3.
233 1965 297 2002 Ex
319 1965 384 2002 his
401 1976 512 2012 quae
535 1965 734 2014 superius
755 1965 950 2003 breuiter
968 1966 1107 2015 attigi,
1127 1970 1364 2016 vtcumque
1387 1966 1596 2016 colligere
1618 1972 1711 2016 pot-

86 2042 153 2073 est
181 2036 227 2073 R.
252 2036 302 2073 V.
328 2036 374 2073 P.
401 2033 698 2073 conditionem
732 2036 879 2085 populi
910 2036 1035 2074 huius
1065 2036 1291 2086 primariae
1325 2037 1365 2074 in
1396 2037 1580 2074 Bauaria
1611 2037 1711 2075 ciui-

82 2107 197 2144 tatis.
232 2107 307 2144 Illa
337 2107 451 2144 enim
480 2119 557 2156 per
590 2111 655 2143 tot
687 2118 915 2144 sermones
936 2107 1063 2145 auida
1083 2108 1414 2158 perseuerantia
1447 2121 1533 2146 non
1562 2114 1711 2157 potest

83 2190 179 2215 esse
202 2177 283 2215 nisi
305 2177 475 2228 signum
497 2177 709 2215 bonarum
728 2178 1093 2216 conscientiarum
1126 2183 1169 2216 et
1196 2179 1405 2216 mentium
1428 2178 1480 2217 de
1505 2192 1582 2216 sua
1604 2180 1711 2217 salu-

81 2254 124 2286 te
157 2247 436 2286 solicitarum.
472 2246 602 2297 Quod
634 2253 679 2285 ut
710 2249 877 2297 planius
907 2249 1137 2300 intelligat,
1172 2261 1279 2287 ecce
1311 2249 1393 2286 alia
1423 2250 1545 2300 signa
1576 2250 1711 2300 magis

82 2319 286 2368 specialia
306 2331 357 2356 ac
378 2319 552 2368 propria
581 2319 825 2356 catholicae
860 2320 1035 2370 pietatis
1073 2319 1274 2358 ostendo.
1300 2320 1539 2358 Senatores
1569 2320 1639 2358 isti
1668 2326 1711 2358 et

81 2389 311 2437 consiliarij
337 2389 529 2435 ducales,
555 2395 598 2426 et
627 2402 756 2428 senes
777 2392 1034 2440 praesertim
1058 2392 1282 2441 Vtriusque
1315 2404 1446 2429 sexus
1476 2403 1707 2442 personae,

81 2461 238 2510 passim
261 2465 435 2511 gestant
458 2461 635 2508 rosaria,
665 2463 742 2499 viri
760 2461 934 2512 quidem
958 2475 1012 2500 ex
1033 2463 1311 2512 paucioribus
1333 2463 1466 2514 signis
1486 2464 1709 2514 preciosis,

83 2538 126 2568 et
156 2531 209 2579 ijs
240 2532 396 2569 crassis
427 2531 675 2571 admodum.
702 2532 768 2570 Ad
799 2534 910 2571 haec
931 2533 1103 2572 accedit
1133 2534 1428 2585 frequentatio
1461 2549 1709 2573 sermonum

82 2607 126 2639 et
157 2602 383 2640 missarum
413 2603 455 2640 in
487 2605 685 2641 omnibus
708 2604 881 2654 templis
904 2605 1106 2649 ciuitatis,
1140 2619 1321 2656 magnus
1353 2620 1590 2645 concursus
1623 2620 1708 2644 om-

80 2672 196 2709 nium
219 2672 271 2709 ad
295 2673 596 2723 excipiendam
619 2687 771 2725 aquam
794 2675 1088 2722 benedictam,
1113 2683 1377 2727 aspergente
1408 2683 1507 2728 post
1535 2678 1708 2727 quamli-

80 2744 155 2781 bet
185 2744 358 2781 missam
389 2745 638 2793 sacerdote,
663 2759 790 2797 quarn
821 2759 909 2784 non
945 2747 1084 2785 solum
1116 2749 1237 2785 vultu
1268 2754 1436 2799 aperto,
1472 2748 1548 2786 sed
1578 2749 1707 2786 etiarn

126 2885 146 2905 a
195 2885 251 2921 M.
276 2885 488 2924 Martinus.

128 3031 137 3050 ¹
190 3028 252 3067 Cf.
267 3029 434 3076 J0ANN.,
456 3030 529 3074 IV,
551 3032 607 3068 35.
